date,tid,price,amount,type
1505347236,21103280,3245.70,0.00368874,1
1505347232,21103279,3254.49,0.04882212,0
1505347232,21103278,3254.49,0.06709789,0
1505347226,21103277,3245.61,0.07744200,1
1505347194,21103257,3255.29,0.01140943,0
1505347190,21103256,3255.39,0.11605421,0
1505347190,21103255,3255.39,0.13419579,0
1505347160,21103245,3245.06,0.00229150,1
1505347160,21103244,3245.06,0.00242062,1
1505347160,21103243,3245.06,0.00242062,1
1505347159,21103240,3245.06,0.00329412,1
1505347131,21103218,3250.00,0.07234810,0
1505347105,21103188,3263.00,0.01000000,0
1505347097,21103187,3256.20,0.27486948,0
1505347080,21103181,3245.02,0.00412969,1
1505347079,21103180,3249.02,0.01000000,1
1505347075,21103173,3245.02,0.15810026,1
1505347068,21103165,3256.70,0.03756853,1
1505347068,21103164,3257.22,0.01000000,1
1505347066,21103157,3263.49,0.02610000,0
1505347066,21103156,3262.64,0.01000000,1
1505347059,21103150,3252.91,0.21746415,1
1505347059,21103145,3254.35,0.07500785,1
1505347057,21103127,3257.22,0.01910000,1
1505347052,21103108,3263.90,0.02175145,0
1505347042,21103104,3270.20,0.00623415,0
1505347042,21103103,3257.22,0.00376585,0
1505347040,21103102,3257.22,0.00242845,0
1505347039,21103100,3257.20,0.15069447,0
1505347032,21103099,3257.20,0.15075441,0
1505347011,21103080,3257.20,0.00326774,0
1505346993,21103075,3257.20,0.02936264,0
1505346989,21103074,3257.20,0.01768113,0
1505346974,21103069,3257.13,0.00157000,0
1505346932,21103054,3257.20,0.02951515,0
1505346794,21103024,3257.04,0.10348829,0
1505346773,21103009,3257.22,0.01567838,0
1505346747,21102993,3252.90,0.05643781,0
1505346712,21102973,3253.33,0.02955211,0
1505346667,21102936,3242.57,0.27718345,1
1505346618,21102914,3250.29,0.00320699,0
1505346498,21102799,3255.09,0.07941935,0
1505346496,21102796,3245.14,0.04047659,0
1505346492,21102785,3245.14,0.01435393,0
1505346492,21102784,3244.00,0.06056375,1
1505346491,21102781,3244.71,0.07458534,0
1505346491,21102779,3245.14,0.05485091,1
1505346489,21102771,3250.33,0.01000000,1
1505346486,21102751,3245.14,0.13140741,1
1505346484,21102742,3245.14,0.00008322,1
1505346481,21102732,3245.14,0.19000000,1
1505346481,21102731,3245.14,0.13206025,1
1505346481,21102729,3245.79,0.02187804,1
1505346480,21102727,3246.07,0.02186917,1
1505346480,21102723,3246.62,0.02419254,1
1505346478,21102711,3253.58,0.01000000,1
1505346473,21102666,3250.00,0.00835800,1
1505346467,21102639,3256.84,0.01000000,1
1505346466,21102638,3258.00,0.01345449,1
1505346464,21102631,3258.00,0.08736800,1
1505346452,21102590,3264.19,0.03027282,0
1505346432,21102574,3264.50,0.04562742,0
1505346370,21102552,3270.00,0.01000000,0
1505346354,21102550,3270.29,0.01000000,0
1505346200,21102472,3259.00,1.00331231,0
1505346173,21102438,3259.20,0.07912527,0
1505346172,21102436,3259.20,0.06823200,0
1505346153,21102428,3260.10,0.01000000,1
1505346143,21102419,3260.73,0.01000000,1
1505346125,21102411,3256.69,0.18508045,1
1505346125,21102410,3256.70,0.01491955,0
1505346120,21102406,3256.69,0.02187804,1
1505346118,21102405,3263.36,0.01000000,1
1505346114,21102403,3263.54,0.02970965,1
1505346114,21102402,3263.59,0.02175565,1
1505346112,21102401,3266.50,0.03451460,0
1505346093,21102393,3271.29,0.29537796,0
1505346012,21102320,3265.79,0.01479564,1
1505346012,21102318,3266.63,0.01000000,1
1505345986,21102291,3272.28,0.19999374,1
1505345984,21102287,3264.00,0.14700000,1
1505345983,21102286,3267.62,0.04300000,1
1505345983,21102285,3269.90,0.01000000,1
1505345980,21102282,3272.95,0.15172613,0
1505345975,21102276,3273.20,0.01100500,0
1505345973,21102273,3273.20,0.08719712,0
1505345973,21102272,3271.48,0.00052999,0
1505345972,21102268,3271.48,0.02947001,1
1505345967,21102256,3274.52,0.01000000,1
1505345966,21102253,3279.18,0.02647613,1
1505345966,21102251,3279.08,0.02909747,0
1505345965,21102250,3275.01,0.22160985,0
1505345950,21102240,3274.52,0.02763411,1
1505345926,21102196,3275.01,0.14286167,1
1505345925,21102190,3275.01,0.02175565,1
1505345925,21102189,3275.01,0.20000000,1
1505345917,21102172,3275.01,0.09224846,1
1505345916,21102171,3279.00,0.01162866,1
1505345916,21102169,3279.00,0.01000000,1
1505345916,21102167,3279.12,0.08612288,1
1505345908,21102128,3282.77,0.05789318,1
1505345709,21101999,3295.69,0.11873260,0
1505345673,21101971,3296.29,0.29015187,0
1505345660,21101949,3296.40,0.90781155,0
1505345619,21101908,3285.02,0.10611010,1
1505345619,21101907,3286.11,0.17147025,1
1505345597,21101900,3301.70,0.02560526,0
1505345595,21101899,3301.70,0.02025000,0
1505345594,21101898,3285.70,0.30859687,1
1505345592,21101897,3285.63,0.02889273,1
1505345592,21101896,3297.04,0.01000000,1
1505345579,21101888,3291.49,0.11204226,1
1505345579,21101886,3294.04,0.01000000,1
1505345575,21101880,3297.04,0.01529781,1
1505345553,21101852,3302.09,0.43929503,0
1505345545,21101849,3302.19,0.02690000,0
1505345432,21101820,3307.26,0.03544618,0
1505345401,21101810,3307.59,0.19906034,0
1505345132,21101744,3307.48,0.02572715,0
1505345122,21101739,3302.64,0.01000000,1
1505345104,21101737,3307.60,0.06936147,0
1505345089,21101731,3307.74,0.10448883,0
1505345089,21101730,3307.72,0.19268240,0
1505345089,21101729,3300.00,0.10000000,0
1505345088,21101728,3291.73,0.49685148,0
1505345056,21101724,3291.73,0.01000000,0
1505345049,21101723,3291.73,0.26096611,0
1505345049,21101722,3291.73,0.02940841,0
1505344950,21101696,3290.98,0.10496257,0
1505344944,21101688,3291.67,0.01000000,0
1505344944,21101687,3290.95,0.01000000,1
1505344923,21101672,3291.73,0.10523038,0
1505344915,21101667,3291.73,0.02884346,0
1505344892,21101645,3291.58,0.02859899,0
1505344863,21101616,3291.60,0.10954137,0
1505344863,21101615,3291.60,1.59099279,0
1505344841,21101603,3291.60,0.08975936,0
1505344829,21101597,3291.60,0.32709902,0
1505344810,21101593,3291.60,0.04320104,0
1505344809,21101592,3291.58,0.24608200,0
1505344757,21101573,3291.60,0.02206620,0
1505344722,21101564,3291.49,0.17896000,0
1505344667,21101527,3291.58,0.06025000,0
1505344655,21101518,3291.73,0.06065228,1
1505344584,21101463,3291.73,0.20000000,1
1505344556,21101454,3300.70,0.01170818,0
1505344556,21101453,3294.24,0.01162866,0
1505344536,21101451,3291.73,0.20000000,1
1505344532,21101449,3294.24,0.01000000,1
1505344528,21101448,3291.73,0.08000000,1
1505344527,21101447,3291.73,0.20000000,1
1505344522,21101446,3291.73,0.16844111,1
1505344522,21101445,3293.12,0.02155889,1
1505344520,21101444,3297.54,0.01000000,1
1505344504,21101434,3298.38,0.12000000,1
1505344453,21101377,3300.58,0.02619482,0
1505344435,21101372,3301.18,0.07138527,0
1505344395,21101358,3299.97,0.00151666,1
1505344394,21101357,3300.00,1.45546239,1
1505344394,21101356,3300.84,0.01000000,1
1505344390,21101355,3301.00,0.22556155,1
1505344353,21101351,3305.80,0.08468617,0
1505344290,21101342,3306.60,0.14753784,0
1505344283,21101340,3301.00,0.02480755,1
1505344279,21101337,3301.00,0.04961510,1
1505344278,21101336,3301.00,0.03923020,1
1505344278,21101335,3302.00,0.06000000,1
1505344270,21101333,3306.80,0.05952778,0
1505344251,21101326,3306.00,1.71148454,1
1505344241,21101322,3307.10,0.02257825,0
1505344231,21101321,3307.20,0.05212589,0
1505344171,21101306,3306.89,0.20020508,0
1505344164,21101304,3306.90,0.02770000,0
1505344145,21101301,3307.00,0.28052011,0
1505344119,21101295,3307.59,0.00153959,0
1505344118,21101294,3307.60,0.00307918,0
1505344112,21101293,3307.70,0.00615836,0
1505344110,21101292,3307.79,0.01231673,0
1505344110,21101291,3307.79,0.02875832,0
1505344107,21101290,3307.80,0.02463344,0
1505344102,21101288,3307.90,0.04926690,0
1505344099,21101287,3308.03,0.09853378,0
1505344092,21101283,3301.00,0.00293241,1
1505344043,21101274,3307.29,0.60327640,0
1505344034,21101272,3307.40,0.02103889,0
1505344027,21101271,3307.50,0.01475887,0
1505344010,21101266,3307.90,0.02977636,0
1505344007,21101264,3307.90,0.05161729,0
1505343888,21101217,3307.49,0.01410422,0
1505343835,21101202,3307.68,0.00302327,1
1505343720,21101171,3307.90,0.01985113,0
1505343707,21101164,3307.90,0.02000586,0
1505343690,21101162,3308.20,0.03928054,0
1505343566,21101101,3300.22,0.01020000,1
1505343564,21101100,3307.89,0.06031035,0
1505343557,21101094,3307.99,0.03277852,0
1505343506,21101065,3309.00,0.07484968,1
1505343505,21101064,3309.00,0.01256948,0
1505343335,21100978,3306.89,0.09320540,0
1505343303,21100933,3307.40,0.03814650,0
1505343261,21100925,3307.99,0.26720023,0
1505343223,21100909,3300.00,0.00964367,1
1505343197,21100897,3302.20,0.99695594,1
1505343195,21100895,3306.59,0.00151666,1
1505343090,21100782,3309.90,0.02850000,0
1505343084,21100781,3309.90,0.00151666,0
1505343082,21100780,3309.90,0.00151666,0
1505343064,21100779,3304.67,0.02367844,1
1505343064,21100778,3305.00,0.00328460,1
1505343064,21100776,3305.28,0.09053696,1
1505342946,21100705,3305.00,0.00671540,1
1505342946,21100704,3305.00,0.39328460,1
1505342945,21100702,3305.00,0.02552740,1
1505342945,21100701,3309.00,0.02817376,0
1505342943,21100700,3309.07,0.23263046,1
1505342943,21100698,3309.07,0.52098309,0
1505342904,21100690,3309.57,0.11342662,0
1505342895,21100686,3309.77,0.29097817,1
1505342883,21100685,3308.89,0.10601687,0
1505342866,21100676,3305.00,0.03138800,1
1505342858,21100666,3309.40,1.01687990,0
1505342843,21100659,3305.00,0.04980000,1
1505342811,21100649,3307.70,0.50000000,0
1505342798,21100637,3300.19,0.09910572,0
1505342798,21100636,3302.36,0.01000000,1
1505342796,21100634,3303.05,0.01000000,1
1505342786,21100627,3308.67,0.35754220,0
1505342772,21100625,3309.40,0.01109600,0
1505342724,21100611,3309.40,2.00000000,0
1505342698,21100583,3309.44,0.01000000,0
1505342684,21100572,3309.10,0.02844070,0
1505342650,21100543,3300.06,0.00362561,1
1505342631,21100523,3309.88,0.02000000,0
1505342615,21100508,3300.50,0.00586483,1
1505342611,21100507,3300.50,0.01172964,1
1505342607,21100505,3300.41,0.02345929,1
1505342605,21100504,3300.40,0.04691857,1
1505342601,21100502,3300.40,0.05890945,1
1505342601,21100501,3300.41,0.03492769,1
1505342593,21100496,3309.88,0.01232568,0
1505342592,21100495,3309.88,0.06845374,0
1505342587,21100494,3300.11,4.29184863,1
1505342586,21100493,3300.12,0.18000000,1
1505342586,21100492,3305.70,2.00000000,1
1505342586,21100491,3305.70,3.49350000,1
1505342586,21100490,3306.13,0.02465137,0
1505342584,21100489,3306.13,0.01000000,1
1505342583,21100488,3310.00,0.04930274,0
1505342580,21100487,3310.00,0.09860548,0
1505342573,21100486,3310.00,0.50000000,0
1505342572,21100484,3310.00,0.00619940,0
1505342520,21100460,3310.00,0.50000000,0
1505342516,21100455,3310.00,0.18101511,0
1505342509,21100450,3310.00,1.08490030,0
1505342422,21100385,3307.00,0.01500000,1
1505342393,21100317,3298.80,1.49740037,1
1505342392,21100315,3298.74,0.98641286,1
1505342392,21100314,3298.76,0.27425564,1
1505342387,21100310,3310.00,0.15358430,0
1505342387,21100309,3309.97,0.27425564,0
1505342382,21100301,3298.52,0.06247652,1
1505342382,21100299,3304.20,0.01000000,1
1505342378,21100291,3310.00,0.61190986,0
1505342377,21100288,3310.00,0.02886753,0
1505342375,21100283,3305.10,0.64696648,1
1505342372,21100278,3304.90,0.02155889,0
1505342371,21100274,3302.44,0.05812482,1
1505342365,21100269,3298.31,1.40145400,1
1505342365,21100268,3298.31,0.06098064,1
1505342365,21100267,3298.31,0.03901936,1
1505342365,21100266,3301.12,0.01000000,1
1505342364,21100264,3302.43,0.02149613,1
1505342364,21100263,3304.20,1.42000000,1
1505342364,21100262,3304.81,0.87251000,1
1505342357,21100251,3304.30,1.43323015,1
1505342351,21100248,3304.30,0.17714753,0
1505342351,21100247,3304.30,0.87349177,0
1505342350,21100244,3304.42,0.01000000,1
1505342350,21100243,3304.81,0.57797387,1
1505342350,21100242,3304.81,0.29453613,1
1505342343,21100235,3304.80,0.02369887,1
1505342321,21100215,3310.00,0.30000000,0
1505342301,21100207,3310.00,0.02000000,0
1505342293,21100206,3310.00,0.26737314,0
1505342266,21100192,3304.20,0.07883340,1
1505342256,21100181,3310.00,0.01000000,0
1505342247,21100175,3310.00,0.29192719,0
1505342244,21100173,3310.00,1.47766470,0
1505342241,21100171,3315.59,0.00208944,1
1505342219,21100161,3322.80,0.28715350,0
1505342204,21100146,3323.37,0.02045742,0
1505342176,21100127,3315.59,0.00791056,1
1505342176,21100125,3315.59,0.01566293,1
1505342136,21100093,3315.59,0.18338768,0
1505342136,21100092,3315.58,0.10094939,0
1505342112,21100043,3315.58,0.11023942,0
1505342111,21100042,3315.58,0.01025000,0
1505342094,21100013,3315.59,0.19987392,0
1505342094,21100012,3315.58,0.02149613,1
1505342085,21100001,3315.59,0.11673840,0
1505342085,21100000,3315.00,0.24353466,0
1505342084,21099999,3313.00,0.07943394,0
1505342074,21099985,3304.80,0.56177356,1
1505342073,21099984,3305.00,0.38858774,1
1505342073,21099983,3305.00,0.08659283,1
1505342073,21099982,3311.00,0.00151012,1
1505342045,21099956,3305.10,0.20685452,1
1505342044,21099955,3305.13,0.11324138,1
1505342040,21099949,3313.00,0.02140121,0
1505342037,21099947,3313.00,0.01916485,0
1505342037,21099946,3311.00,0.00608277,0
1505342037,21099945,3311.00,0.00405238,0
1505341993,21099911,3311.00,0.01138408,0
1505341992,21099910,3310.00,0.01742051,0
1505341955,21099890,3310.00,0.00896488,0
1505341955,21099889,3310.00,0.02092688,0
1505341955,21099887,3310.00,0.01210457,0
1505341920,21099848,3310.00,0.02143906,0
1505341918,21099845,3310.00,0.04552949,0
1505341917,21099844,3310.00,0.22089951,0
1505341917,21099842,3309.91,0.01000000,0
1505341917,21099839,3309.38,0.01000000,0
1505341915,21099836,3308.12,0.01494352,0
1505341907,21099820,3304.06,0.26715602,1
1505341905,21099815,3308.12,0.00659438,0
1505341905,21099814,3308.01,0.00608981,0
1505341904,21099813,3307.00,0.00200000,0
1505341890,21099806,3303.95,0.01200555,1
1505341882,21099795,3304.00,1.14003546,1
1505341881,21099794,3304.00,0.04330033,1
1505341865,21099756,3307.98,0.02774201,0
1505341845,21099730,3306.88,0.01000000,1
1505341844,21099728,3307.98,0.01133894,0
1505341820,21099718,3307.98,0.01000000,0
1505341809,21099707,3301.44,0.26890108,1
1505341797,21099692,3300.99,9.44005643,0
1505341797,21099691,3300.97,0.87020133,0
1505341784,21099686,3300.99,0.10009014,0
1505341763,21099679,3300.79,0.15025000,0
1505341721,21099662,3292.30,0.59032980,1
1505341699,21099650,3292.00,0.39369706,1
1505341688,21099617,3292.11,1.02151840,1
1505341670,21099608,3293.63,0.33777692,1
1505341665,21099605,3300.98,0.03183113,0
1505341647,21099598,3292.60,0.18878554,1
1505341644,21099594,3300.99,0.26323646,0
1505341488,21099436,3293.00,0.00899339,1
1505341488,21099435,3294.00,0.01332000,1
1505341435,21099387,3300.90,0.02689872,0
1505341434,21099386,3300.89,0.01842777,0
1505341382,21099373,3291.73,0.05000000,1
1505341325,21099349,3300.99,0.19661697,0
1505341325,21099348,3300.98,0.03000000,0
1505341325,21099347,3300.89,0.03685553,0
1505341254,21099320,3304.79,0.14824807,0
1505341254,21099319,3304.79,0.07371106,0
1505341246,21099313,3308.01,0.49391019,0
1505341245,21099312,3306.61,0.01000000,0
1505341245,21099310,3306.07,0.01000000,0
1505341245,21099308,3304.89,0.04000000,0
1505341244,21099307,3304.88,0.12060348,1
1505341244,21099306,3304.88,0.17806421,1
1505341243,21099305,3304.88,0.14742212,0
1505341237,21099302,3292.27,0.07914800,1
1505341209,21099288,3305.49,0.27257986,0
1505341203,21099280,3291.30,0.47945726,1
1505341086,21099233,3305.50,0.02776281,0
1505341085,21099229,3305.50,0.04258165,0
1505341084,21099228,3305.50,0.03135944,0
1505341064,21099214,3305.60,0.01297145,0
1505341045,21099205,3300.00,0.06482117,1
1505340996,21099185,3300.00,0.01950383,1
1505340984,21099147,3304.98,0.03020000,0
1505340954,21099137,3305.47,0.01255542,1
1505340952,21099136,3305.47,0.01761880,0
1505340947,21099130,3305.58,1.00000000,0
1505340945,21099127,3300.00,0.06567500,1
1505340945,21099126,3300.00,0.00160000,1
1505340935,21099121,3305.70,0.00200000,0
1505340931,21099117,3305.87,0.00788127,0
1505340905,21099107,3306.00,0.02278144,0
1505340904,21099106,3302.76,0.01000000,0
1505340904,21099105,3300.00,0.05156751,0
1505340885,21099092,3300.00,0.07057930,0
1505340864,21099083,3300.00,0.05610529,0
1505340843,21099067,3300.00,0.01850389,0
1505340823,21099058,3299.48,0.01760922,0
1505340813,21099051,3299.50,0.02149700,0
1505340811,21099050,3285.10,0.05362112,1
1505340800,21099046,3287.14,0.04828513,1
1505340800,21099045,3287.17,0.08076928,1
1505340789,21099031,3300.00,0.03164245,0
1505340788,21099030,3299.98,0.15849723,0
1505340788,21099029,3299.96,0.09100000,0
1505340783,21099022,3299.95,0.02281147,0
1505340744,21099012,3299.95,0.00847553,0
1505340720,21099004,3285.90,0.05472518,1
1505340720,21099003,3289.01,0.06201572,1
1505340720,21099002,3289.01,0.00267320,1
1505340719,21099001,3289.01,0.01201276,1
1505340719,21099000,3289.01,0.01202153,1
1505340719,21098999,3289.01,0.06077679,1
1505340718,21098998,3289.11,0.04822321,1
1505340718,21098997,3289.01,0.15050000,1
1505340717,21098995,3289.13,0.01814693,1
1505340706,21098978,3289.01,0.80407721,1
1505340705,21098970,3289.00,0.44348312,1
1505340704,21098967,3299.98,0.05721224,0
1505340692,21098955,3299.90,0.01194272,1
1505340691,21098949,3299.98,0.05698553,1
1505340691,21098948,3299.98,0.74957300,1
1505340687,21098927,3299.98,0.38000000,1
1505340645,21098824,3300.00,0.11558913,0
1505340633,21098815,3299.98,0.25000000,1
1505340621,21098802,3300.00,0.00601515,0
1505340607,21098782,3299.98,0.11093638,0
1505340607,21098781,3299.92,0.45250351,0
1505340601,21098774,3287.81,0.16669474,0
1505340599,21098772,3298.50,0.09830526,1
1505340599,21098771,3299.04,0.01000000,1
1505340590,21098767,3287.53,0.45250351,1
1505340590,21098766,3295.74,0.01000000,1
1505340587,21098764,3299.98,0.00608277,0
1505340587,21098763,3299.98,0.01543646,0
1505340578,21098751,3300.00,0.03693927,0
1505340578,21098750,3300.00,0.10000000,0
1505340578,21098749,3300.00,2.60756193,0
1505340578,21098748,3300.00,0.08862844,0
1505340578,21098746,3299.98,0.02130013,0
1505340577,21098745,3298.95,0.02159779,0
1505340577,21098744,3298.76,0.00212187,0
1505340577,21098743,3298.50,0.02475000,0
1505340576,21098742,3296.03,0.12000000,0
1505340547,21098737,3295.79,0.70125523,0
1505340546,21098736,3293.57,0.01000000,0
1505340502,21098702,3292.20,2.17326286,0
1505340502,21098701,3286.72,0.07000000,0
1505340472,21098664,3292.33,0.01000000,1
1505340468,21098657,3293.59,0.01000000,1
1505340466,21098655,3295.60,0.01000000,0
1505340465,21098654,3295.60,0.01000000,0
1505340463,21098653,3295.62,0.01000000,1
1505340450,21098638,3295.80,0.02153790,0
1505340443,21098619,3295.00,0.22123823,1
1505340440,21098616,3296.02,0.01052451,0
1505340440,21098615,3296.02,0.05000000,1
1505340439,21098614,3296.02,0.14446641,0
1505340439,21098613,3295.00,0.10000000,0
1505340439,21098612,3295.00,1.15690000,0
1505340438,21098611,3291.90,0.00964850,0
1505340438,21098610,3291.90,0.01199553,0
1505340438,21098609,3290.00,0.10000000,0
1505340438,21098608,3290.00,2.76964984,0
1505340438,21098607,3290.00,0.98946233,1
1505340437,21098606,3289.99,10.00000000,0
1505340437,21098604,3289.98,0.01000000,1
1505340437,21098603,3289.98,0.13802682,1
1505340437,21098602,3281.83,1.96853555,0
1505340436,21098600,3281.79,0.05000000,1
1505340436,21098598,3279.99,8.79734417,0
1505340434,21098595,3279.97,0.51591278,0
1505340423,21098581,3279.76,0.01053767,0
1505340384,21098560,3279.81,0.01060302,0
1505340364,21098548,3278.70,0.00853955,0
1505340341,21098530,3267.34,0.52713231,0
1505340341,21098528,3267.34,0.71729884,0
1505340341,21098527,3267.34,0.05609760,1
1505340323,21098516,3279.76,0.00858258,0
1505340316,21098505,3279.80,0.02886509,0
1505340315,21098502,3279.79,0.01178026,0
1505340304,21098499,3279.69,0.04504167,0
1505340287,21098458,3279.90,0.71744320,0
1505340287,21098457,3279.83,0.02356052,0
1505340285,21098456,3265.14,0.03062787,1
1505340257,21098425,3264.23,0.23278934,1
1505340257,21098424,3264.23,0.03805126,1
1505340252,21098416,3277.54,0.41800664,1
1505340251,21098413,3277.54,0.03755877,1
1505340249,21098411,3279.99,1.12839646,0
1505340249,21098410,3279.98,0.05000000,0
1505340247,21098405,3279.97,0.03807104,0
1505340243,21098400,3279.97,0.00905000,0
1505340200,21098378,3279.99,0.07425937,0
1505340200,21098376,3279.98,0.06000000,0
1505340200,21098375,3279.98,0.08799208,0
1505340198,21098374,3279.98,0.00625000,0
1505340191,21098371,3279.98,0.15225135,0
1505340191,21098370,3279.98,0.07000000,0
1505340188,21098367,3276.41,0.02355457,0
1505340187,21098365,3276.41,0.01478480,0
1505340153,21098341,3261.18,0.03485694,1
1505340148,21098332,3261.07,0.00575782,0
1505340144,21098325,3261.07,0.72500000,0
1505340141,21098323,3260.00,1.62803399,0
1505340141,21098322,3260.00,11.00857667,0
1505340091,21098292,3259.90,0.02175023,0
1505340065,21098274,3260.00,0.01438430,0
1505340046,21098264,3259.90,0.04742949,0
1505339987,21098240,3259.99,0.00200000,0
1505339970,21098234,3259.90,0.91843615,0
1505339947,21098226,3259.90,0.00858285,0
1505339945,21098223,3259.90,0.11800075,0
1505339937,21098221,3259.50,0.03110000,0
1505339902,21098213,3259.99,0.66495940,1
1505339901,21098212,3259.99,0.10000000,0
1505339863,21098203,3258.90,0.08685498,0
1505339847,21098200,3259.90,0.01845000,0
1505339845,21098198,3259.90,0.01478480,0
1505339829,21098197,3259.90,0.01438077,0
1505339827,21098195,3259.90,0.00867179,0
1505339822,21098194,3259.90,0.03702261,0
1505339771,21098184,3259.90,0.00927265,0
1505339766,21098177,3259.90,0.02815117,0
1505339744,21098170,3259.30,0.00925000,0
1505339711,21098167,3259.87,0.08113646,1
1505339710,21098166,3259.87,0.14444232,0
1505339585,21098089,3259.87,0.07029903,0
1505339533,21098077,3259.90,0.01534427,0
1505339525,21098074,3259.77,0.11671834,0
1505339493,21098061,3259.27,0.18365400,0
1505339483,21098059,3259.70,0.02887798,0
1505339482,21098058,3258.87,0.30000000,1
1505339454,21098043,3259.90,0.01529802,0
1505339453,21098042,3259.87,0.06119876,0
1505339404,21098023,3259.57,0.30700000,0
1505339385,21098012,3259.60,0.03175021,0
1505339266,21097963,3259.90,0.14951817,0
1505339246,21097957,3259.67,0.11668755,0
1505339181,21097938,3259.90,0.08543184,0
1505339180,21097937,3260.00,0.19266871,1
1505339178,21097936,3259.79,0.09000000,0
1505339178,21097935,3259.79,0.02332007,0
1505339172,21097932,3246.90,0.07271054,0
1505339172,21097930,3247.07,0.01312259,1
1505339170,21097928,3247.10,0.91416687,1
1505339160,21097916,3250.00,0.02192307,1
1505339158,21097911,3259.48,0.09939728,1
1505339157,21097910,3259.48,0.10000000,0
1505339148,21097906,3247.00,0.20000000,0
1505339148,21097905,3247.00,0.20000000,0
1505339144,21097901,3246.62,0.38462273,1
1505339144,21097900,3249.14,0.01220612,1
1505339144,21097899,3249.14,0.00964850,1
1505339144,21097898,3250.00,0.20000000,1
1505339144,21097897,3250.00,0.10000000,1
1505339144,21097896,3250.00,0.12513949,1
1505339144,21097895,3251.65,0.02036468,1
1505339144,21097894,3252.35,0.10511997,1
1505339143,21097893,3252.91,0.04289851,1
1505339125,21097883,3259.60,0.00854055,0
1505339124,21097881,3259.68,0.03003751,0
1505339107,21097867,3259.90,0.61204638,1
1505339104,21097865,3259.79,0.06000000,0
1505339104,21097864,3259.73,0.05251158,0
1505339050,21097820,3259.73,0.20176633,0
1505338986,21097785,3259.90,0.11668147,0
1505338947,21097766,3260.00,0.01202365,0
1505338925,21097753,3260.00,0.02815031,0
1505338918,21097751,3260.00,0.02000000,0
1505338915,21097750,3260.00,0.02000000,0
1505338912,21097749,3260.00,0.02000000,0
1505338910,21097748,3260.00,0.02000000,0
1505338909,21097747,3260.00,0.02925976,0
1505338907,21097746,3260.00,0.02000000,0
1505338904,21097745,3260.00,0.02000000,0
1505338901,21097744,3260.00,0.02000000,0
1505338898,21097738,3260.00,0.02000000,0
1505338892,21097736,3260.00,0.02000000,0
1505338888,21097733,3260.00,0.02000000,0
1505338886,21097729,3260.00,0.02000000,0
1505338883,21097728,3260.00,0.02000000,0
1505338880,21097727,3260.00,0.02000000,0
1505338877,21097696,3260.00,0.02000000,0
1505338873,21097694,3260.00,0.02000000,0
1505338870,21097692,3260.00,0.02000000,0
1505338867,21097691,3260.00,0.02000000,0
1505338867,21097690,3260.00,0.02499975,0
1505338865,21097689,3260.00,0.02000000,0
1505338862,21097688,3260.00,0.04007362,0
1505338862,21097687,3260.00,0.02000000,0
1505338859,21097683,3260.00,0.02000000,0
1505338857,21097682,3260.00,0.02000000,0
1505338854,21097680,3260.00,0.02000000,0
1505338847,21097676,3260.00,0.02000000,0
1505338845,21097673,3260.00,0.00902201,0
1505338844,21097672,3260.00,0.02000000,0
1505338841,21097671,3260.00,0.02000000,0
1505338838,21097670,3260.00,0.02000000,0
1505338837,21097669,3260.00,0.10100000,0
1505338835,21097668,3260.00,0.02000000,0
1505338833,21097666,3260.00,0.02000000,0
1505338831,21097665,3260.00,0.02000000,0
1505338828,21097664,3260.00,0.02000000,0
1505338825,21097663,3260.00,0.02000000,0
1505338822,21097660,3260.00,0.02000000,0
1505338820,21097659,3260.00,0.02000000,0
1505338817,21097658,3260.00,0.02000000,0
1505338814,21097657,3260.00,0.02000000,0
1505338811,21097656,3260.00,0.02000000,0
1505338808,21097655,3260.00,0.02000000,0
1505338803,21097653,3260.00,0.02878967,0
1505338803,21097652,3260.00,0.02000000,0
1505338800,21097651,3260.00,0.02000000,0
1505338798,21097648,3260.00,0.02000000,0
1505338793,21097647,3260.00,0.02000000,0
1505338790,21097646,3260.00,0.30598160,0
1505338790,21097645,3260.00,0.02000000,0
1505338787,21097643,3261.07,0.02000000,0
1505338784,21097642,3261.07,0.02000000,0
1505338782,21097641,3261.07,0.02000000,0
1505338779,21097640,3261.07,0.01478862,0
1505338779,21097639,3261.07,0.02000000,0
1505338775,21097637,3261.07,0.02000000,0
1505338772,21097635,3261.07,0.02000000,0
1505338769,21097634,3261.07,0.02000000,0
1505338766,21097633,3261.00,0.12146575,0
1505338756,21097627,3257.84,0.09168170,1
1505338755,21097626,3258.75,0.01000000,1
1505338752,21097625,3261.07,0.28572917,0
1505338742,21097624,3261.07,0.03160000,0
1505338717,21097612,3261.07,0.01529252,0
1505338708,21097609,3261.00,0.06117755,0
1505338707,21097608,3261.00,0.11634030,0
1505338682,21097598,3261.00,0.03504753,1
1505338680,21097596,3261.07,0.03495683,0
1505338678,21097591,3261.07,0.03499688,0
1505338663,21097580,3261.00,0.06319000,0
1505338659,21097578,3261.00,0.08209110,0
1505338654,21097573,3261.00,0.41726287,0
1505338650,21097569,3264.88,0.01000000,1
1505338650,21097568,3264.89,0.20187816,1
1505338629,21097563,3269.58,0.10025000,0
1505338628,21097562,3269.55,0.01446545,0
1505338614,21097557,3254.31,0.08000000,1
1505338609,21097551,3261.07,0.09880315,1
1505338575,21097545,3269.61,0.30000000,0
1505338555,21097538,3269.80,0.01000000,0
1505338544,21097534,3269.39,0.01433767,0
1505338540,21097533,3269.47,0.30000000,0
1505338531,21097529,3269.75,0.61013958,0
1505338524,21097526,3269.45,0.01431241,0
1505338507,21097523,3268.50,0.30000000,0
1505338472,21097515,3269.90,0.00851742,0
1505338470,21097514,3267.99,0.02932939,0
1505338469,21097513,3268.00,0.11614705,0
1505338468,21097512,3267.95,0.00440915,0
1505338424,21097498,3269.27,0.01661284,0
1505338412,21097496,3269.59,0.05413958,0
1505338410,21097495,3269.39,0.01725000,0
1505338393,21097492,3269.89,0.07023857,0
1505338391,21097491,3269.78,0.00863173,0
1505338374,21097480,3269.89,0.12347020,0
1505338366,21097469,3274.10,0.00844040,0
1505338364,21097467,3252.91,4.82716082,0
1505338364,21097466,3252.91,0.36000000,0
1505338364,21097465,3252.91,0.05000000,0
1505338363,21097464,3258.00,0.14190053,1
1505338363,21097461,3262.01,0.10918245,1
1505338362,21097460,3263.00,2.56930000,1
1505338362,21097459,3263.00,0.74307740,0
1505338362,21097458,3263.01,0.29991010,0
1505338360,21097457,3263.03,0.89946870,1
1505338300,21097434,3263.37,0.00366837,1
1505338284,21097431,3274.60,0.02441515,0
1505338234,21097418,3274.49,0.01521069,0
1505338224,21097417,3274.58,0.16206913,0
1505338203,21097408,3274.80,0.02067615,0
1505338184,21097393,3275.38,0.01381000,0
1505338146,21097356,3274.99,0.00342020,0
1505338146,21097355,3274.98,0.05463541,0
1505338044,21097331,3277.18,0.00855793,0
1505338006,21097297,3278.17,0.00863202,0
1505337963,21097284,3274.39,0.01864841,0
1505337946,21097278,3274.56,0.05721623,0
1505337921,21097263,3274.62,0.00456847,0
1505337903,21097252,3274.79,0.10802809,0
1505337903,21097251,3274.79,0.02186917,0
1505337899,21097249,3258.01,0.02186917,1
1505337893,21097246,3258.00,4.85809947,1
1505337893,21097245,3258.01,0.20715053,1
1505337892,21097244,3258.02,0.38000000,1
1505337892,21097243,3259.22,0.00018267,1
1505337892,21097242,3259.22,0.02159779,1
1505337892,21097240,3260.00,1.00000000,1
1505337891,21097238,3260.00,0.10000000,1
1505337891,21097236,3260.00,0.00200000,1
1505337891,21097234,3260.00,0.01837423,1
1505337891,21097233,3260.01,0.08000000,1
1505337890,21097232,3261.26,2.57550000,0
1505337889,21097231,3261.27,0.75709531,1
1505337888,21097230,3261.26,0.12007981,1
1505337880,21097225,3275.00,0.26629365,0
1505337865,21097217,3269.38,0.05052057,0
1505337833,21097209,3269.27,0.05000000,0
1505337811,21097196,3260.81,0.05000000,1
1505337806,21097192,3269.20,0.05000000,0
1505337803,21097191,3269.29,0.08647855,0
1505337787,21097186,3273.68,0.05048633,0
1505337727,21097162,3274.89,0.11611124,0
1505337696,21097145,3273.10,3.04910635,0
1505337685,21097143,3273.39,0.02970565,0
1505337666,21097137,3273.59,0.01842437,0
1505337620,21097075,3274.39,3.04790511,0
1505337604,21097072,3274.76,0.01462104,0
1505337600,21097068,3274.57,2.04773757,1
1505337599,21097067,3274.57,1.00000000,0
1505337586,21097063,3275.00,0.11450822,0
1505337560,21097048,3263.23,0.31708283,0
1505337560,21097047,3263.23,0.95291717,0
1505337547,21097038,3275.80,0.44187243,0
1505337542,21097017,3275.70,0.12179896,0
1505337537,21097015,3276.50,2.75512589,1
1505337537,21097014,3276.01,0.24626994,0
1505337535,21097013,3273.49,0.04462438,0
1505337466,21096984,3274.09,0.48764824,0
1505337466,21096983,3274.08,0.02431961,0
1505337423,21096936,3274.69,0.01713402,0
1505337420,21096934,3274.70,0.25119500,0
1505337415,21096929,3260.01,0.00278902,1
1505337411,21096924,3260.01,0.00557805,1
1505337408,21096920,3260.70,0.01115610,1
1505337404,21096915,3260.63,0.02231219,1
1505337403,21096914,3275.79,0.00967188,0
1505337401,21096911,3260.58,0.04462438,1
1505337398,21096905,3260.54,0.02380867,1
1505337398,21096904,3265.42,0.05127399,1
1505337397,21096903,3265.43,0.01416611,1
1505337384,21096898,3276.08,0.00851496,0
1505337361,21096876,3274.58,0.02958711,0
1505337359,21096873,3274.55,0.12184880,0
1505337324,21096861,3263.10,0.15777553,1
1505337319,21096858,3275.13,1.68450386,1
1505337318,21096857,3274.62,0.02317383,0
1505337318,21096856,3274.59,0.99125231,0
1505337305,21096850,3274.62,0.00182617,1
1505337304,21096849,3277.00,0.00874369,0
1505337302,21096848,3277.03,0.00000341,1
1505337295,21096844,3277.03,0.03259659,1
1505337289,21096840,3283.79,0.01835426,0
1505337287,21096839,3283.80,0.02874227,0
1505337285,21096837,3283.89,0.00863123,0
1505337284,21096836,3275.12,0.00000400,1
1505337283,21096834,3275.12,0.02149845,1
1505337258,21096822,3284.80,0.03025000,0
1505337242,21096808,3260.84,0.16078958,1
1505337242,21096807,3260.87,0.92472129,1
1505337242,21096806,3275.00,0.00200000,1
1505337242,21096805,3275.00,0.93703928,1
1505337241,21096804,3275.12,0.06417504,1
1505337241,21096803,3275.20,2.57190000,1
1505337224,21096763,3275.00,0.02574080,1
1505337223,21096762,3275.20,0.00442063,1
1505337209,21096752,3275.20,0.07057937,0
1505337205,21096750,3275.20,5.00000000,0
1505337204,21096749,3275.20,0.10183141,0
1505337204,21096748,3275.19,0.03000000,0
1505337166,21096738,3275.00,0.00598135,1
1505337164,21096737,3275.20,0.00511267,0
1505337164,21096736,3275.19,0.03000000,0
1505337159,21096733,3275.20,0.07025000,0
1505337158,21096732,3275.19,0.03000000,0
1505337143,21096729,3275.19,0.03000000,0
1505337120,21096715,3275.19,0.00200000,0
1505337106,21096712,3275.20,0.00415852,0
1505337104,21096711,3275.19,0.04000000,0
1505337084,21096706,3275.19,0.01195621,0
1505337073,21096703,3275.19,0.01517821,0
1505337049,21096692,3275.20,0.50569296,0
1505337046,21096691,3275.40,2.56610000,1
1505337032,21096685,3275.20,0.02200000,1
1505337025,21096684,3283.80,0.05202378,0
1505337024,21096683,3283.99,0.14376515,0
1505337019,21096678,3284.00,0.01519956,0
1505337018,21096676,3284.09,0.10025000,0
1505337006,21096675,3284.19,0.11542393,0
1505336997,21096669,3284.39,0.00212430,0
1505336965,21096653,3284.89,0.05188807,0
1505336948,21096647,3277.20,0.65585016,1
1505336946,21096646,3285.29,1.00967351,1
1505336946,21096644,3285.29,0.43255838,0
1505336923,21096636,3285.79,0.02955273,0
1505336920,21096635,3285.89,0.20000000,0
1505336905,21096630,3286.36,0.15176365,0
1505336877,21096619,3283.72,0.02313875,0
1505336815,21096597,3285.58,0.00198139,0
1505336790,21096592,3275.17,0.13648034,1
1505336785,21096589,3282.99,0.01173747,0
1505336780,21096588,3287.00,0.08392688,1
1505336779,21096585,3282.99,0.20000000,1
1505336779,21096584,3286.99,0.13601662,1
1505336778,21096580,3283.39,0.02053994,0
1505336777,21096579,3282.99,0.05226000,0
1505336765,21096576,3283.18,0.03910084,0
1505336765,21096575,3279.00,0.01829562,0
1505336755,21096571,3275.00,0.00200000,1
1505336751,21096570,3279.00,0.01170438,0
1505336749,21096569,3283.79,0.01419603,0
1505336718,21096518,3284.80,0.30367146,0
1505336716,21096516,3284.99,0.08993150,0
1505336715,21096515,3284.99,0.00910809,0
1505336704,21096514,3285.20,0.01594983,0
1505336676,21096499,3275.00,0.02923857,1
1505336654,21096494,3275.10,0.04287896,1
1505336651,21096493,3279.79,0.02853134,0
1505336649,21096491,3279.79,0.03082491,0
1505336645,21096489,3287.00,0.06979616,0
1505336645,21096487,3287.00,0.20601458,1
1505336644,21096486,3280.00,0.63874249,0
1505336644,21096485,3279.79,0.06000000,0
1505336642,21096484,3279.00,0.61557709,0
1505336627,21096463,3279.00,0.20949516,0
1505336592,21096452,3279.00,0.01800000,0
1505336566,21096441,3279.00,0.00866955,0
1505336546,21096433,3279.00,0.05865069,0
1505336545,21096432,3279.00,0.08960751,0
1505336540,21096430,3279.90,0.02433001,1
1505336536,21096425,3280.00,0.08206097,0
1505336534,21096423,3279.89,0.07000000,0
1505336525,21096421,3279.90,0.01520778,0
1505336510,21096412,3279.90,0.06003183,0
1505336505,21096410,3279.90,0.01141158,0
1505336504,21096409,3279.90,0.05051715,0
1505336465,21096386,3279.37,0.01523232,0
1505336426,21096377,3279.80,0.08927383,0
1505336424,21096373,3279.90,0.02874395,0
1505336363,21096322,3279.90,0.01626489,0
1505336342,21096309,3273.60,0.07216900,1
1505336323,21096305,3279.90,0.01429321,0
1505336304,21096296,3279.90,0.02870215,0
1505336287,21096295,3279.90,0.05048942,0
1505336258,21096282,3273.20,0.11694136,1
1505336256,21096281,3275.00,0.02000000,1
1505336246,21096278,3278.90,0.02225000,0
1505336244,21096277,3278.90,0.03042968,0
1505336240,21096273,3278.87,0.07497820,0
1505336234,21096272,3275.00,0.01000000,1
1505336206,21096259,3279.70,0.05676968,0
1505336206,21096257,3279.70,0.04689902,0
1505336183,21096253,3279.62,0.02928208,0
1505336053,21096199,3279.67,0.25025000,0
1505336024,21096160,3280.00,0.02957880,0
1505336017,21096156,3279.97,0.10025000,0
1505336016,21096153,3280.00,0.03007127,0
1505335906,21096047,3279.47,0.01519564,0
1505335905,21096046,3273.60,0.47057821,1
1505335903,21096045,3275.00,0.05493503,1
1505335895,21096039,3279.60,0.03041529,0
1505335885,21096035,3279.67,0.11951000,0
1505335875,21096028,3279.80,0.00323473,0
1505335865,21096017,3279.90,0.02797951,0
1505335864,21096014,3279.90,0.01156079,0
1505335859,21096009,3275.00,0.02349014,1
1505335843,21096003,3279.67,0.02863092,0
1505335830,21095994,3280.00,0.00853527,0
1505335826,21095993,3279.99,0.01516048,0
1505335824,21095991,3279.50,0.02528856,0
1505335820,21095984,3279.50,0.03350000,0
1505335815,21095978,3279.57,0.03009538,0
1505335804,21095953,3279.68,0.02962782,0
1505335799,21095945,3273.10,0.90018267,1
1505335797,21095943,3273.11,0.09981733,1
1505335786,21095934,3279.60,0.14596208,0
1505335777,21095931,3279.69,0.01899807,0
1505335747,21095890,3279.97,0.03570601,0
1505335728,21095877,3271.51,0.40370378,1
1505335699,21095824,3271.29,0.00018267,1
1505335647,21095763,3270.97,0.02368532,1
1505335637,21095744,3288.10,0.13225000,1
1505335636,21095742,3285.00,0.00800000,0
1505335636,21095741,3284.35,0.05000000,0
1505335634,21095735,3284.27,0.10000000,0
1505335633,21095733,3284.28,0.03037195,0
1505335620,21095726,3271.13,0.39644117,0
1505335606,21095716,3284.69,0.02921326,0
1505335599,21095703,3284.70,2.09669931,0
1505335598,21095702,3284.49,0.06000000,0
1505335598,21095701,3284.23,0.34330069,0
1505335579,21095677,3284.79,0.00524054,0
1505335566,21095662,3284.67,0.02793862,0
1505335561,21095656,3284.80,0.01000000,0
1505335560,21095655,3284.77,0.01000000,0
1505335534,21095647,3287.79,0.01262786,0
1505335530,21095640,3287.58,0.00479078,0
1505335530,21095638,3283.46,0.02046496,0
1505335527,21095637,3283.46,0.04135956,0
1505335526,21095636,3283.45,0.00915191,0
1505335525,21095635,3283.42,0.02501150,0
1505335523,21095634,3283.45,0.09084809,0
1505335523,21095633,3283.44,0.01017485,0
1505335517,21095625,3266.13,0.39625081,1
1505335515,21095623,3283.46,0.09256810,0
1505335514,21095622,3283.45,0.05746757,0
1505335513,21095621,3283.45,0.01253243,0
1505335508,21095618,3283.46,0.13458200,0
1505335507,21095617,3283.44,0.07000000,0
1505335507,21095614,3278.80,0.07805739,0
1505335507,21095613,3278.80,0.12730183,0
1505335505,21095610,3278.77,0.15562932,0
1505335500,21095607,3278.80,0.00204587,0
1505335498,21095605,3278.80,0.00409174,0
1505335484,21095590,3279.16,0.02772559,1
1505335483,21095589,3279.22,0.02876398,0
1505335481,21095587,3279.16,0.30000000,0
1505335447,21095565,3279.30,0.01077758,0
1505335447,21095564,3279.29,0.01398285,0
1505335425,21095543,3279.46,0.11730670,0
1505335423,21095541,3279.44,0.02981127,0
1505335412,21095532,3260.34,0.01220612,1
1505335412,21095531,3279.59,0.01199553,0
1505335373,21095482,3257.40,0.00437796,1
1505335373,21095481,3257.41,0.48544059,1
1505335365,21095469,3282.80,0.03558712,0
1505335364,21095467,3282.80,0.01467905,0
1505335363,21095462,3283.49,0.00000447,0
1505335362,21095461,3283.46,0.48543612,1
1505335361,21095457,3283.46,0.51455941,1
1505335344,21095439,3284.09,0.01001974,0
1505335344,21095437,3283.95,0.02000000,0
1505335338,21095428,3272.72,0.01075959,0
1505335335,21095423,3272.72,0.05924041,0
1505335334,21095422,3272.71,0.01575959,0
1505335330,21095417,3250.00,0.07486051,1
1505335330,21095416,3250.00,0.00200000,1
1505335330,21095415,3254.44,0.03000000,1
1505335330,21095414,3255.63,0.19840554,1
1505335330,21095413,3255.71,0.11000000,1
1505335330,21095412,3255.71,0.53000000,1
1505335330,21095411,3257.74,0.01000000,1
1505335330,21095410,3257.94,0.01200000,1
1505335329,21095409,3257.94,0.03273395,1
1505335327,21095405,3284.05,0.26440534,1
1505335327,21095404,3284.05,0.02853911,0
1505335327,21095403,3272.78,0.03030757,0
1505335326,21095400,3272.73,0.07000000,0
1505335326,21095397,3272.71,0.49150000,1
1505335325,21095394,3272.66,0.55912622,1
1505335325,21095392,3272.66,0.03151917,0
1505335317,21095382,3272.68,0.00818349,0
1505335313,21095379,3272.65,0.01636698,0
1505335311,21095376,3272.68,0.03273395,0
1505335295,21095369,3269.63,0.09253713,1
1505335295,21095368,3269.92,0.01000000,0
1505335294,21095367,3269.63,0.06000000,0
1505335292,21095365,3269.93,0.15047082,0
1505335268,21095314,3269.98,0.05881229,0
1505335268,21095313,3269.98,0.14032195,0
1505335267,21095312,3269.98,0.03405088,0
1505335267,21095311,3267.20,0.02336527,0
1505335267,21095310,3265.00,0.91758588,0
1505335265,21095307,3265.00,0.08968472,0
1505335265,21095306,3263.78,0.08000000,0
1505335265,21095304,3263.57,0.08122183,0
1505335261,21095302,3263.55,0.01527494,1
1505335243,21095287,3264.29,0.04225000,0
1505335220,21095276,3262.19,0.01625000,0
1505335213,21095275,3261.00,0.01000000,1
1505335213,21095274,3261.00,0.00111686,1
1505335212,21095271,3261.00,0.05000000,1
1505335204,21095269,3262.18,0.07514952,0
1505335199,21095266,3261.00,0.28952215,1
1505335198,21095265,3261.00,0.14844463,1
1505335166,21095261,3267.20,0.01522534,0
1505335165,21095260,3267.20,1.12636556,0
1505335165,21095259,3262.87,0.20815251,0
1505335164,21095258,3262.78,0.16244366,0
1505335161,21095257,3261.00,0.02548268,1
1505335150,21095254,3261.00,0.10607862,1
1505335140,21095243,3265.71,0.20292812,1
1505335140,21095242,3262.87,0.00530766,0
1505335139,21095241,3262.55,0.09196264,0
1505335136,21095239,3262.55,0.00803736,0
1505335078,21095209,3261.00,0.49898433,1
1505335061,21095204,3261.00,0.30028674,1
1505335055,21095197,3261.00,0.30028674,1
1505335048,21095195,3261.00,0.00188620,1
1505335043,21095194,3261.00,0.09952562,1
1505335043,21095193,3261.00,0.48917100,1
1505335043,21095192,3261.00,0.08888260,1
1505335040,21095190,3264.09,0.01523118,0
1505335028,21095174,3261.00,0.30033183,1
1505335004,21095157,3264.67,0.07495957,0
1505334982,21095152,3265.89,0.01013655,0
1505334967,21095145,3270.10,0.02873836,0
1505334965,21095144,3270.12,0.01432330,0
1505334964,21095141,3270.18,0.02998876,0
1505334945,21095130,3270.60,0.00865325,0
1505334938,21095129,3246.62,0.34926968,1
1505334938,21095128,3249.99,0.55000000,1
1505334937,21095126,3253.95,0.00382021,1
1505334937,21095124,3253.96,0.09691011,1
1505334935,21095120,3270.90,0.04116909,0
1505334934,21095119,3253.96,0.00308989,1
1505334932,21095118,3253.95,0.00617979,1
1505334928,21095117,3250.00,0.45084482,0
1505334928,21095116,3249.97,0.01235957,1
1505334927,21095115,3250.00,1.00000000,0
1505334927,21095114,3250.00,0.96675518,0
1505334926,21095113,3250.20,2.58240000,1
1505334925,21095112,3271.18,0.05002797,0
1505334924,21095111,3249.90,0.02471915,1
1505334921,21095110,3249.91,0.04943829,1
1505334916,21095108,3249.46,0.08887658,1
1505334916,21095107,3257.21,0.01000000,1
1505334905,21095103,3271.69,0.24954897,0
1505334897,21095093,3271.99,0.00623658,0
1505334884,21095092,3272.37,0.03016463,0
1505334875,21095091,3265.20,0.00224682,0
1505334873,21095089,3265.29,0.00449364,0
1505334869,21095086,3265.30,0.00898728,0
1505334865,21095085,3265.39,0.01797455,0
1505334862,21095080,3265.40,0.03594911,0
1505334855,21095076,3265.30,0.29895431,0
1505334855,21095075,3265.30,0.14980197,0
1505334848,21095070,3254.30,0.53840329,1
1505334848,21095069,3255.00,0.00200000,1
1505334848,21095068,3255.42,0.30529040,1
1505334847,21095067,3257.25,0.00530766,1
1505334847,21095066,3260.00,0.00800000,1
1505334847,21095065,3260.40,0.12728500,1
1505334847,21095064,3260.47,0.01000000,1
1505334847,21095063,3260.48,0.00371365,1
1505334846,21095062,3265.30,0.02949209,0
1505334825,21095057,3260.48,0.00660147,1
1505334815,21095049,3265.40,0.03031200,0
1505334798,21095037,3272.78,0.03031211,0
1505334786,21095029,3273.00,0.02803849,0
1505334764,21095022,3275.50,0.14380806,0
1505334750,21095020,3275.70,0.00844610,0
1505334748,21095019,3275.89,0.01031512,0
1505334726,21095011,3276.20,0.06393688,0
1505334705,21094997,3272.49,0.02420912,0
1505334705,21094995,3272.49,0.04789445,0
1505334703,21094992,3276.79,0.64112406,0
1505334702,21094991,3272.47,0.01586570,1
1505334702,21094990,3272.47,0.41168364,0
1505334681,21094979,3261.66,0.30678753,1
1505334668,21094975,3277.53,0.02951918,1
1505334667,21094974,3277.53,0.02940561,0
1505334600,21094951,3260.47,0.13430172,1
1505334585,21094920,3279.39,0.07097356,1
1505334585,21094916,3279.39,0.00566572,0
1505334585,21094915,3272.54,0.02304081,0
1505334584,21094912,3272.50,0.01514100,1
1505334584,21094910,3272.50,2.98730000,0
1505334584,21094906,3272.49,0.55582734,0
1505334584,21094903,3272.47,0.31514739,1
1505334583,21094900,3272.47,0.01586875,1
1505334583,21094898,3272.47,0.61183297,1
1505334545,21094837,3273.29,0.02870653,0
1505334543,21094836,3273.33,0.01430311,0
1505334483,21094819,3275.73,0.05868558,0
1505334481,21094815,3275.79,0.11527366,0
1505334456,21094810,3276.70,0.07499780,0
1505334456,21094809,3276.83,0.01517834,0
1505334443,21094804,3277.10,0.01429888,0
1505334425,21094791,3277.40,0.28305364,0
1505334424,21094789,3277.39,0.01490087,0
1505334418,21094778,3277.49,0.30000000,0
1505334402,21094764,3258.15,0.02304081,0
1505334401,21094761,3258.15,0.46308004,1
1505334385,21094746,3278.49,0.29485428,0
1505334383,21094745,3278.60,0.11965248,0
1505334371,21094742,3257.61,0.07341262,0
1505334370,21094741,3260.42,0.09178265,1
1505334370,21094740,3263.33,0.00030473,1
1505334368,21094739,3265.70,0.03450000,1
1505334344,21094731,3274.80,0.01958500,0
1505334327,21094729,3275.54,0.02941935,0
1505334287,21094715,3276.80,0.08569076,0
1505334230,21094700,3263.53,0.30400000,1
1505334224,21094698,3274.60,0.01427628,0
1505334184,21094656,3263.33,0.00247263,1
1505334176,21094649,3276.00,6.17129012,1
1505334172,21094640,3276.00,0.21217494,1
1505334167,21094635,3276.00,0.21217494,1
1505334165,21094633,3279.17,0.05855484,0
1505334153,21094624,3276.00,0.02192192,1
1505334069,21094594,3276.01,0.08236275,1
1505334066,21094591,3283.47,0.08989254,0
1505334046,21094566,3283.57,0.00346996,0
1505334046,21094565,3276.04,0.01072699,0
1505334016,21094551,3276.00,0.70965100,1
1505334004,21094545,3276.00,0.13955240,1
1505334004,21094544,3276.04,0.10000000,0
1505334004,21094542,3276.00,0.02022840,1
1505334001,21094535,3276.00,1.46856012,1
1505334000,21094533,3276.02,0.75517091,1
1505333998,21094529,3276.01,0.25441015,1
1505333997,21094525,3285.00,0.29904817,1
1505333996,21094523,3285.00,0.15075404,1
1505333995,21094522,3276.00,2.57330000,1
1505333994,21094521,3276.00,0.54114616,1
1505333994,21094520,3273.89,0.02000000,0
1505333982,21094509,3274.39,0.06522880,0
1505333962,21094502,3276.45,0.00000131,1
1505333959,21094498,3276.45,0.02999869,1
1505333950,21094493,3263.33,0.00366803,1
1505333948,21094490,3277.90,0.02910861,0
1505333947,21094486,3277.90,0.11999450,1
1505333947,21094485,3275.88,0.02000000,0
1505333929,21094479,3276.16,0.01438911,0
1505333928,21094478,3276.31,0.01005039,0
1505333928,21094477,3276.19,0.02000000,0
1505333926,21094476,3276.31,0.00858601,0
1505333924,21094475,3263.51,0.01076206,1
1505333917,21094471,3276.40,0.00326551,0
1505333906,21094460,3276.75,0.00997577,0
1505333849,21094393,3278.74,0.02875184,0
1505333848,21094392,3278.74,0.05651592,0
1505333846,21094389,3278.72,0.03673264,0
1505333846,21094388,3267.12,0.00532179,0
1505333842,21094380,3263.33,0.00644539,0
1505333834,21094370,3263.33,0.07247241,0
1505333789,21094347,3261.40,0.29000000,0
1505333789,21094346,3261.40,0.23565949,0
1505333789,21094345,3258.70,0.06434051,0
1505333764,21094333,3258.70,0.30023878,0
1505333725,21094281,3258.70,0.00152822,0
1505333720,21094271,3258.68,0.03809672,0
1505333703,21094225,3246.80,1.28158312,1
1505333684,21094200,3258.27,0.03005863,0
1505333667,21094187,3245.71,0.07758235,1
1505333657,21094176,3245.51,0.81986210,1
1505333645,21094158,3258.27,0.07041160,0
1505333635,21094146,3257.95,0.03061722,0
1505333606,21094098,3241.51,0.40883221,1
1505333606,21094097,3241.51,0.20258620,1
1505333604,21094091,3241.51,0.54411758,1
1505333603,21094090,3241.51,0.27900806,1
1505333602,21094087,3241.50,0.11938847,1
1505333600,21094085,3241.50,0.07787812,1
1505333599,21094082,3241.31,0.05243663,1
1505333587,21094046,3258.73,0.11080332,1
1505333586,21094045,3258.73,0.03000000,0
1505333586,21094042,3240.91,0.06709227,1
1505333578,21094029,3240.61,0.14556716,1
1505333576,21094024,3240.60,0.08637907,1
1505333575,21094022,3240.60,0.17856647,1
1505333573,21094021,3240.53,0.28238464,0
1505333573,21094020,3240.53,1.00000000,0
1505333572,21094016,3255.35,0.23303279,1
1505333572,21094015,3258.74,1.40429612,1
1505333571,21094012,3258.74,0.10369902,0
1505333571,21094010,3255.35,0.06696721,1
1505333567,21093999,3240.41,0.15536835,1
1505333563,21093981,3279.19,0.02868391,1
1505333562,21093980,3279.20,1.59556294,0
1505333561,21093978,3279.19,0.60000000,1
1505333561,21093976,3279.19,0.01000000,1
1505333561,21093974,3261.40,0.63946056,0
1505333560,21093972,3261.39,0.04000000,0
1505333560,21093971,3258.74,0.15627288,0
1505333559,21093969,3258.30,0.00532000,0
1505333544,21093953,3258.30,0.00532179,1
1505333537,21093945,3261.37,0.09564855,0
1505333537,21093944,3259.00,0.30945124,0
1505333537,21093942,3257.70,0.04000000,0
1505333526,21093927,3257.70,0.05000000,0
1505333517,21093912,3255.44,0.02455172,0
1505333504,21093894,3255.35,0.02183652,0
1505333500,21093890,3255.35,0.00185519,1
1505333496,21093889,3255.35,0.05000000,1
1505333493,21093884,3255.35,0.19814481,0
1505333486,21093879,3237.10,0.31000000,1
1505333481,21093876,3236.91,0.54877396,1
1505333475,21093870,3236.83,0.12807808,1
1505333473,21093868,3255.43,0.05126196,0
1505333469,21093857,3261.29,0.03050020,1
1505333469,21093855,3260.00,0.06958953,0
1505333468,21093852,3255.44,0.50990000,0
1505333468,21093851,3255.44,0.01200000,1
1505333467,21093848,3255.43,0.05000000,1
1505333465,21093844,3251.16,0.04798381,0
1505333445,21093809,3229.60,0.28800347,1
1505333440,21093802,3229.51,0.22308844,1
1505333435,21093799,3229.40,0.08574387,1
1505333434,21093798,3229.32,0.01200000,1
1505333431,21093797,3229.30,0.33864323,1
1505333431,21093796,3229.30,0.19146199,1
1505333430,21093795,3229.33,0.04828251,1
1505333424,21093783,3257.22,0.31007074,1
1505333423,21093782,3256.45,0.06000000,0
1505333423,21093779,3256.38,0.01812983,1
1505333423,21093778,3256.38,0.10000000,1
1505333422,21093777,3256.37,0.47600730,1
1505333422,21093773,3256.30,2.00000000,1
1505333420,21093770,3251.16,0.10000000,1
1505333398,21093752,3251.08,1.00000000,0
1505333380,21093713,3242.80,0.55376475,0
1505333379,21093707,3220.80,0.79183288,1
1505333379,21093704,3226.94,0.03627589,1
1505333379,21093702,3227.20,3.03870000,1
1505333378,21093701,3227.31,0.10000000,1
1505333378,21093700,3227.35,0.19510802,1
1505333377,21093696,3242.86,0.76635762,0
1505333363,21093678,3243.55,0.04935929,0
1505333363,21093677,3243.29,0.01000000,0
1505333363,21093676,3243.28,0.06000000,0
1505333363,21093675,3234.51,0.99810177,0
1505333363,21093674,3226.94,0.03625967,0
1505333359,21093672,3228.30,1.28863078,0
1505333359,21093671,3228.00,0.70596362,0
1505333359,21093670,3226.55,0.00540560,0
1505333351,21093656,3220.00,0.25779079,0
1505333349,21093654,3220.00,0.11804797,0
1505333347,21093650,3220.00,0.17972000,0
1505333343,21093645,3220.00,0.18114700,0
1505333343,21093643,3220.00,0.11799746,0
1505333339,21093637,3220.00,0.03550000,0
1505333337,21093633,3220.00,0.11794882,0
1505333332,21093623,3220.00,0.11790140,0
1505333331,21093619,3220.00,0.31853105,0
1505333331,21093618,3220.00,1.07330996,0
1505333331,21093617,3220.00,0.02580779,0
1505333331,21093616,3220.00,0.65265675,0
1505333329,21093610,3220.00,0.30918700,0
1505333328,21093607,3220.00,0.02196700,0
1505333326,21093605,3220.00,0.11785430,0
1505333325,21093603,3220.00,0.02196120,0
1505333324,21093601,3220.00,0.01186957,0
1505333321,21093596,3220.00,0.10195652,0
1505333321,21093595,3220.00,0.11780750,0
1505333316,21093589,3220.00,0.05000000,0
1505333314,21093588,3220.00,0.58940253,0
1505333314,21093587,3220.00,0.31877400,0
1505333307,21093583,3220.00,0.02036832,0
1505333306,21093581,3220.00,0.04646584,0
1505333306,21093580,3220.00,0.01488685,0
1505333304,21093578,3220.00,0.05000000,0
1505333290,21093570,3227.90,0.23839088,0
1505333287,21093568,3218.81,0.40000000,1
1505333285,21093567,3228.00,0.30025000,0
1505333270,21093553,3218.20,0.00238422,1
1505333270,21093549,3218.20,0.00238642,1
1505333270,21093547,3218.20,0.00291896,1
1505333263,21093526,3217.91,0.15846988,1
1505333249,21093525,3217.63,0.14287000,1
1505333235,21093502,3217.20,0.45331715,1
1505333232,21093499,3229.77,0.01196694,0
1505333228,21093488,3213.51,0.00229655,0
1505333228,21093486,3214.10,0.00432000,1
1505333227,21093483,3216.43,0.06218074,1
1505333225,21093481,3220.00,0.00606021,1
1505333225,21093480,3220.04,0.12514250,1
1505333216,21093470,3216.60,0.00606021,0
1505333214,21093466,3220.00,0.00405590,1
1505333205,21093463,3229.43,0.06008921,0
1505333190,21093460,3229.67,0.19630600,0
1505333186,21093459,3229.90,0.01442285,0
1505333185,21093458,3229.90,0.15441655,0
1505333184,21093457,3229.90,0.00901864,0
1505333180,21093451,3229.57,0.12105926,0
1505333180,21093449,3229.57,0.09072296,0
1505333171,21093440,3222.01,0.15000000,1
1505333170,21093439,3224.20,0.05000000,0
1505333163,21093437,3222.04,0.04461957,1
1505333157,21093435,3229.67,0.08982800,0
1505333143,21093427,3225.00,0.97187369,0
1505333142,21093426,3225.00,0.02812631,1
1505333141,21093425,3230.00,1.19560000,0
1505333141,21093424,3229.90,2.59240000,0
1505333134,21093419,3229.90,0.01000000,0
1505333110,21093368,3230.00,0.95000000,0
1505333110,21093367,3229.99,0.05000000,0
1505333102,21093360,3225.00,0.02187369,1
1505333096,21093352,3229.89,0.00155000,0
1505333079,21093340,3229.90,1.00000000,0
1505333070,21093336,3229.90,0.45000000,0
1505333070,21093335,3229.89,0.05000000,0
1505333055,21093332,3229.70,0.13860246,0
1505333055,21093331,3229.68,0.86139754,0
1505333038,21093317,3229.99,0.05000000,0
1505333033,21093314,3229.80,0.94000000,0
1505333033,21093313,3229.49,0.06000000,0
1505333022,21093288,3229.58,0.04632800,0
1505333005,21093280,3230.00,0.07232668,0
1505333002,21093279,3229.90,0.05000000,0
1505333001,21093278,3229.90,1.00000000,0
1505332999,21093276,3230.00,0.00799477,1
1505332999,21093275,3230.00,0.07195295,1
1505332987,21093270,3230.00,0.02005228,1
1505332987,21093269,3230.00,0.27397572,1
1505332987,21093268,3233.69,0.01094681,1
1505332985,21093267,3233.69,0.06000000,0
1505332966,21093259,3233.90,0.24475043,0
1505332964,21093258,3233.89,0.01772369,0
1505332942,21093226,3234.51,0.00189823,0
1505332938,21093220,3230.00,0.19620354,1
1505332938,21093219,3233.50,0.00379646,0
1505332935,21093217,3230.00,0.17842842,1
1505332935,21093216,3231.77,0.00215852,1
1505332934,21093215,3243.18,0.00759292,0
1505332930,21093211,3243.29,0.01518584,0
1505332929,21093206,3232.53,0.09257455,1
1505332929,21093205,3238.47,0.03037168,1
1505332925,21093202,3234.51,0.01081915,0
1505332917,21093196,3234.50,0.98932501,1
1505332916,21093194,3234.51,0.67500000,0
1505332912,21093193,3234.51,0.31418085,0
1505332911,21093192,3243.79,0.00156250,0
1505332907,21093181,3243.79,0.00312500,0
1505332906,21093179,3243.80,0.00941766,0
1505332904,21093176,3243.99,0.00625000,0
1505332900,21093171,3243.99,0.01250000,0
1505332897,21093166,3244.00,0.02500000,0
1505332897,21093165,3244.00,0.30323348,0
1505332892,21093158,3244.00,0.04999999,0
1505332889,21093156,3243.99,0.09999999,0
1505332881,21093153,3234.51,0.08513651,1
1505332848,21093134,3246.09,0.01301758,0
1505332848,21093133,3246.07,0.01000000,0
1505332832,21093129,3234.51,0.11259247,1
1505332802,21093115,3246.29,0.01504545,0
1505332788,21093107,3246.39,0.03174371,0
1505332788,21093106,3246.17,0.01355300,0
1505332787,21093105,3246.10,0.28706984,0
1505332761,21093087,3245.67,0.00000261,1
1505332756,21093082,3245.67,0.54999739,1
1505332749,21093077,3246.59,0.04173600,0
1505332749,21093075,3245.19,0.20767968,0
1505332749,21093074,3245.18,0.02710600,0
1505332749,21093073,3244.90,0.00844490,0
1505332747,21093072,3244.90,0.01983333,0
1505332745,21093071,3244.90,0.02828130,0
1505332741,21093062,3234.58,0.04589908,0
1505332735,21093059,3236.35,0.55684903,0
1505332728,21093055,3246.60,0.40099478,1
1505332727,21093054,3245.19,0.87251000,0
1505332727,21093053,3245.00,0.05421201,1
1505332726,21093052,3245.00,2.83420000,0
1505332723,21093051,3244.80,0.02897228,0
1505332720,21093049,3245.09,0.05985100,0
1505332706,21093045,3244.59,0.04847000,0
1505332667,21093032,3244.69,0.01434306,0
1505332666,21093031,3244.69,0.04550876,0
1505332665,21093030,3244.70,0.00994729,0
1505332663,21093029,3244.89,0.02019690,0
1505332663,21093028,3244.89,0.22567595,0
1505332655,21093025,3236.31,0.11949900,1
1505332649,21093018,3236.30,0.02273497,1
1505332648,21093017,3236.30,0.02273497,1
1505332647,21093016,3236.46,0.00200000,0
1505332625,21093010,3245.88,0.02827268,0
1505332622,21093008,3245.90,0.07682615,0
1505332594,21092991,3246.58,0.00307400,0
1505332585,21092988,3246.70,0.04490216,0
1505332584,21092987,3237.00,0.01121268,1
1505332583,21092986,3237.00,0.01099800,0
1505332579,21092980,3237.00,0.10000000,0
1505332512,21092922,3250.30,0.00224002,0
1505332509,21092919,3243.80,0.00448003,0
1505332506,21092915,3243.80,0.00896007,0
1505332504,21092912,3243.80,0.03011242,0
1505332494,21092909,3243.80,0.01792014,0
1505332491,21092908,3243.80,0.03584026,0
1505332485,21092903,3243.80,0.04343743,0
1505332472,21092901,3236.30,0.43411092,1
1505332472,21092900,3238.00,0.01000000,1
1505332461,21092888,3238.00,0.10841153,1
1505332438,21092864,3250.80,0.30208173,0
1505332430,21092837,3251.00,0.09856854,0
1505332428,21092836,3251.00,0.12034333,0
1505332427,21092835,3251.09,0.03159304,0
1505332380,21092773,3251.79,0.01531030,0
1505332295,21092747,3252.30,0.00168052,0
1505332294,21092744,3252.30,0.00336105,0
1505332291,21092742,3238.27,0.00244495,0
1505332291,21092741,3240.90,0.01000000,1
1505332289,21092739,3252.39,0.00672211,0
1505332289,21092738,3252.39,0.01150524,0
1505332285,21092736,3252.40,0.01344421,0
1505332283,21092734,3252.49,0.02688842,0
1505332279,21092733,3252.50,0.00209616,0
1505332274,21092731,3252.60,0.00419231,0
1505332271,21092730,3252.65,0.00838463,0
1505332268,21092729,3254.00,0.01676927,0
1505332253,21092720,3254.19,0.06134548,0
1505332244,21092718,3255.70,0.77088853,0
1505332244,21092717,3254.39,0.10000000,0
1505332243,21092716,3254.17,0.12936147,0
1505332229,21092715,3240.90,0.00384700,1
1505332228,21092714,3240.91,0.12500000,1
1505332223,21092712,3254.70,0.01451662,1
1505332219,21092709,3240.91,0.03460000,1
1505332217,21092708,3240.91,0.12936147,0
1505332216,21092706,3242.19,0.03353853,1
1505332216,21092704,3244.65,0.03660000,1
1505332215,21092703,3252.90,0.01530567,0
1505332215,21092702,3252.90,0.30114905,0
1505332214,21092701,3256.18,0.12800000,1
1505332210,21092695,3254.69,0.03677770,0
1505332187,21092683,3254.89,0.02896506,0
1505332186,21092678,3254.89,0.02944836,0
1505332163,21092671,3255.10,0.05919028,0
1505332154,21092666,3255.18,0.03037059,0
1505332153,21092665,3255.18,0.18222437,0
1505332142,21092654,3255.60,0.11699533,0
1505332125,21092635,3256.00,0.00614251,0
1505332125,21092634,3256.00,0.02868261,0
1505332123,21092632,3256.00,0.00860902,0
1505332109,21092623,3256.39,0.00306167,0
1505332100,21092619,3256.68,0.03048384,0
1505332083,21092608,3257.20,0.04350292,0
1505332064,21092605,3257.79,0.02917718,0
1505332057,21092601,3257.99,0.06268429,1
1505332056,21092596,3250.00,0.00694731,0
1505331988,21092555,3250.00,0.03069231,0
1505331985,21092554,3250.00,0.02959625,0
1505331983,21092552,3250.00,0.01048721,0
1505331983,21092551,3249.99,0.03404397,0
1505331964,21092528,3241.18,0.07059077,0
1505331948,21092515,3250.00,0.01227692,0
1505331883,21092499,3239.20,0.03689426,1
1505331883,21092498,3239.48,0.38000000,1
1505331866,21092491,3259.78,0.07438841,0
1505331856,21092483,3259.97,0.02284885,0
1505331853,21092481,3259.98,0.05346735,0
1505331844,21092470,3260.00,0.02893212,0
1505331826,21092449,3260.00,0.00147835,0
1505331826,21092447,3259.99,0.01000000,0
1505331824,21092444,3259.90,0.19000209,0
1505331804,21092437,3253.79,0.05899382,0
1505331738,21092426,3238.00,0.08458996,1
1505331738,21092425,3238.00,0.08458622,1
1505331729,21092419,3253.30,0.40961485,1
1505331724,21092417,3253.39,0.02971321,0
1505331707,21092415,3253.40,0.14806817,0
1505331706,21092414,3253.50,0.07810675,0
1505331706,21092413,3253.49,0.01041814,0
1505331704,21092412,3238.00,0.02241229,1
1505331684,21092405,3253.79,0.02886479,0
1505331680,21092400,3253.80,0.20115744,1
1505331680,21092399,3253.79,0.08000000,0
1505331679,21092398,3253.69,0.02083628,0
1505331664,21092390,3253.70,0.11364610,0
1505331664,21092389,3253.69,0.09000000,0
1505331664,21092388,3253.64,0.04167256,0
1505331664,21092387,3253.61,0.18909407,0
1505331643,21092363,3253.66,0.01211700,0
1505331629,21092327,3259.97,0.29878893,0
1505331606,21092314,3260.68,0.05254367,0
1505331602,21092312,3240.03,0.22677529,1
1505331601,21092310,3240.09,0.41095471,1
1505331571,21092272,3240.21,0.00292291,1
1505331569,21092271,3240.24,0.00584583,1
1505331564,21092266,3261.06,0.02049217,0
1505331563,21092265,3240.21,0.01169167,1
1505331561,21092264,3240.20,0.02338333,1
1505331558,21092263,3240.14,0.04676667,1
1505331555,21092261,3261.30,0.01204882,0
1505331554,21092260,3261.30,0.07537274,0
1505331554,21092259,3261.07,0.00325916,0
1505331553,21092256,3261.07,0.09674084,0
1505331553,21092255,3240.14,0.02353332,1
1505331550,21092254,3240.13,0.04706665,1
1505331547,21092253,3239.98,0.02413330,1
1505331546,21092252,3261.08,0.44603628,0
1505331546,21092251,3260.98,0.12000000,0
1505331545,21092250,3260.87,0.04826660,1
1505331544,21092249,3260.87,0.10453125,0
1505331542,21092244,3239.97,0.02653321,1
1505331540,21092243,3239.97,0.05306640,1
1505331534,21092241,3239.99,0.03613281,1
1505331526,21092234,3261.09,0.00862150,0
1505331506,21092225,3239.81,0.10000000,1
1505331505,21092224,3261.28,0.02273513,0
1505331500,21092220,3261.10,0.05457712,0
1505331499,21092219,3261.29,0.03526142,0
1505331493,21092217,3239.51,0.72731998,1
1505331489,21092214,3261.30,0.16790906,0
1505331488,21092213,3261.29,0.14000000,0
1505331483,21092209,3261.29,0.05908138,0
1505331483,21092208,3239.21,0.00226563,1
1505331479,21092204,3239.23,0.00453125,1
1505331475,21092201,3239.10,0.00906250,1
1505331472,21092199,3239.00,0.01812500,1
1505331470,21092195,3238.91,0.04674810,1
1505331470,21092194,3238.91,0.03625000,1
1505331463,21092193,3261.29,0.12704907,0
1505331463,21092192,3261.14,0.10978496,0
1505331443,21092153,3261.12,0.02102424,0
1505331402,21092140,3255.07,0.01534090,0
1505331400,21092139,3255.08,0.00308134,0
1505331390,21092137,3236.77,0.03389054,1
1505331364,21092130,3236.50,0.40100000,1
1505331364,21092129,3236.54,0.09900000,1
1505331356,21092123,3236.70,0.56875764,1
1505331352,21092120,3236.53,0.10000000,1
1505331346,21092113,3261.49,0.02265956,0
1505331346,21092112,3261.49,0.16000000,0
1505331346,21092111,3261.49,0.55000000,1
1505331344,21092109,3255.88,0.03199799,0
1505331323,21092063,3255.90,0.02077133,0
1505331305,21092052,3256.00,0.00695684,0
1505331305,21092050,3248.23,0.03514790,0
1505331304,21092048,3248.23,0.02884807,0
1505331286,21092021,3248.29,0.11496510,0
1505331286,21092020,3248.25,0.12799194,0
1505331284,21092019,3248.24,0.06412884,0
1505331264,21092009,3248.19,0.01722823,0
1505331263,21092007,3234.58,0.04603544,1
1505331253,21091988,3234.55,0.00560330,1
1505331244,21091978,3248.20,0.01630291,0
1505331227,21091966,3248.38,0.07312669,0
1505331225,21091963,3234.50,0.01811923,1
1505331224,21091962,3234.51,0.01816010,1
1505331223,21091961,3234.51,0.01357202,1
1505331218,21091957,3248.40,0.16582010,0
1505331210,21091945,3237.46,0.07000000,1
1505331186,21091894,3248.70,0.03750000,0
1505331186,21091892,3248.70,0.54155686,0
1505331184,21091891,3248.69,0.02000000,0
1505331184,21091890,3248.69,0.16000000,0
1505331184,21091889,3236.93,0.14390564,1
1505331184,21091888,3238.69,0.00307841,1
1505331184,21091887,3242.37,0.01000000,1
1505331145,21091879,3248.69,0.02955970,0
1505331144,21091878,3245.62,0.01000000,1
1505331125,21091845,3248.69,0.01434381,0
1505331123,21091842,3248.69,0.01031288,0
1505331109,21091825,3248.87,0.01000000,1
1505331101,21091814,3256.20,0.00883873,0
1505331097,21091806,3256.20,0.01914466,0
1505331097,21091804,3256.19,0.13000000,0
1505331097,21091803,3256.18,0.11325784,0
1505331072,21091761,3256.20,0.12925000,0
1505331072,21091758,3256.09,0.03000000,0
1505331072,21091756,3256.09,0.14000000,0
1505331062,21091741,3256.10,0.84727895,0
1505331061,21091739,3251.35,0.09526489,1
1505331060,21091738,3251.35,0.13000000,0
1505331044,21091710,3251.35,0.01000000,0
1505331038,21091696,3256.27,0.28626160,0
1505331036,21091692,3250.00,0.00366626,0
1505331036,21091691,3250.00,0.09119912,1
1505331036,21091689,3250.07,0.01000000,1
1505331035,21091688,3251.35,0.21313462,1
1505331035,21091687,3252.12,0.24200000,1
1505331025,21091677,3263.18,0.02932293,0
1505331022,21091675,3263.30,0.40849569,0
1505331022,21091674,3263.19,0.03024788,0
1505331020,21091672,3263.19,0.12975212,0
1505331020,21091671,3263.18,0.03000000,0
1505331007,21091667,3263.19,0.01112700,0
1505331005,21091666,3263.10,0.44512192,0
1505330953,21091659,3272.90,0.00924434,0
1505330953,21091658,3272.90,0.01525000,0
1505330881,21091582,3267.10,0.12500000,1
1505330880,21091580,3267.09,0.18000000,0
1505330877,21091577,3267.10,0.02880115,0
1505330876,21091573,3267.10,0.02287437,0
1505330874,21091572,3267.10,0.02917503,0
1505330872,21091571,3267.10,0.03499478,0
1505330870,21091570,3267.10,0.14838743,0
1505330869,21091569,3267.10,0.02954921,0
1505330867,21091567,3267.10,0.01454500,0
1505330865,21091566,3267.20,0.02877471,0
1505330863,21091564,3267.20,0.02852477,0
1505330861,21091562,3267.20,0.12006121,0
1505330834,21091551,3267.59,0.29976455,0
1505330810,21091543,3267.89,0.00152392,0
1505330803,21091542,3267.90,0.15025000,0
1505330800,21091541,3267.90,0.06864726,0
1505330799,21091540,3267.89,0.01338106,0
1505330775,21091538,3268.49,0.01224245,0
1505330771,21091537,3268.50,0.29595873,0
1505330745,21091525,3274.40,0.62821276,0
1505330745,21091524,3268.29,0.20000000,0
1505330744,21091523,3268.26,0.04000000,0
1505330744,21091522,3268.16,0.03900457,0
1505330744,21091521,3268.13,0.09278267,0
1505330709,21091509,3268.65,0.10086924,0
1505330701,21091502,3269.80,0.07535786,0
1505330697,21091500,3269.79,0.07800915,0
1505330689,21091499,3256.07,0.30634809,0
1505330686,21091497,3238.06,2.24775159,1
1505330686,21091496,3239.58,0.03000000,1
1505330685,21091495,3242.00,0.10000000,1
1505330685,21091494,3242.90,2.00000000,1
1505330685,21091491,3242.92,0.14631033,1
1505330684,21091490,3242.97,0.48632841,0
1505330684,21091489,3249.01,0.07000000,1
1505330682,21091488,3253.72,0.13784148,1
1505330682,21091487,3253.72,0.20000000,1
1505330681,21091486,3253.72,0.00215852,1
1505330677,21091484,3242.80,4.20764682,1
1505330677,21091482,3247.96,0.00214592,1
1505330677,21091481,3249.00,0.03543407,1
1505330677,21091480,3249.33,0.07000000,1
1505330677,21091479,3250.00,0.01502385,1
1505330677,21091478,3250.00,0.05000000,1
1505330676,21091477,3250.00,0.10000000,1
1505330676,21091476,3252.00,0.02433439,1
1505330676,21091475,3253.44,0.36000000,1
1505330676,21091474,3253.80,2.57980000,1
1505330676,21091473,3259.00,0.02867296,1
1505330676,21091472,3260.00,0.19694199,1
1505330665,21091470,3274.90,0.21030000,0
1505330665,21091469,3274.70,0.10000000,0
1505330665,21091468,3274.69,0.14000000,0
1505330637,21091434,3274.40,0.07729603,0
1505330631,21091433,3274.59,0.01192033,0
1505330631,21091432,3274.59,0.15000000,0
1505330601,21091427,3271.50,0.03921395,0
1505330580,21091405,3271.50,0.54174312,0
1505330580,21091403,3271.39,0.17000000,0
1505330534,21091372,3270.60,0.22832257,0
1505330534,21091371,3268.99,0.19000000,0
1505330534,21091369,3268.98,0.15000000,0
1505330503,21091339,3269.09,0.01751700,0
1505330476,21091335,3269.60,0.01223271,0
1505330458,21091319,3270.89,0.14133597,0
1505330458,21091318,3270.89,0.01083974,0
1505330444,21091313,3271.30,0.62025000,0
1505330444,21091312,3271.24,0.04000000,0
1505330444,21091311,3271.24,0.19000000,0
1505330444,21091310,3268.17,0.15000000,0
1505330389,21091270,3252.00,0.00566561,1
1505330389,21091269,3253.00,0.09433439,1
1505330383,21091257,3263.28,0.01175000,0
1505330374,21091248,3253.00,0.00250001,1
1505330373,21091247,3253.00,0.00500000,1
1505330371,21091246,3263.30,0.11053717,0
1505330371,21091245,3263.30,0.09076512,0
1505330371,21091243,3263.29,0.21000000,0
1505330370,21091239,3263.28,0.01575409,1
1505330370,21091238,3263.28,0.02412849,1
1505330369,21091236,3263.28,0.15000000,0
1505330368,21091235,3253.00,0.01412849,1
1505330368,21091234,3255.56,0.02000000,1
1505330364,21091233,3263.29,0.04564607,0
1505330344,21091227,3263.08,0.02812373,0
1505330318,21091217,3259.02,0.00174299,1
1505330316,21091215,3258.01,3.20000000,1
1505330313,21091214,3259.00,0.10000000,1
1505330313,21091213,3259.01,1.00000000,1
1505330313,21091212,3259.02,0.00348598,1
1505330307,21091210,3263.36,0.01522838,0
1505330306,21091209,3263.36,0.15003384,0
1505330293,21091208,3262.00,0.66091636,1
1505330283,21091205,3262.89,0.02928820,0
1505330268,21091201,3262.90,0.12069948,0
1505330264,21091193,3262.00,0.00214592,1
1505330264,21091192,3262.90,0.00212187,0
1505330257,21091188,3270.00,0.20000000,0
1505330245,21091176,3271.50,0.30025000,0
1505330243,21091175,3271.57,0.00854983,0
1505330226,21091161,3274.70,0.07005832,0
1505330224,21091158,3274.77,0.01470487,0
1505330184,21091142,3271.58,0.04266185,0
1505330181,21091140,3259.02,0.14196599,1
1505330165,21091133,3271.79,0.06474731,0
1505330165,21091132,3270.00,0.05056085,0
1505330163,21091131,3270.00,0.05761835,0
1505330118,21091093,3272.30,0.01671410,0
1505330064,21091068,3262.32,0.00267500,1
1505330064,21091067,3262.32,0.03860000,1
1505330058,21091064,3272.80,0.23736411,0
1505330058,21091063,3272.80,0.37211256,0
1505330057,21091061,3272.80,0.02788744,0
1505330044,21091052,3272.90,0.02879935,0
1505330023,21091042,3273.30,0.00152729,0
1505330012,21091040,3273.50,0.02323409,0
1505330010,21091037,3273.60,0.01500236,0
1505330009,21091035,3273.60,0.08025000,0
1505330007,21091032,3273.69,0.36449623,0
1505330005,21091031,3273.70,0.67956201,0
1505330003,21091030,3273.70,0.02989446,0
1505329983,21091013,3273.99,0.05485997,0
1505329983,21091012,3273.99,0.01904351,0
1505329944,21091000,3259.41,0.01903709,1
1505329944,21090999,3265.71,0.00534999,1
1505329944,21090998,3265.71,0.10000000,1
1505329940,21090996,3274.60,0.02971395,0
1505329927,21090994,3274.90,0.00851325,0
1505329925,21090993,3274.90,0.02837942,0
1505329923,21090992,3274.99,0.01108643,0
1505329905,21090989,3275.20,0.19549131,0
1505329885,21090984,3275.40,0.00882265,0
1505329883,21090983,3261.76,0.05961001,1
1505329883,21090982,3262.00,0.01000000,1
1505329882,21090981,3275.40,0.01315000,0
1505329868,21090974,3267.80,0.01069999,0
1505329865,21090972,3275.60,1.23893127,0
1505329865,21090971,3275.59,0.23000000,0
1505329860,21090970,3269.19,0.02139998,1
1505329860,21090969,3269.19,0.24489000,1
1505329857,21090968,3269.19,2.00000000,1
1505329830,21090960,3275.80,0.01245081,0
1505329826,21090955,3275.88,0.00926800,0
1505329813,21090948,3276.00,0.00135790,0
1505329812,21090947,3275.99,0.02865658,0
1505329785,21090937,3276.09,0.00994731,0
1505329764,21090928,3276.49,0.02012285,0
1505329753,21090920,3283.79,0.16820000,0
1505329722,21090916,3276.50,0.16164199,0
1505329708,21090910,3276.69,0.01418363,0
1505329706,21090909,3276.69,0.19752929,0
1505329706,21090908,3276.68,0.02417677,0
1505329706,21090907,3276.59,0.05731316,0
1505329705,21090906,3259.50,0.01000000,1
1505329686,21090893,3276.99,0.25030000,0
1505329684,21090892,3277.00,0.01471331,0
1505329669,21090874,3268.28,0.18000000,0
1505329668,21090873,3268.27,0.29773469,0
1505329664,21090871,3258.02,0.21600643,1
1505329636,21090842,3268.90,0.02500931,0
1505329566,21090809,3269.60,0.10000000,0
1505329566,21090808,3269.60,0.11920396,0
1505329564,21090807,3258.18,0.18730008,1
1505329555,21090804,3275.70,0.26405034,0
1505329554,21090803,3275.89,0.71675178,0
1505329548,21090801,3275.99,0.03225000,0
1505329547,21090800,3275.99,0.01713736,0
1505329545,21090797,3276.00,0.11665403,0
1505329531,21090788,3276.29,0.31718804,0
1505329525,21090783,3276.58,0.05800183,0
1505329525,21090782,3276.51,0.05567979,0
1505329525,21090781,3260.21,0.00367159,1
1505329507,21090774,3276.99,0.02844227,0
1505329485,21090765,3276.10,0.04950098,0
1505329465,21090744,3276.99,0.01521823,0
1505329464,21090743,3276.93,0.01017906,0
1505329446,21090723,3284.52,0.14718444,0
1505329425,21090721,3286.39,0.01493670,0
1505329404,21090715,3286.87,0.02144959,0
1505329395,21090711,3287.08,0.15000000,0
1505329384,21090707,3287.29,0.01541550,0
1505329377,21090704,3263.10,0.83969405,1
1505329377,21090703,3274.58,0.01274964,1
1505329377,21090702,3274.58,0.10450974,1
1505329366,21090658,3287.60,0.03010881,0
1505329365,21090654,3287.70,0.07459468,0
1505329363,21090652,3274.58,0.01549026,1
1505329353,21090646,3255.71,2.02602271,1
1505329353,21090645,3260.81,0.01430675,1
1505329353,21090644,3260.82,0.05000000,1
1505329353,21090643,3262.84,0.02549926,1
1505329353,21090642,3263.01,0.26000000,1
1505329342,21090638,3262.87,0.01000000,1
1505329338,21090635,3288.30,0.00324011,0
1505329337,21090633,3288.39,0.03688200,0
1505329332,21090630,3284.51,0.10744334,0
1505329332,21090629,3284.50,0.11462631,0
1505329324,21090628,3284.44,0.05348614,0
1505329304,21090627,3284.70,0.08045745,0
1505329276,21090613,3285.22,0.03225000,0
1505329274,21090611,3285.23,0.22202098,0
1505329263,21090609,3260.90,0.04775156,1
1505329262,21090608,3260.93,0.09735044,1
1505329254,21090606,3270.00,0.05099852,1
1505329254,21090605,3270.00,0.00189877,1
1505329246,21090602,3286.00,0.11386992,0
1505329227,21090596,3286.68,0.01417875,0
1505329206,21090585,3287.20,0.02791738,0
1505329202,21090583,3279.37,0.07923288,0
1505329192,21090581,3278.79,0.09735044,0
1505329190,21090580,3265.56,0.00186858,1
1505329183,21090568,3255.03,0.35527420,0
1505329183,21090567,3256.06,0.03878287,1
1505329183,21090566,3256.06,0.29043424,0
1505329182,21090565,3257.01,0.06000000,1
1505329182,21090564,3259.84,0.03000000,1
1505329182,21090563,3259.85,0.19800000,1
1505329181,21090562,3263.20,1.00000000,1
1505329181,21090561,3263.30,2.00000000,1
1505329181,21090560,3263.31,0.05761165,1
1505329181,21090559,3263.31,0.32000000,1
1505329179,21090557,3279.00,0.00199704,1
1505329179,21090556,3279.00,0.04790000,1
1505329147,21090539,3288.86,0.06975669,0
1505329144,21090535,3288.90,0.01793010,1
1505329143,21090534,3288.99,0.05696493,0
1505329142,21090533,3288.87,0.03000000,0
1505329126,21090525,3267.20,1.49132866,1
1505329126,21090524,3267.40,2.59510000,1
1505329126,21090523,3270.00,0.09938226,1
1505329126,21090522,3272.21,0.00399408,1
1505329126,21090521,3272.22,0.35000000,1
1505329126,21090520,3272.22,0.17036775,1
1505329125,21090519,3272.25,0.05982725,1
1505329123,21090518,3288.85,0.02977556,0
1505329048,21090483,3288.90,0.01963225,0
1505329048,21090482,3288.89,0.11000000,0
1505329048,21090481,3288.88,0.17036775,0
1505329043,21090478,3288.80,0.02861856,0
1505329040,21090476,3288.87,0.03005169,0
1505329027,21090470,3272.15,0.20260486,1
1505329026,21090469,3272.18,0.09739514,1
1505329020,21090464,3289.35,0.09739514,0
1505329013,21090458,3267.10,0.70186228,1
1505329013,21090456,3267.11,0.00566872,0
1505329012,21090454,3267.11,0.19333128,1
1505329011,21090452,3272.14,0.29246900,1
1505329007,21090443,3259.84,0.13526694,0
1505329006,21090441,3261.48,0.07682531,1
1505329006,21090440,3261.49,0.08000000,0
1505329005,21090439,3266.51,0.00798816,0
1505329004,21090438,3266.51,0.42000000,0
1505329004,21090437,3266.51,0.27991959,1
1505328997,21090435,3266.51,0.34808041,0
1505328997,21090434,3266.51,0.24520711,1
1505328996,21090433,3266.53,0.40671248,1
1505328993,21090431,3284.50,0.24874527,0
1505328993,21090430,3283.78,0.05000000,0
1505328991,21090427,3266.40,1.00000000,1
1505328986,21090425,3266.30,0.70000000,0
1505328984,21090422,3283.80,0.00850458,0
1505328965,21090418,3284.18,0.00413554,0
1505328965,21090417,3280.00,0.00581177,0
1505328963,21090415,3279.97,0.01597632,0
1505328959,21090412,3280.00,0.16918823,1
1505328958,21090409,3280.00,0.01539198,1
1505328956,21090405,3281.85,0.03980000,1
1505328951,21090403,3284.40,0.89230000,0
1505328948,21090400,3284.50,0.10070116,0
1505328946,21090399,3284.45,0.14005862,0
1505328945,21090398,3284.47,0.02459758,0
1505328920,21090380,3280.00,0.11874600,1
1505328919,21090379,3289.18,0.05996095,0
1505328919,21090378,3289.20,0.01210383,0
1505328918,21090374,3289.20,0.29812810,0
1505328908,21090345,3289.30,0.13633301,0
1505328908,21090344,3289.27,0.01000000,0
1505328907,21090340,3289.24,0.24668816,0
1505328865,21090315,3289.49,0.02861290,0
1505328864,21090314,3273.01,0.03961202,1
1505328864,21090313,3273.04,0.24235178,1
1505328857,21090310,3289.62,0.11945042,1
1505328847,21090307,3289.79,0.07951382,1
1505328847,21090306,3289.77,0.01000000,1
1505328845,21090303,3289.77,0.05000000,0
1505328839,21090295,3287.87,0.24235178,0
1505328836,21090292,3277.60,1.81150268,1
1505328836,21090291,3277.61,0.07061252,1
1505328835,21090290,3277.76,0.08130825,1
1505328822,21090283,3288.50,0.20000000,0
1505328814,21090282,3288.70,0.06057001,0
1505328808,21090280,3288.99,0.02887513,0
1505328805,21090279,3288.90,0.02987084,0
1505328802,21090277,3288.96,0.05717825,0
1505328786,21090273,3289.40,0.05710032,0
1505328781,21090272,3289.70,0.06064383,0
1505328744,21090265,3289.86,0.00938000,0
1505328726,21090251,3289.79,0.06973697,0
1505328723,21090245,3289.52,0.01475000,0
1505328703,21090244,3276.30,0.83077308,1
1505328703,21090243,3276.30,0.98944628,0
1505328703,21090242,3276.36,0.50000000,0
1505328701,21090241,3289.89,0.60650027,1
1505328698,21090240,3290.00,0.02989136,0
1505328685,21090238,3290.00,0.02911405,0
1505328683,21090237,3290.00,0.14800611,0
1505328683,21090236,3290.00,0.03031914,0
1505328666,21090230,3290.00,0.71250152,0
1505328666,21090228,3290.00,0.03047802,0
1505328656,21090208,3290.00,0.60644681,0
1505328642,21090166,3289.99,0.01513541,0
1505328614,21090156,3289.89,0.01599731,0
1505328611,21090155,3289.89,0.01515856,0
1505328603,21090150,3289.90,0.08860000,0
1505328603,21090149,3289.89,0.06000000,0
1505328578,21090138,3289.90,0.01122325,0
1505328578,21090137,3289.89,0.06000000,0
1505328562,21090120,3289.89,0.07000000,0
1505328547,21090110,3289.80,0.02789531,0
1505328546,21090107,3289.80,0.01466918,0
1505328525,21090100,3289.90,0.02567875,0
1505328524,21090099,3289.90,0.02463368,0
1505328522,21090098,3289.90,0.11011581,0
1505328505,21090092,3290.00,0.34715816,0
1505328505,21090091,3289.99,0.05154184,0
1505328504,21090089,3289.99,0.02845816,0
1505328500,21090085,3290.00,0.29643499,0
1505328493,21090084,3306.17,0.28662470,0
1505328483,21090082,3263.03,0.14000000,1
1505328482,21090081,3263.03,1.61479583,1
1505328482,21090079,3263.03,3.50050000,1
1505328482,21090078,3263.03,1.02100000,1
1505328481,21090076,3263.03,0.75609262,1
1505328481,21090074,3265.00,0.07000000,1
1505328481,21090072,3266.00,0.08000000,1
1505328481,21090071,3266.45,0.03000000,1
1505328481,21090070,3266.50,1.00000000,1
1505328481,21090069,3270.00,1.15690000,1
1505328480,21090067,3277.50,0.15168533,1
1505328480,21090066,3278.72,0.09000000,1
1505328480,21090065,3278.80,1.38872205,1
1505328480,21090064,3278.80,1.16767795,1
1505328480,21090063,3278.81,0.10000000,1
1505328480,21090062,3284.01,0.16200000,1
1505328480,21090061,3285.76,0.32302205,1
1505328480,21090060,3288.00,0.12000000,1
1505328479,21090059,3288.37,0.46000000,1
1505328479,21090058,3288.38,0.10000000,1
1505328479,21090057,3291.00,0.10000000,1
1505328464,21090050,3306.69,0.02852793,0
1505328441,21090041,3298.50,0.00845475,0
1505328387,21090002,3299.19,0.00784177,0
1505328387,21090000,3299.19,0.00087329,0
1505328385,21089998,3299.19,0.02912671,0
1505328375,21089989,3299.20,0.00321346,0
1505328367,21089987,3299.30,0.00200000,0
1505328364,21089986,3299.29,0.75584747,0
1505328364,21089985,3299.29,0.00845784,0
1505328346,21089979,3299.60,2.67825323,0
1505328326,21089971,3299.70,0.01450981,0
1505328320,21089967,3299.80,0.00982800,0
1505328320,21089966,3299.79,0.01000000,0
1505328320,21089965,3299.79,0.03000000,0
1505328318,21089960,3299.80,0.07023800,0
1505328286,21089940,3306.90,0.01151680,0
1505328245,21089925,3308.07,0.08029646,0
1505328245,21089924,3308.06,0.05840694,1
1505328223,21089900,3308.39,0.00874699,0
1505328186,21089889,3309.18,0.07025000,0
1505328185,21089888,3309.18,0.00765592,0
1505328184,21089885,3309.20,0.14843148,0
1505328183,21089883,3309.20,0.03131636,0
1505328147,21089871,3309.59,0.05896071,0
1505328146,21089870,3309.60,0.00839922,0
1505328134,21089867,3309.79,0.01567108,0
1505328128,21089862,3309.20,0.01447105,0
1505328126,21089860,3309.80,0.07779507,0
1505328126,21089859,3309.09,0.04000000,0
1505328109,21089846,3309.20,0.01507011,1
1505328099,21089843,3309.49,0.12056238,0
1505328091,21089842,3309.59,0.00195264,0
1505328089,21089841,3309.59,0.00390529,0
1505328086,21089840,3309.60,0.02829030,0
1505328084,21089839,3309.60,0.00781057,0
1505328084,21089838,3309.60,0.01851400,0
1505328082,21089837,3309.69,0.01562114,0
1505328074,21089836,3309.78,0.03283603,0
1505328065,21089834,3309.80,0.15878344,0
1505328065,21089833,3307.72,0.04000000,0
1505328065,21089832,3307.71,0.00778645,0
1505328064,21089830,3307.71,0.00992701,0
1505328052,21089826,3287.80,0.30680443,1
1505328052,21089825,3295.00,0.01000000,1
1505328041,21089821,3310.00,0.12444004,0
1505328041,21089820,3310.00,0.10000000,1
1505328041,21089819,3309.99,0.05000000,1
1505328041,21089818,3309.99,0.03013304,0
1505328040,21089817,3309.98,0.01000000,0
1505328040,21089816,3307.74,0.05000000,0
1505328038,21089814,3307.73,0.03542692,0
1505328023,21089806,3306.10,0.03130614,0
1505328021,21089804,3306.10,0.06096501,0
1505328017,21089800,3309.99,0.03013604,1
1505328015,21089798,3310.00,0.04191695,0
1505328015,21089797,3309.99,0.06000000,1
1505328015,21089796,3307.78,0.07085383,0
1505328014,21089795,3307.75,0.11361232,0
1505327965,21089776,3308.27,0.02934480,0
1505327958,21089774,3308.49,0.59497285,0
1505327944,21089770,3308.77,0.01757900,0
1505327943,21089768,3308.80,0.04090000,0
1505327936,21089763,3308.99,0.24116120,0
1505327924,21089754,3307.70,0.01465969,0
1505327920,21089740,3292.57,0.05462689,1
1505327919,21089709,3300.00,0.02506909,1
1505327916,21089708,3300.00,0.03500000,1
1505327911,21089704,3300.00,0.03084000,1
1505327885,21089691,3308.30,0.02773932,0
1505327884,21089689,3308.37,0.02855228,0
1505327863,21089682,3309.19,0.00933881,0
1505327851,21089677,3284.30,0.14222984,0
1505327851,21089676,3284.31,0.25777016,0
1505327848,21089665,3284.24,0.20374809,1
1505327837,21089636,3310.00,0.05200650,0
1505327836,21089632,3309.49,0.15000000,0
1505327835,21089626,3309.29,0.09000000,0
1505327824,21089621,3309.29,0.02825000,0
1505327794,21089600,3310.00,0.16074000,0
1505327794,21089599,3305.17,0.10000000,0
1505327794,21089598,3305.15,0.73100000,0
1505327793,21089597,3296.98,0.00826000,0
1505327791,21089591,3296.98,0.01000000,0
1505327767,21089561,3305.68,0.22766257,1
1505327767,21089560,3305.68,0.68600000,1
1505327767,21089558,3299.00,0.04795408,0
1505327766,21089557,3297.00,0.25305326,0
1505327766,21089556,3296.99,0.12000000,0
1505327764,21089548,3296.98,0.10000000,0
1505327747,21089520,3297.00,0.02981157,0
1505327747,21089519,3296.99,0.02770752,0
1505327745,21089511,3296.99,0.08717668,0
1505327744,21089506,3296.99,0.01511580,0
1505327744,21089505,3296.98,0.01467054,0
1505327723,21089477,3297.00,0.01713517,0
1505327713,21089460,3296.99,0.03949168,0
1505327713,21089459,3295.50,0.02934109,0
1505327706,21089454,3295.51,0.02784698,0
1505327702,21089446,3295.51,0.05056576,0
1505327701,21089444,3295.48,0.37275303,0
1505327683,21089414,3295.76,0.00590198,0
1505327683,21089413,3295.68,0.10924794,0
1505327655,21089393,3296.00,0.04641404,0
1505327647,21089390,3296.29,0.01583735,1
1505327646,21089389,3296.29,0.01200000,0
1505327645,21089388,3296.29,0.12721995,0
1505327624,21089366,3285.44,0.01135032,0
1505327611,21089362,3287.64,0.03791777,0
1505327607,21089358,3265.00,3.32022604,0
1505327607,21089357,3265.00,0.11000000,0
1505327606,21089356,3266.41,0.53000000,1
1505327606,21089355,3266.41,0.01200000,1
1505327606,21089354,3266.44,0.04858920,1
1505327606,21089353,3266.51,0.97918476,1
1505327605,21089352,3292.14,0.12223963,0
1505327603,21089351,3287.65,0.09000000,0
1505327586,21089346,3287.66,0.02837486,0
1505327563,21089323,3288.18,0.01646857,0
1505327563,21089322,3288.18,0.01200000,0
1505327548,21089315,3279.56,0.08752179,0
1505327539,21089311,3265.00,0.01533932,0
1505327537,21089309,3265.00,0.07266068,0
1505327537,21089308,3266.01,0.40000000,1
1505327537,21089307,3266.40,0.01200000,1
1505327537,21089305,3266.43,0.50000000,1
1505327528,21089304,3288.56,0.04268409,0
1505327527,21089303,3288.55,0.02000000,1
1505327527,21089302,3279.60,0.87816833,0
1505327526,21089301,3279.60,0.05969672,0
1505327526,21089299,3279.59,0.11000000,1
1505327525,21089298,3279.60,0.47841250,0
1505327525,21089295,3279.59,0.11000000,0
1505327514,21089280,3279.56,0.14912622,0
1505327514,21089279,3279.56,0.03036987,0
1505327512,21089278,3279.58,0.02911014,0
1505327510,21089276,3279.60,0.02822388,0
1505327508,21089275,3279.58,0.02923419,0
1505327498,21089264,3279.58,0.06988420,0
1505327481,21089255,3279.58,0.05984521,1
1505327480,21089251,3279.58,0.17815536,0
1505327464,21089238,3279.60,0.00232687,0
1505327464,21089237,3279.53,0.50000000,0
1505327462,21089234,3279.60,0.00548543,0
1505327444,21089225,3264.00,0.71505888,1
1505327443,21089224,3266.00,0.50000000,1
1505327443,21089223,3266.00,0.25000000,1
1505327443,21089221,3266.42,0.11000000,1
1505327443,21089220,3266.42,0.80000000,0
1505327442,21089218,3266.50,2.00000000,1
1505327442,21089216,3266.60,0.30196101,1
1505327442,21089215,3266.61,0.82500000,0
1505327441,21089214,3271.35,0.87251000,1
1505327441,21089213,3277.36,0.20762920,1
1505327441,21089212,3277.51,0.57000000,1
1505327440,21089211,3277.62,0.50000000,0
1505327439,21089210,3277.62,0.10000000,1
1505327435,21089209,3293.59,0.04542763,0
1505327419,21089198,3295.28,0.04896483,1
1505327418,21089197,3295.28,0.10000000,0
1505327413,21089194,3279.60,0.21023934,1
1505327412,21089193,3295.30,1.23034022,0
1505327412,21089192,3294.29,0.09381074,0
1505327412,21089191,3293.89,0.05000000,0
1505327408,21089188,3294.29,0.03929556,1
1505327406,21089186,3293.89,0.10000000,0
1505327400,21089174,3295.54,0.12720976,1
1505327398,21089173,3279.55,0.01197286,0
1505327394,21089168,3281.01,0.05000000,1
1505327394,21089167,3281.15,0.25865271,1
1505327394,21089166,3281.20,0.05437443,1
1505327393,21089161,3297.38,0.21914297,0
1505327393,21089159,3295.54,0.00838174,0
1505327386,21089151,3281.19,0.05500000,1
1505327385,21089149,3295.54,0.14161826,0
1505327383,21089147,3281.19,0.00987161,1
1505327378,21089139,3295.54,0.14043547,1
1505327375,21089135,3297.50,0.09506644,0
1505327365,21089129,3297.59,0.05437443,0
1505327365,21089128,3297.19,0.03524350,0
1505327362,21089121,3297.19,1.26475650,1
1505327358,21089111,3297.60,0.01213351,0
1505327357,21089106,3297.60,0.03176518,0
1505327345,21089094,3297.18,0.06958025,0
1505327329,21089080,3297.68,0.30248538,0
1505327325,21089076,3297.60,1.00000000,0
1505327325,21089075,3297.60,0.00863899,0
1505327303,21089043,3299.00,0.00154592,0
1505327278,21089027,3305.70,1.00121608,0
1505327245,21089002,3299.80,2.54410000,1
1505327245,21089001,3300.00,7.48637403,1
1505327236,21088985,3300.00,0.06204830,1
1505327235,21088983,3306.80,0.62541091,0
1505327235,21088982,3306.77,0.05659486,0
1505327225,21088970,3300.10,0.30779011,1
1505327225,21088969,3301.00,0.00500000,1
1505327205,21088908,3309.68,0.11817692,0
1505327203,21088906,3309.67,0.02075000,0
1505327192,21088895,3308.29,0.05799309,0
1505327192,21088894,3308.29,0.15454949,0
1505327191,21088893,3308.16,0.06910061,0
1505327184,21088889,3308.13,0.00669571,0
1505327184,21088888,3300.01,0.03700457,0
1505327167,21088878,3300.00,0.00397582,1
1505327167,21088877,3300.00,0.39602418,1
1505327145,21088853,3300.00,0.05612620,1
1505327139,21088847,3300.00,0.55458481,1
1505327132,21088838,3300.01,0.35772695,1
1505327128,21088831,3300.01,0.03718738,1
1505327124,21088817,3300.01,0.59125040,1
1505327124,21088815,3308.10,0.03284586,0
1505327100,21088756,3287.73,0.08522401,1
1505327100,21088755,3300.00,0.00009721,1
1505327090,21088709,3300.00,0.24301062,1
1505327089,21088700,3309.70,0.08457564,0
1505327088,21088696,3308.29,0.07000000,1
1505327088,21088694,3308.29,0.14705510,0
1505327085,21088687,3300.00,0.02998800,1
1505327084,21088684,3300.00,0.05918952,1
1505327079,21088676,3300.00,0.04272590,1
1505327073,21088671,3300.00,0.04272590,1
1505327072,21088668,3308.29,0.60333284,0
1505327068,21088666,3300.00,0.38226285,0
1505327053,21088659,3308.89,0.38138771,1
1505327051,21088657,3300.00,0.01053879,0
1505327046,21088644,3300.00,0.02944521,0
1505327044,21088636,3286.63,0.03166242,1
1505327044,21088634,3300.00,0.07924259,1
1505327040,21088624,3300.00,0.03998400,1
1505327037,21088616,3309.90,0.60634762,1
1505327037,21088615,3309.28,0.04000000,0
1505327036,21088614,3308.87,0.19750269,0
1505327036,21088613,3301.92,0.10000000,0
1505327034,21088610,3300.01,0.05093434,0
1505327033,21088607,3300.00,0.03998400,1
1505327027,21088585,3300.00,0.74555078,1
1505327019,21088580,3300.00,0.74524469,1
1505327017,21088578,3300.00,0.15000000,1
1505327013,21088558,3300.01,0.14772517,0
1505327007,21088549,3300.00,0.05294494,1
1505327006,21088545,3300.00,0.14704900,1
1505326986,21088528,3302.48,0.22228749,1
1505326985,21088520,3297.58,0.07987654,0
1505326979,21088517,3297.55,0.30249731,0
1505326969,21088500,3286.61,0.08426162,1
1505326962,21088496,3297.58,0.22875395,1
1505326961,21088495,3297.58,0.08000000,1
1505326958,21088492,3297.58,0.00655723,1
1505326953,21088489,3291.16,0.08468882,0
1505326943,21088483,3286.41,0.00181099,1
1505326940,21088480,3291.28,0.04210000,0
1505326938,21088478,3286.41,0.00362199,1
1505326934,21088476,3291.28,0.00724398,0
1505326933,21088475,3291.28,0.01448796,0
1505326932,21088474,3286.11,0.65780998,0
1505326932,21088473,3286.24,0.01448796,1
1505326930,21088469,3286.43,0.46871117,0
1505326926,21088464,3297.28,0.06957856,0
1505326925,21088463,3297.28,0.00853002,0
1505326924,21088458,3297.28,0.03057975,0
1505326924,21088457,3297.28,0.02524886,0
1505326916,21088447,3297.20,0.09024959,1
1505326914,21088444,3291.48,0.13501856,0
1505326913,21088443,3291.48,0.09525000,0
1505326895,21088402,3290.63,0.16266693,0
1505326886,21088391,3290.96,0.00852039,0
1505326875,21088372,3290.96,0.01770262,0
1505326874,21088370,3286.00,0.11883216,0
1505326873,21088369,3286.00,0.00212416,0
1505326869,21088348,3286.00,0.02339122,0
1505326867,21088347,3282.89,0.00453760,0
1505326866,21088346,3280.11,0.05623700,1
1505326865,21088344,3280.10,0.07309677,1
1505326859,21088324,3280.00,0.17419212,0
1505326844,21088308,3279.89,0.07800322,0
1505326838,21088303,3280.00,0.26480788,0
1505326836,21088298,3279.89,0.03930929,0
1505326825,21088291,3279.89,0.01435171,0
1505326824,21088290,3279.89,0.05979096,0
1505326819,21088285,3279.89,0.07978228,0
1505326818,21088284,3279.89,0.00625271,0
1505326817,21088281,3279.89,0.02977477,0
1505326808,21088278,3279.89,0.01545000,0
1505326806,21088275,3279.89,0.07009465,0
1505326804,21088273,3279.89,0.01160553,0
1505326800,21088269,3279.89,0.00612808,0
1505326800,21088268,3279.89,0.06734557,0
1505326800,21088267,3279.88,0.05000000,0
1505326786,21088263,3279.89,0.02867591,0
1505326776,21088257,3262.57,0.03128883,0
1505326770,21088253,3259.21,0.08135088,1
1505326767,21088246,3279.89,0.05739243,0
1505326762,21088236,3280.00,0.56100000,0
1505326762,21088234,3279.90,2.36925000,0
1505326761,21088232,3279.90,0.20025000,0
1505326760,21088230,3279.89,0.07000000,0
1505326725,21088182,3279.79,0.01407563,0
1505326724,21088180,3279.79,0.00912254,0
1505326705,21088170,3279.89,0.01869423,0
1505326703,21088166,3279.89,0.00935000,0
1505326665,21088124,3280.60,0.01518235,0
1505326664,21088123,3280.58,0.06269156,0
1505326664,21088121,3280.09,0.03484804,0
1505326655,21088114,3280.09,0.07515196,0
1505326652,21088110,3280.06,0.38838872,0
1505326652,21088109,3280.02,0.48073959,0
1505326643,21088101,3280.20,0.02788059,0
1505326643,21088100,3266.40,0.00093904,0
1505326627,21088091,3266.40,0.02809515,0
1505326611,21088078,3266.40,0.15269104,0
1505326611,21088076,3266.40,0.00763532,0
1505326587,21088058,3266.40,0.01179823,0
1505326585,21088055,3266.37,0.01869423,0
1505326583,21088053,3254.21,0.01176165,1
1505326583,21088052,3257.56,0.02000000,1
1505326577,21088043,3257.59,0.10668538,1
1505326566,21088036,3266.40,0.02861563,0
1505326564,21088032,3266.40,0.02918323,0
1505326525,21087988,3266.40,0.07193007,0
1505326504,21087912,3266.40,0.00887639,0
1505326497,21087905,3266.40,0.06041913,0
1505326484,21087901,3266.40,0.03002231,0
1505326465,21087888,3266.40,0.08905829,0
1505326462,21087882,3266.40,0.02566123,0
1505326447,21087874,3266.40,0.01587987,0
1505326424,21087851,3266.40,0.01362944,0
1505326424,21087850,3266.39,0.01513032,0
1505326404,21087832,3266.39,0.84609327,0
1505326404,21087830,3265.82,0.13797148,0
1505326404,21087829,3265.81,0.01593525,0
1505326404,21087827,3265.81,0.01432540,0
1505326395,21087817,3265.78,0.10725156,0
1505326390,21087816,3265.79,0.12030414,0
1505326390,21087815,3253.00,0.14468000,1
1505326389,21087811,3265.80,0.03020210,0
1505326388,21087805,3265.80,0.09804654,0
1505326387,21087803,3265.80,0.14050070,0
1505326386,21087799,3265.84,0.02841575,0
1505326384,21087795,3265.85,0.01029393,0
1505326384,21087793,3253.00,0.01045607,0
1505326383,21087785,3253.00,0.35000000,0
1505326372,21087762,3250.00,3.63231967,0
1505326371,21087761,3250.00,0.00205000,0
1505326369,21087756,3250.00,2.00000000,0
1505326369,21087755,3250.00,0.15539800,0
1505326366,21087750,3250.00,0.08666408,0
1505326365,21087745,3250.00,0.07348632,0
1505326363,21087741,3250.00,0.00855006,0
1505326356,21087738,3250.00,0.03092023,0
1505326354,21087735,3250.00,0.03031532,0
1505326327,21087711,3250.00,0.72148923,1
1505326327,21087708,3250.03,0.50000000,1
1505326325,21087702,3250.00,1.62179909,1
1505326325,21087701,3250.00,1.00000000,1
1505326324,21087700,3250.00,0.30400000,1
1505326324,21087699,3250.00,0.07686045,1
1505326324,21087698,3250.01,0.69734046,1
1505326324,21087694,3253.00,0.05519520,0
1505326322,21087690,3253.00,0.01434873,0
1505326305,21087668,3258.46,0.13435471,1
1505326303,21087662,3258.46,0.47789858,0
1505326299,21087658,3250.01,0.46038320,0
1505326299,21087657,3250.00,0.22314151,1
1505326298,21087656,3250.00,0.54882132,1
1505326289,21087646,3250.01,0.24391088,0
1505326289,21087644,3250.01,0.29867160,0
1505326288,21087641,3250.01,0.10000000,0
1505326288,21087638,3250.01,0.02921468,0
1505326287,21087630,3250.01,0.32000000,1
1505326286,21087627,3266.21,0.17469455,1
1505326286,21087626,3266.21,1.09316916,1
1505326286,21087624,3266.25,0.05864823,0
1505326285,21087623,3266.21,0.03266504,0
1505326284,21087622,3250.12,0.03689972,1
1505326269,21087609,3266.29,0.00843980,0
1505326267,21087604,3266.24,0.02809652,0
1505326260,21087594,3266.40,0.01025000,0
1505326238,21087571,3259.06,0.03090462,1
1505326221,21087548,3266.84,0.29887691,1
1505326219,21087545,3250.06,0.11991007,0
1505326218,21087542,3250.06,0.14968772,0
1505326218,21087541,3250.06,0.06545000,0
1505326217,21087539,3250.06,0.01323052,0
1505326217,21087537,3250.12,0.01353631,1
1505326212,21087533,3250.11,0.35054398,1
1505326205,21087526,3272.80,0.28344542,0
1505326203,21087523,3272.90,0.10784030,0
1505326191,21087516,3250.00,0.25117868,1
1505326191,21087515,3250.00,0.10000000,1
1505326191,21087514,3250.00,0.02382132,1
1505326189,21087513,3250.00,0.02617868,1
1505326189,21087512,3250.00,0.09680884,1
1505326189,21087511,3250.01,0.02701248,1
1505326188,21087507,3273.40,0.06094581,1
1505326185,21087506,3250.06,0.01330000,1
1505326183,21087505,3261.10,0.02425205,0
1505326181,21087502,3250.00,0.00319116,1
1505326181,21087501,3250.00,0.10000000,1
1505326180,21087500,3250.05,0.36000000,0
1505326180,21087499,3250.05,0.48253425,0
1505326179,21087497,3261.20,0.10000000,1
1505326164,21087481,3274.00,0.02075000,0
1505326162,21087462,3274.09,0.21673388,1
1505326162,21087461,3267.08,0.08000000,0
1505326160,21087459,3264.79,0.00812222,0
1505326159,21087458,3264.79,0.30553060,1
1505326159,21087457,3264.79,0.01634718,1
1505326159,21087456,3265.13,0.98000000,1
1505326145,21087439,3274.10,0.08523636,0
1505326143,21087437,3274.10,0.00852274,0
1505326125,21087422,3279.79,0.91240903,0
1505326119,21087420,3279.90,0.03010680,0
1505326104,21087406,3264.79,0.17900000,1
1505326104,21087404,3266.09,0.10000000,1
1505326103,21087397,3280.30,0.39025000,0
1505326102,21087396,3280.29,0.02000000,0
1505326102,21087395,3280.29,0.09000000,0
1505326096,21087385,3264.79,0.11010656,1
1505326095,21087382,3266.09,0.00197591,1
1505326090,21087364,3280.49,0.28278702,1
1505326090,21087362,3280.49,0.01460634,1
1505326088,21087356,3280.49,0.01336509,0
1505326084,21087335,3280.50,0.05107171,0
1505326078,21087322,3281.99,0.01668815,0
1505326046,21087292,3282.87,0.00868861,0
1505326035,21087283,3265.81,0.03817383,1
1505326033,21087280,3265.94,0.01575395,0
1505326024,21087257,3282.89,0.01443102,0
1505326023,21087255,3282.89,0.08770266,1
1505326023,21087253,3282.89,0.15192406,1
1505326022,21087249,3282.89,0.06422141,1
1505326015,21087243,3283.11,0.14924824,0
1505326015,21087242,3283.10,0.09000000,0
1505326011,21087236,3283.00,0.64268967,0
1505325994,21087219,3282.90,0.30311718,0
1505325994,21087218,3282.89,0.46721448,0
1505325987,21087213,3282.90,0.01173395,0
1505325986,21087212,3282.90,0.19759763,0
1505325986,21087211,3282.89,0.01148129,0
1505325984,21087208,3282.90,0.05853967,0
1505325981,21087206,3265.00,1.00000000,1
1505325980,21087205,3265.06,0.00171180,1
1505325976,21087201,3284.49,0.04947201,0
1505325972,21087196,3284.50,0.59047912,0
1505325972,21087195,3280.26,0.12000000,0
1505325968,21087187,3279.90,0.18468420,0
1505325968,21087186,3279.87,0.13101070,0
1505325963,21087172,3268.23,0.00173679,1
1505325959,21087168,3268.23,0.00347359,1
1505325957,21087161,3268.23,0.00694717,1
1505325948,21087160,3284.78,0.14938151,0
1505325926,21087136,3286.00,0.07813756,0
1505325925,21087135,3285.99,0.03000000,0
1505325925,21087134,3285.17,0.15000000,0
1505325925,21087133,3284.88,0.03550309,0
1505325923,21087132,3284.88,0.03167769,0
1505325920,21087131,3284.89,0.01500000,0
1505325920,21087130,3284.87,0.08982044,0
1505325905,21087115,3285.11,0.01289600,0
1505325905,21087114,3285.11,0.11352563,0
1505325903,21087111,3285.08,0.10097664,0
1505325883,21087084,3285.30,0.07164785,0
1505325881,21087081,3285.73,0.05339591,0
1505325880,21087080,3285.56,0.13436156,0
1505325845,21087053,3286.20,0.02792562,0
1505325840,21087046,3267.42,0.18094978,1
1505325840,21087045,3267.50,3.28000000,1
1505325829,21087018,3267.40,0.47500000,1
1505325828,21087009,3286.50,0.12272397,0
1505325826,21087005,3286.68,0.00885841,0
1505325824,21087000,3267.32,0.16009388,1
1505325805,21086913,3286.77,0.03002752,1
1505325804,21086912,3287.28,0.80000000,0
1505325804,21086911,3287.03,0.03000000,0
1505325804,21086910,3287.03,0.17000000,0
1505325803,21086908,3286.77,0.02881071,0
1505325784,21086866,3287.11,0.16814414,0
1505325766,21086842,3287.42,0.00156000,0
1505325760,21086840,3266.80,2.73275429,0
1505325760,21086839,3266.80,0.03610564,0
1505325759,21086838,3270.00,0.02304210,1
1505325759,21086835,3271.57,0.00200000,1
1505325759,21086833,3271.68,0.00200000,1
1505325758,21086832,3271.73,0.00200000,1
1505325758,21086831,3271.73,0.00200000,1
1505325758,21086830,3271.95,0.00200000,1
1505325757,21086829,3271.95,0.00200000,1
1505325757,21086828,3271.98,0.00200000,1
1505325757,21086827,3271.98,0.28000000,0
1505325756,21086826,3272.01,1.00590909,0
1505325755,21086822,3272.01,0.39418038,1
1505325750,21086816,3270.00,0.00195790,0
1505325747,21086811,3270.00,0.15000000,0
1505325744,21086806,3270.00,0.37698764,0
1505325734,21086799,3270.00,0.13150477,0
1505325726,21086780,3270.00,0.29012845,0
1505325724,21086772,3270.00,0.01555753,0
1505325724,21086769,3270.00,0.01474865,0
1505325718,21086766,3270.00,0.00355753,0
1505325718,21086765,3269.99,0.01200000,0
1505325713,21086753,3270.00,0.01555753,0
1505325702,21086749,3291.87,0.39418038,0
1505325693,21086746,3265.60,0.52121761,0
1505325693,21086744,3268.00,0.82810540,1
1505325693,21086743,3268.98,0.07076113,0
1505325692,21086742,3270.12,0.42200000,1
1505325692,21086741,3272.01,0.03980000,1
1505325691,21086740,3272.16,0.34000000,0
1505325690,21086739,3272.16,0.28811586,1
1505325688,21086738,3292.23,0.01962856,0
1505325687,21086737,3292.23,0.05782369,0
1505325687,21086736,3292.17,0.03000000,0
1505325671,21086730,3292.27,0.05150549,1
1505325656,21086722,3292.36,0.24539540,0
1505325646,21086715,3270.20,1.14959567,1
1505325643,21086710,3270.21,0.02960349,1
1505325642,21086707,3292.61,0.02272057,0
1505325640,21086705,3270.21,0.55000000,1
1505325636,21086704,3292.66,0.15147328,0
1505325634,21086701,3268.02,0.04420006,1
1505325629,21086688,3268.00,0.17189460,1
1505325629,21086687,3268.00,0.01405270,0
1505325628,21086685,3272.34,0.01405270,0
1505325628,21086684,3268.01,0.16434650,1
1505325628,21086683,3270.00,0.05000000,1
1505325628,21086682,3277.80,0.01405270,1
1505325627,21086681,3277.80,0.01405270,1
1505325626,21086678,3271.81,0.12805979,1
1505325626,21086677,3271.81,0.21194021,1
1505325624,21086675,3280.07,0.01999989,0
1505325619,21086671,3270.00,0.75409950,0
1505325618,21086670,3271.52,0.08000000,1
1505325618,21086669,3271.52,0.40000000,1
1505325618,21086667,3271.73,0.50000000,0
1505325618,21086666,3271.73,0.00221127,0
1505325617,21086662,3280.00,0.26500000,1
1505325617,21086661,3280.00,0.48338513,1
1505325615,21086659,3285.10,2.55960000,1
1505325612,21086652,3285.00,0.53090085,1
1505325610,21086645,3285.00,0.05909915,1
1505325609,21086630,3285.10,0.26208156,1
1505325608,21086628,3285.10,0.58580878,1
1505325608,21086625,3285.20,0.00442255,1
