date,tid,price,amount,type
1505347240,21103287,3843.34,8.69422876,1
1505347240,21103286,3844.32,0.13000000,1
1505347240,21103285,3845.00,0.10000000,1
1505347240,21103284,3845.05,2.58870000,1
1505347239,21103283,3845.10,3.49650000,1
1505347239,21103282,3847.38,1.74300000,1
1505347239,21103281,3850.88,0.13762000,1
1505347217,21103275,3850.90,0.25800000,1
1505347203,21103272,3861.89,0.21656054,0
1505347202,21103266,3861.89,0.08070000,0
1505347201,21103262,3861.89,0.00424662,0
1505347201,21103261,3861.89,0.20555743,0
1505347200,21103260,3861.89,0.21660000,0
1505347196,21103258,3865.34,0.37310000,0
1505347177,21103251,3862.40,0.20030000,1
1505347157,21103227,3850.88,0.01238000,1
1505347152,21103225,3858.08,0.01900000,0
1505347143,21103223,3865.31,0.00224512,0
1505347133,21103220,3851.55,1.00000000,1
1505347131,21103217,3851.53,1.00000000,1
1505347130,21103215,3865.40,0.37067106,0
1505347128,21103214,3851.52,0.96048069,1
1505347128,21103213,3857.85,0.03951931,1
1505347125,21103212,3851.47,0.74210294,0
1505347125,21103210,3851.50,0.25789706,1
1505347122,21103207,3851.47,1.00000000,1
1505347119,21103204,3851.34,1.07866745,1
1505347119,21103202,3851.38,0.02629491,1
1505347119,21103200,3851.38,0.25000000,1
1505347119,21103199,3851.53,1.74300000,1
1505347118,21103198,3865.41,0.25674000,0
1505347117,21103197,3851.47,1.00000000,0
1505347115,21103196,3851.50,1.00000000,1
1505347113,21103195,3851.38,0.24503764,0
1505347112,21103194,3851.48,0.75496236,1
1505347110,21103192,3851.47,1.00000000,1
1505347085,21103185,3869.53,3.00000000,0
1505347082,21103184,3867.82,0.46800000,0
1505347080,21103183,3867.82,0.00500000,0
1505347080,21103182,3867.82,0.01199953,1
1505347079,21103179,3867.82,0.45000000,1
1505347076,21103177,3867.82,0.00000047,1
1505347076,21103175,3867.82,0.46400000,1
1505347076,21103174,3867.82,0.40167053,1
1505347070,21103167,3865.27,0.07432947,0
1505347069,21103166,3867.82,0.27835545,1
1505347068,21103163,3867.82,0.17420065,1
1505347064,21103155,3867.82,0.01644390,1
1505347060,21103153,3870.46,2.57540000,1
1505347059,21103146,3876.45,0.16000000,0
1505347059,21103144,3876.45,0.62892626,0
1505347058,21103142,3876.39,0.12700000,0
1505347058,21103140,3876.31,0.47215088,0
1505347058,21103139,3876.31,0.30000000,0
1505347058,21103136,3876.31,0.36897562,0
1505347057,21103135,3876.31,0.60187350,0
1505347057,21103133,3868.28,0.05984764,0
1505347057,21103132,3868.28,0.21134983,0
1505347057,21103130,3868.28,0.23885183,0
1505347055,21103120,3876.33,0.02946148,0
1505347018,21103091,3879.53,0.00368268,0
1505347011,21103082,3874.51,0.99763238,1
1505347011,21103081,3874.51,1.43292714,1
1505346997,21103076,3874.50,0.25600000,0
1505346987,21103072,3874.51,0.50416583,0
1505346979,21103071,3874.47,0.01368969,0
1505346977,21103070,3870.44,0.02050000,1
1505346967,21103067,3874.55,0.16642278,0
1505346956,21103063,3874.61,0.05412265,0
1505346955,21103062,3874.71,0.01990000,0
1505346953,21103060,3874.64,0.18026395,0
1505346946,21103057,3868.22,0.00645000,1
1505346933,21103055,3874.76,0.51259760,0
1505346922,21103051,3874.85,0.15854620,0
1505346912,21103050,3874.94,0.50967315,0
1505346907,21103049,3868.21,0.03000000,1
1505346907,21103048,3868.21,0.47000000,1
1505346890,21103046,3875.13,0.07059892,0
1505346887,21103044,3875.14,1.00000000,0
1505346869,21103039,3868.32,0.69322384,0
1505346867,21103038,3870.93,0.00677616,1
1505346864,21103037,3875.32,0.05826666,1
1505346863,21103036,3875.32,0.02672400,1
1505346862,21103035,3875.87,0.19207589,0
1505346860,21103034,3870.10,0.46485300,1
1505346851,21103032,3870.10,0.01668284,1
1505346851,21103031,3870.87,0.02288244,1
1505346810,21103027,3870.96,0.11870440,1
1505346809,21103026,3869.77,0.20901085,1
1505346808,21103025,3869.48,0.22500000,1
1505346790,21103023,3867.19,0.05000000,1
1505346785,21103022,3869.53,0.02371606,0
1505346782,21103017,3869.48,0.17681620,0
1505346776,21103013,3863.85,0.13738765,1
1505346776,21103012,3867.19,0.00000254,1
1505346769,21103007,3867.19,0.17913007,1
1505346754,21103000,3867.14,1.00000000,0
1505346754,21102998,3867.19,0.14500000,0
1505346753,21102997,3867.18,0.85500000,0
1505346747,21102992,3867.14,0.15531117,1
1505346741,21102988,3867.14,1.00000000,0
1505346736,21102987,3867.19,1.00000000,1
1505346735,21102986,3871.54,0.00254960,0
1505346735,21102985,3869.93,0.00208050,0
1505346734,21102984,3867.17,0.30000000,0
1505346733,21102983,3867.14,0.48509071,0
1505346733,21102982,3867.17,1.00000000,0
1505346727,21102981,3863.82,1.00000000,0
1505346727,21102980,3863.89,0.02375068,1
1505346725,21102979,3863.88,0.90000000,1
1505346720,21102976,3863.88,0.03668490,0
1505346709,21102972,3864.00,6.42423510,0
1505346709,21102971,3860.00,0.05342815,0
1505346709,21102970,3860.00,0.71878689,0
1505346709,21102969,3858.51,2.58780000,0
1505346709,21102968,3858.49,2.35571231,0
1505346709,21102967,3858.40,1.74300000,0
1505346706,21102965,3856.53,0.04341213,1
1505346706,21102964,3856.53,0.15658787,1
1505346697,21102949,3858.64,0.17077118,0
1505346695,21102945,3858.76,0.30000000,0
1505346694,21102943,3858.76,0.25700000,0
1505346694,21102942,3858.67,1.74300000,0
1505346688,21102941,3858.69,0.03600000,0
1505346676,21102937,3856.53,0.01180279,1
1505346666,21102935,3859.37,0.24037084,0
1505346665,21102932,3856.53,0.00258004,1
1505346644,21102921,3856.52,0.45162287,0
1505346632,21102920,3856.50,0.01000000,0
1505346627,21102918,3856.51,0.02170052,0
1505346625,21102917,3853.83,0.51736217,0
1505346624,21102916,3853.83,0.05171715,0
1505346622,21102915,3856.50,0.05918636,0
1505346616,21102912,3856.61,0.27455915,0
1505346606,21102908,3859.95,0.05943600,0
1505346603,21102890,3859.95,0.13908198,0
1505346594,21102889,3859.95,0.03389588,0
1505346593,21102888,3859.98,0.44246185,0
1505346584,21102885,3860.36,0.06642241,0
1505346584,21102884,3842.84,1.00000000,1
1505346583,21102883,3860.36,0.04550000,0
1505346582,21102882,3860.36,0.01497000,0
1505346582,21102880,3860.36,0.00511432,0
1505346581,21102879,3860.36,0.03386876,0
1505346581,21102878,3860.36,0.04550989,0
1505346580,21102877,3860.36,0.05149793,0
1505346580,21102876,3860.14,0.24388137,0
1505346579,21102875,3842.44,1.00000000,1
1505346579,21102874,3860.14,1.39900000,0
1505346578,21102873,3860.14,0.01430000,0
1505346578,21102872,3860.14,0.17000000,0
1505346577,21102869,3842.33,1.00000000,0
1505346571,21102863,3860.21,0.14426314,0
1505346557,21102862,3860.35,0.01493154,0
1505346555,21102861,3850.01,0.06099981,0
1505346554,21102860,3840.18,0.05062049,1
1505346553,21102859,3844.53,1.63500000,0
1505346553,21102858,3844.53,1.00000000,0
1505346553,21102857,3848.40,0.16954899,1
1505346553,21102856,3848.40,0.05483052,1
1505346552,21102853,3850.00,1.00000000,1
1505346547,21102851,3850.01,0.46149155,0
1505346546,21102850,3850.01,0.47750864,0
1505346545,21102849,3850.01,1.00000000,0
1505346540,21102848,3850.01,0.81294382,1
1505346540,21102847,3854.88,0.18705618,1
1505346538,21102846,3850.00,1.00000000,1
1505346537,21102845,3850.62,0.17918492,0
1505346534,21102842,3850.57,0.61844258,0
1505346533,21102841,3850.60,0.00990000,0
1505346518,21102832,3860.37,0.44974280,0
1505346517,21102831,3855.00,1.00000000,1
1505346516,21102829,3848.41,0.54301140,0
1505346515,21102828,3850.01,0.12700000,1
1505346515,21102827,3852.00,0.30000000,1
1505346515,21102826,3854.89,0.02998860,1
1505346504,21102823,3863.98,0.15342958,1
1505346504,21102822,3863.98,0.02975556,1
1505346504,21102821,3863.98,0.18971725,1
1505346503,21102820,3863.98,0.11708980,1
1505346503,21102819,3863.98,0.42030475,1
1505346503,21102818,3863.98,0.06352217,1
1505346502,21102817,3859.42,0.09260404,0
1505346501,21102816,3859.43,0.09843424,1
1505346501,21102815,3859.43,0.27724717,1
1505346501,21102814,3859.43,0.07894551,1
1505346501,21102813,3859.43,0.10615117,1
1505346501,21102811,3859.43,0.20304083,1
1505346501,21102810,3859.43,0.14387025,1
1505346501,21102809,3859.43,0.09589479,1
1505346500,21102808,3859.43,0.32905939,1
1505346500,21102807,3859.43,0.15381599,1
1505346500,21102806,3859.46,0.04029277,1
1505346500,21102805,3859.46,0.25012266,1
1505346500,21102804,3859.46,0.06359656,1
1505346500,21102803,3859.46,0.06359656,1
1505346500,21102802,3859.46,0.17692196,1
1505346500,21102801,3859.46,0.46731241,1
1505346499,21102800,3859.46,0.19255756,1
1505346498,21102797,3859.46,0.38155742,1
1505346496,21102795,3864.01,0.00015000,0
1505346495,21102794,3859.46,0.10000000,0
1505346493,21102791,3864.02,0.00132900,0
1505346493,21102790,3864.02,0.02000000,0
1505346493,21102789,3863.99,0.02000000,0
1505346491,21102782,3863.99,0.07205988,0
1505346490,21102778,3842.02,1.73089600,1
1505346490,21102777,3844.00,0.20000000,1
1505346490,21102776,3846.23,0.12161994,1
1505346490,21102775,3847.40,0.85906458,1
1505346490,21102774,3848.40,0.13140741,1
1505346489,21102773,3848.40,0.13330305,1
1505346489,21102772,3848.40,0.12370902,1
1505346487,21102765,3848.40,0.07304704,0
1505346487,21102764,3848.40,0.42495296,0
1505346487,21102763,3848.39,0.00640204,0
1505346487,21102760,3848.40,0.01111700,1
1505346486,21102758,3859.32,0.00100000,1
1505346486,21102755,3859.32,0.50200000,1
1505346486,21102753,3859.32,0.49700000,1
1505346485,21102747,3867.26,0.45856074,0
1505346483,21102741,3844.00,0.07106603,1
1505346483,21102740,3846.19,0.05000000,1
1505346483,21102738,3846.23,0.20030000,1
1505346483,21102736,3847.39,0.50000000,1
1505346482,21102734,3848.40,0.85906458,0
1505346482,21102733,3843.99,0.01853542,0
1505346481,21102730,3838.23,0.19194424,1
1505346480,21102726,3840.00,0.04600000,1
1505346480,21102724,3840.00,0.40000000,1
1505346480,21102721,3840.93,0.00208050,1
1505346479,21102718,3841.00,0.80371778,1
1505346479,21102714,3841.41,8.42020000,1
1505346478,21102713,3841.47,1.50090200,1
1505346478,21102712,3841.47,5.00000000,0
1505346478,21102710,3842.00,0.04600000,1
1505346477,21102707,3842.10,0.00927698,1
1505346477,21102705,3842.10,9.32399300,0
1505346477,21102703,3842.10,2.69533785,0
1505346477,21102702,3842.10,1.69600000,0
1505346477,21102701,3842.10,17.80000000,0
1505346477,21102700,3842.10,0.20000000,0
1505346477,21102699,3842.10,0.41700000,0
1505346476,21102698,3842.10,0.37496534,0
1505346476,21102697,3842.10,0.59455179,0
1505346476,21102696,3842.10,0.20715042,0
1505346476,21102695,3842.10,0.41212000,0
1505346476,21102694,3842.10,0.20030000,0
1505346476,21102693,3842.10,0.20030000,0
1505346476,21102692,3842.10,0.17129608,0
1505346476,21102691,3842.10,0.05600000,0
1505346474,21102678,3842.58,2.37000000,1
1505346473,21102668,3843.00,2.70000000,1
1505346473,21102665,3843.00,0.10000000,1
1505346473,21102663,3843.00,2.58200000,0
1505346472,21102662,3843.81,0.00208026,1
1505346472,21102661,3843.99,7.72367350,1
1505346471,21102660,3844.00,0.04600000,1
1505346471,21102659,3846.00,0.15000000,1
1505346471,21102658,3846.00,0.04600000,1
1505346471,21102657,3846.00,1.43057882,0
1505346470,21102656,3846.59,7.37000000,1
1505346470,21102655,3847.35,0.05000000,1
1505346470,21102653,3847.35,0.89900000,0
1505346469,21102652,3848.00,0.04600000,1
1505346469,21102650,3848.12,4.13884100,0
1505346469,21102649,3848.12,0.01642789,0
1505346469,21102648,3848.35,100.20000000,1
1505346469,21102647,3849.00,1.00675095,1
1505346468,21102646,3849.00,9.53990000,0
1505346468,21102645,3849.31,7.56000000,1
1505346468,21102644,3849.86,0.01634161,1
1505346467,21102643,3849.86,0.00207071,1
1505346467,21102642,3849.86,1.31100000,0
1505346467,21102641,3850.00,0.00510000,1
1505346467,21102640,3850.00,0.04600000,1
1505346466,21102637,3850.21,5.16600000,0
1505346466,21102636,3850.21,0.47700000,0
1505346466,21102635,3850.21,0.20030000,0
1505346465,21102634,3851.06,0.20000000,1
1505346464,21102630,3852.00,0.04600000,1
1505346464,21102629,3852.00,0.46500000,0
1505346464,21102628,3852.00,0.47000000,0
1505346464,21102627,3852.00,0.47000000,0
1505346464,21102626,3852.00,0.47100000,0
1505346463,21102625,3852.00,0.20030000,0
1505346463,21102624,3852.54,0.87760000,1
1505346462,21102623,3852.61,8.03261695,1
1505346462,21102622,3854.00,0.04600000,1
1505346461,21102621,3854.96,0.16000000,1
1505346461,21102620,3854.96,0.90000000,0
1505346461,21102619,3855.02,5.16470000,0
1505346461,21102618,3855.02,2.99770000,0
1505346461,21102617,3855.02,5.16810000,1
1505346460,21102615,3855.31,0.00208028,1
1505346460,21102614,3855.31,0.32500000,0
1505346460,21102611,3856.00,0.04600000,1
1505346459,21102607,3856.83,0.03000000,1
1505346459,21102604,3856.83,2.58190000,0
1505346459,21102602,3858.00,0.04600000,1
1505346458,21102600,3858.35,0.01840205,1
1505346458,21102599,3859.29,0.02000000,1
1505346458,21102598,3859.32,1.00000000,0
1505346456,21102594,3859.32,4.00000000,0
1505346456,21102593,3859.32,0.02000000,1
1505346456,21102592,3859.55,2.58140000,1
1505346453,21102591,3873.05,0.14041884,0
1505346449,21102589,3873.07,0.03013114,0
1505346449,21102588,3873.07,0.71878689,0
1505346443,21102587,3873.20,0.50553326,1
1505346442,21102586,3859.39,0.49446674,0
1505346442,21102585,3864.84,0.01834756,1
1505346441,21102584,3871.18,0.00181917,1
1505346441,21102583,3872.25,0.05642553,1
1505346439,21102582,3873.10,0.42894100,1
1505346435,21102579,3873.20,0.57414852,1
1505346434,21102578,3873.11,0.29927617,0
1505346434,21102577,3873.11,0.12657531,0
1505346432,21102575,3873.11,0.16258801,0
1505346428,21102573,3873.10,0.14211800,1
1505346425,21102572,3873.10,0.42894100,1
1505346416,21102570,3873.20,0.19779270,1
1505346416,21102569,3873.20,0.52626600,1
1505346415,21102568,3873.20,0.01090896,1
1505346404,21102567,3873.21,0.19016059,0
1505346393,21102562,3873.20,0.09923100,1
1505346392,21102561,3873.61,0.20000000,0
1505346392,21102560,3873.61,0.13500000,0
1505346392,21102559,3873.61,1.00000000,0
1505346392,21102558,3873.61,0.76567609,0
1505346390,21102557,3873.20,0.15000000,1
1505346386,21102556,3875.56,0.47406061,1
1505346382,21102555,3873.20,0.01580134,1
1505346382,21102554,3875.73,0.00000006,1
1505346376,21102553,3875.73,0.21977000,1
1505346357,21102551,3875.59,0.01911800,0
1505346328,21102542,3875.84,0.00578626,0
1505346328,21102541,3872.25,0.03921374,0
1505346324,21102540,3872.25,0.03004500,0
1505346322,21102539,3872.25,0.45098145,0
1505346308,21102533,3872.25,0.16741976,0
1505346302,21102531,3872.25,0.31234005,0
1505346277,21102525,3872.25,1.00000000,0
1505346275,21102524,3875.90,1.00000000,0
1505346273,21102523,3875.90,1.00000000,0
1505346271,21102522,3875.89,1.00000000,0
1505346268,21102521,3875.90,1.00000000,0
1505346265,21102520,3878.05,1.00000000,0
1505346260,21102519,3872.25,0.70000000,1
1505346255,21102518,3875.87,0.51531600,1
1505346255,21102517,3875.87,0.23761700,1
1505346254,21102516,3875.87,0.23761700,0
1505346252,21102515,3875.93,0.43364777,0
1505346249,21102514,3875.96,4.87000000,0
1505346249,21102513,3875.85,1.61200000,0
1505346244,21102511,3875.87,1.00000000,0
1505346244,21102510,3875.87,0.29633147,0
1505346240,21102501,3875.90,1.00000000,0
1505346238,21102500,3875.90,0.02967444,0
1505346236,21102499,3875.95,0.10100000,0
1505346236,21102498,3875.94,0.89900000,0
1505346234,21102497,3875.95,1.00000000,0
1505346233,21102496,3875.95,0.04104230,0
1505346232,21102495,3875.99,1.00000000,0
1505346229,21102494,3875.97,0.74999709,0
1505346229,21102493,3875.97,0.60700000,0
1505346229,21102492,3875.97,1.00000000,0
1505346226,21102491,3875.98,1.00000000,0
1505346223,21102490,3876.01,1.00000000,0
1505346220,21102489,3876.07,1.00000000,0
1505346206,21102477,3869.30,1.00000000,0
1505346203,21102475,3869.34,0.43354030,0
1505346201,21102474,3869.28,1.00000000,0
1505346200,21102473,3869.30,1.00000000,1
1505346197,21102471,3869.29,0.71000000,0
1505346197,21102470,3868.00,0.10000000,0
1505346197,21102469,3865.82,0.01092970,0
1505346197,21102468,3866.81,0.00207030,1
1505346195,21102467,3868.00,0.10000000,1
1505346194,21102466,3869.35,1.00000000,1
1505346193,21102465,3869.30,0.08875293,0
1505346192,21102464,3869.30,0.10986871,0
1505346191,21102463,3869.31,1.00000000,0
1505346191,21102462,3869.31,0.20030000,0
1505346188,21102459,3869.28,0.20030000,0
1505346173,21102437,3869.48,0.43954840,0
1505346166,21102433,3869.52,0.01442453,0
1505346159,21102431,3872.58,0.04144969,0
1505346157,21102430,3869.69,0.00000039,1
1505346156,21102429,3869.69,0.46165800,1
1505346150,21102424,3869.69,0.01634161,1
1505346150,21102423,3869.69,0.00207071,1
1505346138,21102418,3874.95,0.20030000,0
1505346138,21102417,3874.96,0.01714663,0
1505346138,21102416,3871.13,0.01103532,0
1505346137,21102415,3872.43,0.01833113,1
1505346132,21102414,3874.93,0.01531382,0
1505346124,21102409,3875.00,0.32952543,1
1505346123,21102408,3875.00,0.04167618,1
1505346123,21102407,3875.01,0.01832382,1
1505346109,21102400,3875.02,0.04407754,0
1505346108,21102399,3875.02,0.14633962,0
1505346103,21102397,3875.02,0.10000000,0
1505346095,21102395,3882.39,0.16128936,0
1505346094,21102394,3882.34,0.00295373,0
1505346093,21102392,3875.03,0.00520000,0
1505346091,21102391,3882.40,0.17086095,0
1505346080,21102383,3878.29,0.43231740,1
1505346074,21102381,3881.98,0.20030000,1
1505346072,21102380,3875.03,0.00520000,0
1505346070,21102379,3875.03,1.31609722,0
1505346070,21102378,3875.03,1.72710278,0
1505346070,21102377,3875.03,0.00272920,0
1505346069,21102376,3875.03,0.20030000,0
1505346068,21102375,3875.03,0.11798006,0
1505346068,21102374,3875.03,0.99655025,0
1505346067,21102373,3875.03,0.20030000,0
1505346055,21102371,3881.44,0.07530000,1
1505346055,21102370,3881.44,1.00000000,1
1505346055,21102368,3881.02,2.57490000,0
1505346053,21102365,3875.45,0.03560000,0
1505346053,21102362,3875.45,0.43652495,0
1505346052,21102361,3875.45,0.00206072,1
1505346047,21102359,3878.29,0.02869825,0
1505346043,21102356,3878.32,0.07120000,0
1505346042,21102355,3878.32,0.00206032,1
1505346040,21102354,3879.99,0.02229000,0
1505346037,21102353,3880.00,0.33713803,0
1505346036,21102351,3880.00,0.20531625,0
1505346032,21102349,3879.98,0.20560572,0
1505346029,21102340,3880.00,0.14000000,1
1505346029,21102339,3880.00,0.38688889,1
1505346026,21102338,3880.00,0.22022963,1
1505346026,21102337,3880.00,0.77977037,1
1505346023,21102332,3880.00,0.30000000,1
1505346021,21102331,3880.00,2.55120508,1
1505346017,21102329,3880.00,5.12100000,1
1505346016,21102328,3881.90,0.04103386,0
1505346015,21102327,3881.90,0.21385270,0
1505346013,21102325,3880.00,11.24802455,1
1505346013,21102323,3881.20,0.00206073,1
1505346013,21102322,3881.37,0.06917413,1
1505346013,21102321,3881.40,3.58074059,1
1505346006,21102315,3886.83,0.47100000,1
1505346005,21102314,3886.83,7.08706627,1
1505346004,21102313,3886.83,0.99402200,1
1505346004,21102312,3888.60,0.00597800,1
1505346002,21102311,3886.83,4.99480000,1
1505346002,21102309,3886.83,0.00520000,1
1505346001,21102307,3886.83,1.00000000,1
1505345998,21102306,3886.83,1.00000000,1
1505345995,21102305,3886.83,1.00000000,1
1505345995,21102304,3886.83,5.00000000,1
1505345994,21102303,3886.83,15.86500000,1
1505345993,21102300,3886.83,1.00000000,1
1505345991,21102299,3886.83,14.66230000,1
1505345990,21102298,3886.83,1.00000000,1
1505345988,21102295,3886.83,14.00000000,1
1505345987,21102294,3886.83,1.00000000,1
1505345987,21102293,3886.83,0.00018348,1
1505345987,21102292,3887.29,0.01286200,1
1505345985,21102290,3886.83,3.50503197,1
1505345984,21102289,3886.83,1.00000000,1
1505345983,21102284,3891.26,0.11591671,0
1505345974,21102275,3886.83,15.60000000,1
1505345974,21102274,3887.29,0.28365578,0
1505345970,21102265,3887.29,0.43548085,1
1505345970,21102264,3887.29,0.02763411,1
1505345959,21102246,3894.15,0.18345578,0
1505345951,21102242,3893.56,0.00347438,0
1505345950,21102241,3893.70,0.10020000,0
1505345948,21102237,3887.29,0.57548744,0
1505345948,21102236,3887.29,0.23943911,0
1505345945,21102230,3887.29,0.18507345,0
1505345942,21102227,3894.58,2.81570000,0
1505345941,21102226,3894.58,0.71560000,0
1505345941,21102225,3894.57,1.46870000,0
1505345941,21102224,3894.57,0.20030000,0
1505345940,21102222,3886.83,1.00000000,1
1505345938,21102221,3886.83,0.36585414,1
1505345937,21102219,3886.84,0.63414586,1
1505345936,21102218,3894.60,0.20030000,0
1505345935,21102217,3886.83,7.50000000,1
1505345934,21102216,3886.83,1.00000000,1
1505345932,21102214,3894.57,0.20030000,0
1505345932,21102211,3886.83,0.63552848,1
1505345932,21102209,3887.28,0.36447152,1
1505345928,21102201,3892.55,0.14997650,0
1505345927,21102200,3886.83,0.01833113,1
1505345924,21102188,3886.83,0.96668253,1
1505345923,21102187,3886.84,0.20000000,1
1505345923,21102186,3886.84,0.90000000,0
1505345923,21102185,3886.84,0.20030000,0
1505345923,21102184,3886.84,0.09000000,0
1505345922,21102183,3886.95,0.00206074,1
1505345922,21102182,3887.20,0.81056145,1
1505345922,21102181,3887.20,0.20030000,0
1505345921,21102180,3887.22,0.01826721,1
1505345921,21102179,3887.22,3.35712419,0
1505345921,21102178,3887.28,1.74300000,0
1505345919,21102177,3898.45,0.20030000,0
1505345918,21102176,3887.25,0.13119895,0
1505345917,21102175,3890.14,0.07009729,1
1505345917,21102174,3892.70,1.00000000,0
1505345917,21102173,3892.70,0.00206075,1
1505345916,21102170,3900.00,0.19664301,0
1505345916,21102168,3898.46,0.00365699,0
1505345913,21102136,3898.46,0.00205076,1
1505345913,21102135,3900.01,0.09429225,1
1505345910,21102132,3901.28,0.20030000,0
1505345909,21102130,3900.00,0.01455006,0
1505345908,21102129,3900.00,0.08544994,1
1505345908,21102127,3901.28,0.51722000,0
1505345907,21102126,3901.28,0.11778744,0
1505345906,21102123,3901.33,0.18030000,0
1505345906,21102122,3901.30,0.02000000,0
1505345902,21102117,3901.33,0.20030000,0
1505345895,21102103,3904.74,0.00000002,1
1505345883,21102083,3907.39,0.01785100,0
1505345871,21102069,3904.74,0.46999998,1
1505345871,21102068,3904.74,0.00000002,1
1505345863,21102064,3904.74,0.46599998,1
1505345863,21102063,3904.74,0.00000002,1
1505345852,21102061,3904.74,0.09286500,1
1505345851,21102060,3904.77,0.41000000,1
1505345847,21102058,3907.75,0.16372736,0
1505345837,21102053,3907.84,0.11354206,0
1505345826,21102045,3907.95,0.02800000,0
1505345814,21102038,3908.12,0.55480000,0
1505345810,21102037,3908.15,0.04112576,0
1505345801,21102036,3904.77,0.06000000,1
1505345795,21102035,3908.24,0.00461513,0
1505345789,21102032,3904.77,0.47300000,1
1505345789,21102031,3904.77,0.46900000,1
1505345789,21102030,3904.77,0.46600000,1
1505345788,21102029,3904.77,0.47100000,1
1505345772,21102018,3912.61,0.07798823,0
1505345764,21102017,3912.69,0.08211164,0
1505345763,21102016,3912.66,0.01781800,0
1505345760,21102014,3912.67,0.20030000,0
1505345713,21102002,3912.98,0.02625452,0
1505345713,21102001,3912.98,0.02000000,0
1505345706,21101988,3913.01,0.05863487,0
1505345678,21101977,3913.21,0.05385149,0
1505345667,21101967,3900.45,0.82714716,1
1505345667,21101966,3903.40,0.17285284,1
1505345664,21101962,3900.44,0.12240000,0
1505345663,21101958,3900.44,0.87760000,1
1505345650,21101946,3907.89,0.47360000,0
1505345645,21101943,3907.90,0.12204226,1
1505345644,21101942,3913.77,0.22990000,0
1505345643,21101939,3913.79,0.00600000,0
1505345642,21101937,3913.79,0.20000000,0
1505345642,21101936,3913.79,0.30000000,0
1505345641,21101935,3913.79,0.00291510,0
1505345640,21101934,3913.79,0.07749167,0
1505345639,21101933,3916.81,0.05391545,0
1505345639,21101931,3916.20,0.01014503,0
1505345639,21101930,3916.07,0.29000000,0
1505345638,21101929,3915.98,0.02069802,0
1505345638,21101928,3915.98,0.49227888,0
1505345598,21101901,3919.22,0.09978000,0
1505345590,21101890,3919.17,2.18570000,0
1505345586,21101889,3919.18,0.26465784,0
1505345577,21101884,3919.24,0.41780000,0
1505345566,21101877,3900.43,0.01826721,1
1505345563,21101876,3900.43,0.21034856,1
1505345563,21101875,3900.55,0.01819203,1
1505345563,21101874,3900.56,0.04000000,1
1505345563,21101873,3901.26,4.02937335,1
1505345562,21101872,3902.34,8.10000000,1
1505345562,21101871,3903.00,1.16438038,1
1505345562,21101870,3903.00,0.98096114,1
1505345562,21101869,3903.00,0.03961587,1
1505345562,21101868,3903.00,0.01804644,1
1505345562,21101867,3903.00,1.69674040,1
1505345562,21101866,3903.05,6.99300000,1
1505345562,21101865,3903.07,3.49650000,1
1505345561,21101864,3903.07,6.99300000,1
1505345561,21101863,3904.21,0.00205077,1
1505345561,21101862,3905.00,0.25875776,1
1505345561,21101861,3905.01,0.18000000,1
1505345561,21101860,3905.04,0.14000000,1
1505345561,21101859,3905.73,1.74300000,1
1505345561,21101858,3912.94,2.55000000,1
1505345561,21101857,3913.61,0.00257536,1
1505345561,21101856,3914.00,0.39900000,1
1505345560,21101855,3916.00,0.47300000,1
1505345560,21101854,3920.12,2.33730000,1
1505345560,21101853,3920.88,0.06569477,0
1505345549,21101851,3920.12,0.01032530,0
1505345547,21101850,3920.11,0.39463553,0
1505345533,21101848,3916.00,1.00000000,1
1505345531,21101847,3916.00,1.00000000,1
1505345529,21101846,3916.00,1.00000000,1
1505345521,21101843,3919.99,0.00128331,0
1505345516,21101842,3920.00,0.83260000,0
1505345504,21101841,3919.99,0.00983775,0
1505345488,21101840,3920.00,0.20765746,0
1505345487,21101839,3920.00,0.81518476,0
1505345486,21101838,3920.00,1.82610254,0
1505345486,21101837,3919.99,0.26630000,0
1505345485,21101836,3919.99,0.00370000,0
1505345467,21101834,3920.00,0.03641318,0
1505345458,21101831,3920.00,0.47000000,0
1505345457,21101830,3920.00,0.46600000,0
1505345456,21101829,3921.18,0.47000000,1
1505345456,21101828,3921.18,0.46900000,1
1505345456,21101827,3921.19,2.54120000,1
1505345436,21101821,3928.10,0.01480227,0
1505345426,21101819,3926.97,0.43091702,0
1505345425,21101818,3924.17,0.00189139,0
1505345425,21101817,3924.08,0.23300000,0
1505345425,21101816,3924.08,0.48600000,0
1505345425,21101815,3924.08,0.01900000,0
1505345425,21101814,3924.08,0.10805487,0
1505345416,21101811,3924.08,0.01894513,0
1505345400,21101809,3924.09,0.13651047,0
1505345383,21101807,3924.11,0.02500000,0
1505345282,21101783,3924.15,0.02900000,0
1505345226,21101781,3924.16,0.23640219,0
1505345212,21101775,3924.16,0.02080783,0
1505345181,21101747,3919.44,0.02300000,1
1505345176,21101746,3919.44,0.02816000,1
1505345144,21101745,3929.25,0.04917900,0
1505345103,21101735,3914.90,0.01623627,0
1505345103,21101734,3918.83,0.00176373,1
1505345100,21101733,3929.48,0.18200000,1
1505345091,21101732,3929.50,0.63935160,0
1505345066,21101727,3929.76,0.38100000,0
1505345057,21101725,3924.17,0.03584000,1
1505345043,21101716,3929.88,0.50000000,0
1505344980,21101706,3921.66,0.05159865,0
1505344980,21101705,3921.09,0.17357542,0
1505344951,21101697,3921.00,0.10495995,1
1505344932,21101679,3929.30,0.02063703,0
1505344925,21101676,3921.11,0.01090000,1
1505344920,21101670,3929.33,0.37381655,1
1505344920,21101669,3929.33,0.62618345,0
1505344917,21101668,3929.33,1.00000000,0
1505344914,21101666,3929.32,1.00000000,0
1505344912,21101665,3929.33,1.00000000,0
1505344909,21101664,3929.35,1.00000000,0
1505344906,21101657,3929.44,1.00000000,0
1505344896,21101650,3929.51,0.60580437,0
1505344896,21101649,3925.00,0.05000000,0
1505344895,21101648,3922.97,1.70484403,0
1505344892,21101647,3918.83,0.17599462,0
1505344892,21101646,3918.81,0.27730446,0
1505344884,21101629,3918.81,0.01216993,0
1505344869,21101624,3914.06,0.00254214,1
1505344867,21101623,3918.83,0.01393513,0
1505344865,21101619,3918.82,0.04460813,0
1505344848,21101604,3918.82,0.01093787,0
1505344803,21101591,3918.83,0.30366067,0
1505344802,21101590,3914.01,0.51167686,1
1505344701,21101551,3914.31,0.01294529,0
1505344689,21101533,3915.09,0.13330159,0
1505344689,21101532,3914.43,0.00364036,0
1505344689,21101531,3914.43,0.00290000,0
1505344661,21101525,3913.61,1.00000000,0
1505344660,21101521,3913.61,1.00000000,0
1505344648,21101506,3905.75,2.09072185,0
1505344647,21101505,3906.66,0.03982000,1
1505344647,21101504,3906.69,1.00000000,0
1505344647,21101503,3906.69,1.00000000,0
1505344646,21101502,3909.50,0.11701915,1
1505344646,21101501,3909.96,0.00205078,1
1505344646,21101500,3910.00,0.50000000,1
1505344645,21101499,3910.01,0.47200000,1
1505344645,21101498,3910.01,0.33838822,1
1505344640,21101497,3910.01,0.12961178,1
1505344640,21101495,3910.01,0.00383759,1
1505344640,21101493,3910.01,0.19853113,1
1505344632,21101487,3915.00,0.33122579,1
1505344624,21101481,3918.04,0.11645160,0
1505344619,21101479,3915.00,0.10281500,1
1505344570,21101462,3918.65,0.01286548,0
1505344565,21101461,3918.67,0.04482852,0
1505344565,21101460,3915.00,0.16595921,1
1505344565,21101458,3915.71,0.00204079,1
1505344563,21101456,3916.55,0.03200000,1
1505344541,21101452,3918.83,0.03089000,0
1505344519,21101442,3918.93,0.00511564,0
1505344504,21101437,3916.55,0.01819303,1
1505344504,21101436,3916.55,0.47100000,1
1505344504,21101435,3916.55,0.45380797,1
1505344502,21101433,3916.55,0.01819203,1
1505344494,21101408,3916.55,0.01812972,1
1505344465,21101378,3922.22,0.00617300,0
1505344450,21101376,3922.32,0.13634371,0
1505344437,21101373,3922.28,0.00983348,0
1505344420,21101370,3922.31,0.17839871,0
1505344420,21101369,3922.05,0.32160129,0
1505344400,21101362,3922.32,0.00430000,0
1505344360,21101352,3928.77,0.08148143,0
1505344341,21101349,3929.11,0.01963584,0
1505344323,21101347,3929.45,0.05481608,0
1505344323,21101346,3929.43,0.01448492,0
1505344302,21101344,3916.96,0.25921082,1
1505344291,21101343,3929.95,0.01119240,1
1505344281,21101339,3921.57,0.00433417,0
1505344281,21101338,3921.15,0.06375000,0
1505344269,21101332,3925.00,2.54600000,0
1505344263,21101331,3925.00,0.06219300,0
1505344258,21101329,3925.00,2.54520000,0
1505344257,21101328,3925.00,47.31321612,1
1505344257,21101327,3925.09,0.02000000,1
1505344247,21101323,3929.77,0.02000000,0
1505344213,21101312,3925.08,0.19498833,1
1505344212,21101311,3925.09,0.47300000,0
1505344212,21101310,3925.09,0.54401167,1
1505344211,21101309,3925.09,0.46800000,1
1505344196,21101307,3929.98,0.02083509,0
1505344148,21101302,3930.22,0.25000000,0
1505344137,21101299,3930.27,0.02190000,0
1505344136,21101298,3930.28,0.30790000,0
1505344103,21101289,3931.13,0.01349311,1
1505344098,21101286,3934.20,0.65752729,1
1505344094,21101284,3934.40,0.15228752,0
1505344066,21101276,3930.67,0.50000000,0
1505344042,21101273,3934.65,0.03602183,0
1505344024,21101270,3925.00,2.45890000,1
1505344024,21101269,3925.10,2.54110000,1
1505344022,21101268,3930.86,0.13313400,0
1505344022,21101267,3930.86,0.10400000,0
1505344008,21101265,3930.97,0.04268157,1
1505344005,21101263,3930.98,0.05855499,0
1505343969,21101253,3930.60,0.02904997,0
1505343967,21101252,3925.01,0.12470000,1
1505343955,21101249,3930.60,2.34051417,0
1505343949,21101247,3930.33,0.04257102,0
1505343946,21101246,3930.33,0.00667286,1
1505343935,21101242,3925.00,13.62461661,1
1505343935,21101241,3926.11,0.08511986,1
1505343935,21101240,3926.27,0.34600000,1
1505343912,21101228,3932.90,0.01932853,0
1505343906,21101225,3932.99,0.23586964,1
1505343881,21101214,3930.19,0.02450101,0
1505343872,21101211,3926.27,0.12800000,1
1505343872,21101210,3926.27,0.47100000,1
1505343872,21101209,3926.27,0.47100000,1
1505343872,21101208,3926.27,0.46800000,1
1505343872,21101207,3926.27,0.47200000,1
1505343853,21101206,3930.29,0.01473634,0
1505343850,21101205,3930.26,0.05896803,0
1505343818,21101201,3933.16,0.18421240,0
1505343803,21101200,3933.39,0.01700000,0
1505343796,21101196,3933.47,0.00364362,1
1505343787,21101194,3933.62,0.03164000,0
1505343750,21101187,3925.81,0.03402277,1
1505343748,21101185,3934.33,0.12268004,0
1505343727,21101176,3934.24,0.58575012,1
1505343725,21101174,3930.76,0.01014268,0
1505343723,21101172,3934.26,0.02500000,0
1505343708,21101165,3926.47,0.35135000,1
1505343684,21101161,3934.74,0.03549646,0
1505343676,21101159,3934.70,1.81153728,0
1505343667,21101154,3932.17,0.05630733,0
1505343667,21101153,3932.17,0.02333825,0
1505343665,21101151,3928.39,0.06044144,0
1505343645,21101140,3934.61,0.00364364,1
1505343619,21101127,3934.73,0.00371034,0
1505343604,21101119,3934.58,1.00000000,0
1505343602,21101118,3934.59,0.68800000,0
1505343602,21101117,3934.56,0.31200000,0
1505343599,21101115,3934.62,1.00000000,0
1505343588,21101114,3932.62,1.00000000,0
1505343588,21101113,3932.62,1.02741482,0
1505343586,21101109,3932.70,0.68800000,1
1505343585,21101108,3932.23,0.31200000,0
1505343577,21101105,3930.85,0.80699000,0
1505343576,21101103,3927.55,0.19301000,0
1505343558,21101097,3925.00,1.98350000,1
1505343558,21101096,3925.01,0.47400000,1
1505343557,21101095,3925.03,2.54250000,1
1505343525,21101082,3925.00,0.96275000,1
1505343525,21101081,3925.82,0.05000000,1
1505343525,21101080,3926.31,3.98725000,1
1505343518,21101070,3926.27,0.03300000,1
1505343517,21101069,3926.27,0.12700000,1
1505343500,21101062,3932.65,0.00442167,0
1505343497,21101061,3932.71,0.00936377,1
1505343496,21101060,3926.27,0.01275000,1
1505343491,21101056,3926.26,0.29041482,1
1505343491,21101055,3926.26,0.47200000,1
1505343491,21101054,3926.26,0.46900000,1
1505343491,21101053,3926.27,2.97258518,1
1505343491,21101052,3926.36,0.79600000,1
1505343459,21101036,3926.27,2.12933384,1
1505343436,21101032,3926.28,0.20400000,1
1505343426,21101031,3933.35,0.78346204,0
1505343425,21101030,3926.07,0.02168686,0
1505343413,21101026,3934.71,0.03339322,1
1505343410,21101024,3934.73,0.75315838,0
1505343410,21101022,3933.79,1.26363984,0
1505343410,21101021,3932.86,0.68820178,0
1505343400,21101016,3932.75,1.71557662,0
1505343389,21101014,3933.90,0.08052102,0
1505343389,21101013,3933.87,0.30978000,0
1505343380,21101007,3932.16,3.76377498,0
1505343378,21101006,3930.00,0.30000000,0
1505343367,21100998,3934.32,0.62213831,0
1505343361,21100993,3928.34,0.20927000,1
1505343361,21100992,3930.00,0.30000000,1
1505343345,21100981,3925.45,0.01778000,1
1505343337,21100979,3925.00,5.00000000,1
1505343334,21100977,3931.28,0.15000000,0
1505343312,21100967,3930.00,0.02297196,0
1505343311,21100964,3925.15,0.29200000,1
1505343309,21100955,3925.01,0.51814482,0
1505343308,21100954,3925.01,0.05000000,0
1505343307,21100950,3925.01,4.00000000,0
1505343307,21100943,3925.01,0.00185518,0
1505343307,21100942,3925.01,0.01000000,0
1505343306,21100941,3925.01,0.42000000,1
1505343296,21100929,3929.95,0.01000000,1
1505343269,21100928,3925.00,4.98533484,1
1505343268,21100927,3925.01,0.01466516,1
1505343262,21100926,3929.99,0.01466516,0
1505343256,21100923,3925.00,0.03556000,1
1505343255,21100922,3925.00,1.34311459,1
1505343240,21100916,3929.99,0.17559724,0
1505343238,21100915,3925.00,2.63900000,1
1505343237,21100914,3925.03,0.47300000,1
1505343237,21100913,3925.03,0.47200000,1
1505343237,21100912,3925.03,0.47500000,1
1505343237,21100911,3925.03,0.47200000,1
1505343237,21100910,3925.03,0.46900000,1
1505343215,21100908,3925.00,0.68610850,1
1505343209,21100907,3925.00,16.00000000,1
1505343207,21100902,3925.00,2.96789934,1
1505343199,21100901,3925.01,0.43141105,1
1505343199,21100900,3925.33,0.14000000,1
1505343199,21100899,3926.00,0.07300560,1
1505343197,21100898,3930.00,0.07076187,1
1505343197,21100896,3930.00,10.75896302,1
1505343189,21100891,3930.00,0.12846538,1
1505343189,21100890,3934.74,0.00323969,0
1505343187,21100889,3930.00,0.15402963,1
1505343187,21100888,3930.00,0.01000000,1
1505343186,21100887,3934.78,0.02699128,0
1505343176,21100885,3930.00,4.78033128,1
1505343175,21100884,3930.01,0.21966872,1
1505343162,21100882,3930.03,2.60840619,1
1505343162,21100881,3934.76,0.05866257,0
1505343159,21100877,3934.78,0.08830534,0
1505343153,21100875,3934.78,0.11469216,0
1505343153,21100874,3934.78,0.10000000,0
1505343152,21100873,3935.92,0.18371403,0
1505343151,21100872,3935.92,0.02784583,0
1505343151,21100871,3936.00,0.16939151,0
1505343150,21100870,3936.00,0.17659381,0
1505343149,21100869,3936.00,0.03060849,0
1505343149,21100868,3935.95,0.17215417,0
1505343148,21100867,3935.99,0.22447183,0
1505343148,21100866,3935.93,0.87245955,0
1505343142,21100865,3930.02,2.00000000,1
1505343142,21100864,3932.18,2.74423135,1
1505343141,21100863,3932.18,0.25576865,1
1505343138,21100855,3936.23,0.01000000,0
1505343134,21100854,3936.26,0.03142758,0
1505343134,21100851,3936.28,0.09917058,0
1505343123,21100848,3936.13,0.08881400,0
1505343116,21100817,3930.01,2.46472761,0
1505343115,21100816,3930.01,2.53527239,1
1505343112,21100815,3936.29,0.02941372,0
1505343111,21100814,3936.28,0.56130000,0
1505343111,21100813,3936.28,0.16404376,0
1505343111,21100812,3936.23,0.10310000,0
1505343110,21100811,3936.28,0.05710000,0
1505343110,21100810,3936.28,0.01590000,0
1505343110,21100809,3936.28,0.23710000,0
1505343110,21100808,3936.28,0.23710000,0
1505343110,21100807,3936.28,0.17400000,0
1505343108,21100805,3936.28,0.02027290,0
1505343108,21100804,3936.28,0.14570000,0
1505343108,21100803,3936.28,0.01880000,0
1505343108,21100802,3936.28,0.10310000,0
1505343107,21100801,3936.29,0.23710000,0
1505343107,21100800,3936.29,0.09079628,0
1505343107,21100799,3936.29,0.23710000,0
1505343107,21100798,3936.29,0.23710000,0
1505343106,21100797,3936.29,0.01000000,0
1505343106,21100796,3936.29,0.23710000,0
1505343106,21100795,3936.29,0.17400000,0
1505343105,21100794,3936.29,0.16240000,0
1505343105,21100793,3936.29,0.10050000,0
1505343104,21100792,3936.29,0.05846862,0
1505343104,21100791,3936.29,0.17180000,0
1505343104,21100790,3936.29,0.15760000,0
1505343103,21100789,3936.50,0.05670000,0
1505343103,21100788,3936.50,0.04190664,0
1505343103,21100787,3936.50,0.00300000,0
1505343102,21100786,3936.50,0.05500000,0
1505343102,21100785,3936.50,0.01580000,0
1505343101,21100784,3936.50,0.06745332,0
1505343064,21100777,3930.01,0.00252761,1
1505343042,21100770,3936.85,0.02000000,0
1505343039,21100766,3930.01,0.33944189,1
1505343036,21100762,3930.01,0.16421400,1
1505343031,21100756,3930.01,0.06351250,1
1505343028,21100755,3936.52,0.02787749,0
1505343028,21100752,3936.52,0.02197000,0
1505343027,21100750,3936.52,0.43945200,0
1505343027,21100748,3936.52,0.83625271,0
1505343027,21100747,3935.00,0.42652953,0
1505343026,21100743,3935.00,0.05304800,0
1505342998,21100739,3936.70,0.00327177,0
1505342987,21100729,3936.31,0.90901000,0
1505342986,21100727,3930.00,0.02108200,1
1505342984,21100723,3930.00,3.80000000,1
1505342973,21100721,3930.01,2.05530000,1
1505342972,21100720,3930.01,0.48300000,0
1505342971,21100719,3930.00,7.00000000,1
1505342969,21100718,3930.00,2.99648578,1
1505342968,21100717,3930.00,7.00000000,1
1505342968,21100716,3936.09,0.84009000,0
1505342968,21100715,3930.02,0.25000000,0
1505342967,21100714,3930.01,0.46800000,0
1505342966,21100712,3930.00,7.00000000,1
1505342965,21100711,3930.00,7.00000000,1
1505342964,21100710,3930.00,5.00000000,1
1505342964,21100709,3930.01,2.54150000,0
1505342943,21100699,3930.00,5.00000000,1
1505342942,21100697,3930.00,5.00000000,1
1505342929,21100692,3930.00,15.39000000,1
1505342928,21100691,3930.01,0.46000000,1
1505342897,21100687,3936.77,0.02300000,0
1505342879,21100683,3930.02,0.15311555,1
1505342878,21100682,3936.92,0.02400000,0
1505342874,21100679,3930.04,0.23000000,1
1505342851,21100665,3936.99,0.02637329,0
1505342850,21100664,3930.07,0.45000000,1
1505342844,21100662,3937.00,0.00760000,0
1505342843,21100658,3936.95,0.01287116,0
1505342827,21100656,3937.00,0.11654813,0
1505342826,21100654,3937.00,0.05837458,0
1505342791,21100632,3936.99,0.00291672,0
1505342746,21100619,3930.03,0.02383742,1
1505342730,21100616,3930.01,1.00000000,0
1505342727,21100614,3930.01,1.00000000,0
1505342724,21100610,3930.01,1.00000000,1
1505342722,21100609,3937.68,0.07644348,0
1505342720,21100606,3930.01,1.00000000,1
1505342719,21100605,3930.01,0.46000000,0
1505342719,21100604,3930.01,0.54000000,1
1505342714,21100602,3937.70,0.02444045,0
1505342714,21100601,3930.01,1.00000000,0
1505342712,21100600,3930.01,0.01755600,0
1505342711,21100599,3930.01,0.60000000,1
1505342708,21100596,3930.01,1.00000000,1
1505342707,21100595,3935.15,0.05844327,0
1505342706,21100592,3930.01,1.00000000,1
1505342703,21100589,3931.42,0.05000000,0
1505342700,21100584,3930.01,0.01812972,1
1505342694,21100582,3931.53,0.11000000,0
1505342694,21100581,3930.00,2.79600000,1
1505342693,21100580,3930.01,0.66000000,0
1505342693,21100579,3930.19,1.54400000,1
1505342690,21100578,3931.53,1.74300000,0
1505342689,21100577,3931.53,1.74300000,0
1505342689,21100576,3931.53,1.74300000,0
1505342684,21100575,3935.15,2.50000000,0
1505342684,21100574,3933.36,0.93760291,1
1505342684,21100573,3933.38,1.74300000,1
1505342683,21100571,3934.16,0.01803843,1
1505342682,21100569,3936.02,0.00200000,0
1505342676,21100564,3935.00,0.50000000,1
1505342670,21100562,3938.76,0.97171400,0
1505342669,21100561,3938.00,0.50000000,1
1505342669,21100560,3938.02,1.74300000,1
1505342669,21100559,3938.63,1.74300000,1
1505342667,21100556,3939.42,1.09100000,0
1505342663,21100554,3939.44,1.00000000,1
1505342662,21100552,3939.34,1.00000000,0
1505342662,21100551,3938.07,0.15676018,0
1505342662,21100550,3938.07,1.00000000,0
1505342647,21100537,3941.98,0.03290000,0
1505342642,21100534,3942.36,0.07176155,0
1505342635,21100529,3944.93,0.00293032,0
1505342632,21100527,3944.93,0.16140000,0
1505342632,21100526,3944.48,0.07000000,0
1505342632,21100524,3944.48,0.27100000,0
1505342631,21100522,3944.48,0.01890000,0
1505342631,21100521,3944.48,0.50000000,0
1505342628,21100520,3944.50,0.01751422,1
1505342626,21100518,3944.48,0.02657000,1
1505342625,21100517,3944.50,0.36100000,1
1505342622,21100516,3944.50,0.11400000,1
1505342622,21100514,3944.50,0.46900000,1
1505342622,21100513,3944.50,0.41700000,1
1505342620,21100511,3944.50,0.05500000,1
1505342620,21100510,3944.50,0.47200000,1
1505342620,21100509,3944.50,0.47300000,1
1505342535,21100470,3949.99,0.09200000,0
1505342534,21100468,3944.15,0.67861000,1
1505342532,21100467,3949.99,0.01097826,0
1505342530,21100465,3949.99,0.00600000,0
1505342528,21100462,3949.99,0.01465666,0
1505342518,21100458,3949.99,3.33650000,0
1505342517,21100457,3949.99,1.66350000,0
1505342516,21100454,3949.99,0.71499693,0
1505342505,21100447,3949.99,1.02052895,0
1505342505,21100446,3949.98,3.97947105,0
1505342472,21100432,3943.83,0.03000000,1
1505342464,21100425,3949.98,0.02052895,0
1505342452,21100405,3949.99,2.47962206,0
1505342451,21100404,3949.98,2.52037794,0
1505342450,21100403,3949.98,0.00288198,0
1505342419,21100376,3949.98,0.03259088,0
1505342418,21100362,3943.37,0.09435550,1
1505342405,21100330,3949.99,0.01292000,0
1505342404,21100329,3949.99,0.00439833,0
1505342402,21100328,3943.26,0.25225744,1
1505342402,21100327,3943.26,0.47000000,1
1505342397,21100320,3949.99,0.08472824,0
1505342392,21100316,3949.99,0.74133600,0
1505342381,21100295,3949.99,2.52410000,0
1505342369,21100272,3949.99,0.05906035,0
1505342369,21100271,3944.16,0.11200000,0
1505342369,21100270,3944.16,1.46827965,0
1505342342,21100234,3949.98,0.00696538,0
1505342342,21100233,3949.98,0.37154247,0
1505342342,21100231,3949.98,0.15857891,0
1505342342,21100226,3949.98,0.04291324,0
1505342341,21100225,3949.98,0.20000000,0
1505342341,21100221,3949.98,0.02057347,0
1505342338,21100220,3942.74,0.04026352,1
1505342338,21100219,3943.00,1.74300000,1
1505342327,21100216,3942.68,0.00299800,1
1505342319,21100214,3949.98,0.06000000,0
1505342313,21100210,3949.98,0.00293438,0
1505342288,21100204,3949.99,0.02323297,0
1505342287,21100202,3949.99,0.02323297,0
1505342283,21100200,3949.99,0.03259716,0
1505342280,21100199,3949.99,0.00500000,0
1505342277,21100198,3949.98,0.02525329,1
1505342268,21100195,3949.99,0.03092400,0
1505342268,21100194,3949.99,2.22000000,0
1505342263,21100189,3949.98,0.10000000,1
1505342257,21100183,3949.98,1.04320192,1
1505342233,21100168,3949.99,0.04890000,0
1505342225,21100164,3949.99,0.02323297,0
1505342223,21100162,3949.99,0.14354100,0
1505342215,21100157,3949.99,0.04323302,0
1505342209,21100152,3949.01,0.02098225,1
1505342207,21100150,3949.97,0.12581298,0
1505342172,21100120,3949.99,0.02840000,0
1505342172,21100118,3949.99,0.50000000,0
1505342171,21100117,3949.99,0.68337282,0
1505342171,21100116,3949.99,1.11498128,0
1505342153,21100107,3949.99,2.88516000,0
1505342124,21100066,3949.99,0.01175754,0
1505342116,21100049,3941.27,0.03124200,1
1505342116,21100048,3949.99,0.43236157,0
1505342115,21100047,3949.98,0.01803843,0
1505342106,21100038,3949.99,0.51070000,0
1505342105,21100037,3949.99,0.01794421,0
1505342103,21100035,3948.40,0.01205000,0
1505342101,21100033,3949.99,0.01797371,0
1505342098,21100030,3949.99,2.20103190,0
1505342098,21100029,3949.63,0.01803968,0
1505342098,21100028,3949.18,0.38000000,0
1505342098,21100027,3948.97,0.20000000,0
1505342097,21100026,3948.32,0.00206032,0
1505342097,21100025,3948.14,0.01804644,0
1505342097,21100024,3948.00,0.38248215,0
1505342097,21100023,3948.00,0.04412576,0
1505342096,21100020,3947.99,0.26364399,1
1505342095,21100017,3947.99,1.06788197,1
1505342095,21100016,3947.99,0.31093767,0
1505342087,21100006,3947.99,2.30731977,0
1505342087,21100005,3947.99,0.88878049,0
1505342078,21099990,3947.99,0.38817010,0
1505342072,21099981,3947.90,3.82759738,1
1505342072,21099980,3948.00,0.02105263,0
1505342071,21099976,3948.00,0.00295643,0
1505342070,21099975,3948.00,0.34938303,0
1505342070,21099974,3948.00,0.04600000,0
1505342070,21099973,3948.00,0.02473405,0
1505342070,21099972,3947.92,0.26323917,0
1505342070,21099971,3947.89,1.00000000,0
1505342056,21099959,3940.00,1.17240262,0
1505342046,21099957,3940.00,0.88380000,0
1505342041,21099953,3940.00,3.29000000,0
1505342036,21099944,3940.00,0.59310000,0
1505342029,21099943,3940.00,0.05150000,0
1505342028,21099942,3940.00,0.16574590,0
1505342028,21099941,3940.00,0.00750000,0
1505342026,21099940,3936.30,0.01523616,1
1505342025,21099939,3940.00,0.92242339,0
1505342016,21099929,3940.00,0.93237493,0
1505342008,21099926,3940.00,0.20000000,0
1505342007,21099925,3940.00,0.76008011,0
1505342004,21099924,3940.00,0.00916070,0
1505341990,21099908,3940.00,3.52700000,0
1505341986,21099906,3940.00,0.02329188,0
1505341970,21099896,3940.00,0.28000000,0
1505341969,21099895,3940.00,1.62297018,0
1505341969,21099894,3940.00,0.59702982,0
1505341955,21099888,3933.03,0.04992456,1
1505341952,21099886,3940.00,2.53800000,0
1505341946,21099881,3940.00,0.00610977,0
1505341945,21099880,3940.00,4.00000000,0
1505341945,21099879,3940.00,2.98591452,0
1505341943,21099878,3940.00,3.70756925,0
1505341943,21099877,3940.00,0.98529964,1
1505341943,21099876,3943.00,4.00000000,1
1505341943,21099875,3943.01,3.83225500,1
1505341943,21099874,3943.01,2.53420000,1
1505341943,21099873,3943.04,0.37227229,1
1505341934,21099867,3947.96,0.36901073,0
1505341934,21099866,3944.59,0.01349906,0
1505341927,21099863,3948.00,0.02526595,0
1505341925,21099854,3943.60,0.02327062,0
1505341921,21099850,3943.64,0.16774500,1
1505341919,21099847,3943.63,0.33623821,0
1505341918,21099846,3947.00,0.00325865,1
1505341917,21099843,3947.00,0.02000000,0
1505341917,21099841,3946.00,0.04600000,0
1505341917,21099840,3945.61,0.00204079,0
1505341917,21099838,3945.00,0.03200000,0
1505341917,21099837,3944.48,1.99670056,0
1505341911,21099835,3940.52,1.06935492,0
1505341911,21099834,3940.53,1.18764508,0
1505341910,21099832,3940.53,1.74300000,1
1505341900,21099810,3940.45,0.17492552,1
1505341890,21099807,3944.48,0.25329999,0
1505341889,21099804,3939.77,0.15785722,0
1505341888,21099803,3942.30,0.05000000,1
1505341888,21099802,3942.30,0.45000000,1
1505341887,21099800,3944.48,2.29832728,0
1505341886,21099799,3943.00,0.03797652,0
1505341880,21099791,3944.48,0.45167217,0
1505341880,21099790,3944.44,0.01543685,0
1505341879,21099789,3944.00,0.03789098,0
1505341874,21099783,3944.00,0.00810902,0
1505341874,21099782,3943.00,0.10000000,0
1505341874,21099781,3942.00,0.04600000,0
1505341874,21099780,3942.00,0.10407293,0
1505341874,21099779,3940.38,0.01517628,0
1505341873,21099778,3940.00,0.04600000,0
1505341873,21099777,3940.00,0.04000000,0
1505341873,21099776,3939.86,0.00205078,0
1505341868,21099766,3938.00,0.45491338,0
1505341845,21099731,3938.00,0.05565326,0
1505341839,21099726,3935.37,0.04363306,1
1505341833,21099724,3935.32,0.10024211,1
1505341829,21099722,3938.00,2.50000000,0
1505341826,21099721,3938.00,3.00000000,0
1505341821,21099719,3935.22,0.26905014,1
1505341813,21099714,3938.00,0.29657072,0
1505341805,21099700,3938.00,0.05825800,0
1505341794,21099690,3934.00,1.06065467,1
1505341783,21099684,3933.84,1.74300000,1
1505341736,21099668,3937.99,0.10178202,0
1505341729,21099665,3937.99,0.14824828,0
1505341719,21099660,3931.96,0.02117550,1
1505341698,21099649,3936.80,1.00000000,0
1505341698,21099648,3936.79,4.00000000,0
1505341690,21099620,3936.82,0.10765560,0
1505341690,21099619,3936.00,0.04023640,0
1505341690,21099618,3935.50,0.60000000,0
1505341634,21099583,3935.94,0.09682483,0
1505341634,21099582,3933.37,0.01999111,0
1505341623,21099572,3935.94,0.01803968,0
1505341623,21099571,3935.94,0.40000000,0
1505341623,21099569,3935.94,0.04240860,0
1505341622,21099567,3935.93,0.01999140,0
1505341621,21099566,3935.94,0.30000000,0
1505341620,21099565,3935.94,1.01966332,0
1505341620,21099564,3935.94,0.06246922,0
1505341619,21099563,3935.94,0.04995156,0
1505341619,21099562,3935.94,0.94216816,0
1505341619,21099561,3933.99,0.01021240,0
1505341619,21099560,3933.75,0.01995390,0
1505341610,21099550,3938.00,1.33398415,0
1505341610,21099549,3938.00,0.04600000,0
1505341610,21099548,3937.94,0.00000260,0
1505341610,21099547,3937.94,0.01809064,0
1505341609,21099546,3937.25,4.45000000,0
1505341609,21099545,3936.81,0.00207030,0
1505341609,21099544,3936.00,0.04600000,0
1505341608,21099543,3936.00,0.86600000,1
1505341608,21099542,3936.00,2.98591452,1
1505341608,21099541,3936.00,0.01998400,1
1505341608,21099540,3935.06,0.00500000,0
1505341607,21099539,3935.01,0.00519000,0
1505341607,21099537,3934.11,0.00205077,0
1505341607,21099536,3934.00,0.04600000,0
1505341606,21099535,3933.99,2.76853742,1
1505341606,21099534,3933.71,0.01995210,1
1505341605,21099533,3933.35,0.39700000,0
1505341604,21099532,3930.01,0.29243075,1
1505341597,21099530,3930.04,0.06351155,1
1505341591,21099527,3930.01,0.10857724,1
1505341591,21099526,3930.01,0.40142276,1
1505341580,21099518,3930.00,0.03250000,1
1505341580,21099516,3930.05,2.54700000,1
1505341579,21099514,3930.00,1.80550000,1
1505341576,21099513,3930.00,1.01324410,1
1505341576,21099512,3930.01,3.98675590,1
1505341575,21099511,3933.40,0.09701720,1
1505341575,21099510,3933.40,1.40600000,0
1505341575,21099509,3933.39,0.01998280,1
1505341574,21099508,3933.38,0.48700000,1
1505341572,21099507,3933.32,4.72000000,0
1505341571,21099506,3933.29,5.03561962,0
1505341571,21099505,3933.00,0.80000000,0
1505341571,21099504,3932.99,0.01999130,0
1505341569,21099503,3933.00,0.20000000,1
1505341568,21099502,3933.30,0.05084553,0
1505341567,21099501,3933.30,0.96323995,0
1505341564,21099499,3930.01,0.00538874,1
1505341564,21099498,3933.30,0.12500000,1
1505341562,21099497,3930.01,0.35138678,1
1505341559,21099496,3930.01,0.59866073,1
1505341558,21099495,3930.01,2.54800000,1
1505341547,21099488,3933.32,0.24947577,0
1505341547,21099487,3933.32,1.23668639,0
1505341546,21099486,3932.00,0.04600000,0
1505341545,21099485,3931.00,1.16438038,0
1505341544,21099484,3930.00,13.31050000,1
1505341544,21099483,3930.01,4.00000000,1
1505341543,21099481,3930.96,0.01995740,0
1505341542,21099480,3930.00,0.00289881,1
1505341533,21099479,3930.99,0.07612567,0
1505341530,21099477,3931.00,0.98096114,0
1505341530,21099476,3930.00,0.00605000,0
1505341528,21099475,3925.20,0.15301302,1
1505341516,21099471,3931.00,0.03961587,0
1505341516,21099470,3931.00,0.01804644,0
1505341513,21099468,3931.00,1.69674040,0
1505341513,21099467,3930.00,0.04600000,0
1505341512,21099466,3928.36,0.00205076,0
1505341512,21099465,3928.00,0.04600000,0
1505341512,21099464,3927.61,0.01814084,0
1505341512,21099463,3926.00,0.04600000,0
1505341510,21099462,3925.70,3.63508327,0
1505341510,21099461,3925.70,5.00000000,0
1505341510,21099460,3925.70,7.00000000,0
1505341509,21099459,3925.70,7.00000000,0
1505341507,21099458,3925.70,7.00000000,0
1505341506,21099457,3925.70,7.00000000,0
1505341505,21099456,3925.70,7.00000000,0
1505341505,21099455,3925.70,5.00000000,0
1505341503,21099454,3925.70,0.08908900,0
1505341503,21099453,3925.70,1.51620000,0
1505341500,21099451,3925.69,0.41102757,0
1505341494,21099439,3925.69,2.45934741,0
1505341494,21099438,3925.66,0.10000000,0
1505341479,21099432,3925.70,0.01500000,0
1505341478,21099431,3925.70,26.71169070,0
1505341477,21099430,3925.69,2.54850000,0
1505341477,21099429,3925.69,4.47000000,0
1505341477,21099428,3922.31,0.53812642,1
1505341468,21099423,3925.00,0.12016145,1
1505341466,21099421,3925.00,0.05202707,1
1505341466,21099420,3925.68,0.08850000,1
1505341459,21099418,3925.00,0.01973015,1
1505341459,21099417,3925.70,0.39000000,0
1505341459,21099416,3925.00,1.57162044,1
1505341458,21099415,3925.00,7.00000000,1
1505341457,21099413,3925.00,7.00000000,1
1505341456,21099411,3925.00,7.00000000,1
1505341455,21099409,3925.00,4.00000000,1
1505341455,21099407,3925.00,2.54740000,1
1505341453,21099405,3925.00,0.50000000,0
1505341453,21099404,3920.61,2.52326072,0
1505341453,21099403,3920.60,2.55230000,0
1505341453,21099402,3920.00,31.64854884,0
1505341450,21099401,3920.00,0.55157364,0
1505341446,21099398,3920.00,0.03318144,0
1505341445,21099396,3920.00,1.00000000,0
1505341441,21099393,3917.00,0.06951300,1
1505341440,21099392,3920.00,0.93500000,0
1505341440,21099391,3919.99,0.10000000,0
1505341431,21099385,3920.00,1.91000000,0
1505341426,21099384,3920.00,0.10000000,0
1505341422,21099383,3920.00,5.00000000,0
1505341412,21099382,3920.00,4.05662849,0
1505341403,21099380,3920.00,1.23273933,0
1505341395,21099377,3915.66,1.00000000,1
1505341393,21099376,3920.00,1.30091418,0
1505341383,21099375,3920.00,2.23141408,0
1505341383,21099374,3919.99,2.76858592,0
1505341381,21099369,3919.98,0.06005923,0
1505341381,21099367,3919.98,0.05000000,0
1505341371,21099361,3919.99,0.03340668,0
1505341371,21099359,3919.99,0.02800740,0
1505341370,21099358,3919.99,0.01000000,0
1505341368,21099357,3919.99,1.97000000,0
1505341368,21099356,3919.99,0.03000000,0
1505341353,21099353,3915.55,1.00000000,1
1505341350,21099352,3915.55,0.06200000,1
1505341339,21099351,3921.90,2.44800000,1
1505341318,21099343,3925.70,0.03503055,0
1505341318,21099342,3925.70,0.17840823,0
1505341318,21099341,3925.69,0.03000000,0
1505341318,21099340,3925.67,0.08466049,0
1505341318,21099339,3925.00,0.45000000,0
1505341317,21099338,3924.99,0.05000000,0
1505341315,21099336,3920.35,1.36668005,1
1505341315,21099335,3920.00,1.18531995,0
1505341292,21099332,3919.99,0.05000000,0
1505341291,21099331,3919.99,0.10000000,0
1505341274,21099329,3920.00,2.54560000,0
1505341274,21099328,3920.00,2.47729321,0
1505341274,21099327,3920.00,1.24242187,1
1505341273,21099326,3920.01,2.54936497,1
1505341265,21099323,3920.01,0.00253503,1
1505341247,21099317,3925.57,0.05715338,0
1505341247,21099316,3925.55,0.22861352,0
1505341246,21099315,3925.55,0.40803004,0
1505341246,21099314,3925.55,0.10000000,0
1505341243,21099304,3925.00,1.87720533,1
1505341243,21099303,3925.00,0.12279467,0
1505341237,21099301,3924.99,0.00459789,0
1505341217,21099291,3925.00,0.05000000,0
1505341216,21099290,3924.99,0.07618181,1
1505341210,21099289,3924.99,0.02300000,0
1505341208,21099287,3920.02,0.06128000,1
1505341205,21099281,3925.00,0.08914900,0
1505341190,21099276,3925.00,0.01092000,0
1505341173,21099275,3925.00,0.00136053,0
1505341173,21099274,3925.00,0.12077580,0
1505341137,21099270,3925.00,0.00500000,0
1505341111,21099243,3920.04,0.01324410,1
1505341101,21099241,3925.67,0.01533951,0
1505341091,21099236,3925.67,0.95294078,0
1505341090,21099235,3920.01,2.62659856,0
1505341089,21099234,3920.01,2.37340144,0
1505341084,21099227,3925.68,0.10261300,0
1505341060,21099213,3925.70,0.01285505,0
1505341060,21099212,3925.69,2.44714495,0
1505341060,21099211,3925.69,0.04000000,0
1505341017,21099192,3925.70,1.04800000,0
1505341017,21099189,3925.70,0.89925000,0
1505341017,21099187,3925.69,0.05000000,0
1505340985,21099151,3925.70,0.10000000,0
1505340984,21099150,3925.70,0.00554396,0
1505340984,21099149,3925.69,0.05000000,0
1505340984,21099148,3925.53,0.34445604,0
1505340969,21099144,3925.69,0.52451741,0
1505340969,21099143,3925.69,0.06000000,0
1505340951,21099135,3925.69,0.00275000,0
1505340951,21099134,3925.69,1.83967333,0
1505340951,21099133,3925.69,0.10000000,0
1505340951,21099132,3925.00,0.33511521,0
1505340947,21099131,3925.00,0.09890546,0
1505340923,21099115,3925.00,0.06597933,0
1505340880,21099091,3925.70,0.03000000,0
1505340880,21099090,3925.69,0.07000000,0
1505340865,21099084,3925.66,0.12775930,1
1505340864,21099082,3925.66,0.03867386,0
1505340861,21099081,3925.66,0.16132614,0
1505340854,21099080,3925.50,1.00000000,1
1505340853,21099079,3925.50,0.05711000,0
1505340853,21099078,3925.50,0.05400000,0
1505340852,21099077,3925.47,0.01520000,0
1505340851,21099076,3925.50,0.31857526,0
1505340851,21099075,3920.80,0.01275200,0
1505340851,21099074,3918.88,0.07860000,0
1505340851,21099073,3918.00,0.10000000,0
1505340851,21099072,3916.00,0.45500000,0
1505340851,21099071,3916.00,0.01597580,0
1505340850,21099070,3912.55,0.21130000,1
1505340842,21099066,3910.03,0.82209840,0
1505340831,21099065,3915.99,0.00200000,0
1505340824,21099063,3915.99,0.01752636,0
1505340824,21099062,3915.99,0.27000302,0
1505340823,21099060,3915.99,0.21899698,0
1505340795,21099036,3916.00,0.00800000,0
1505340787,21099028,3917.14,1.36509575,0
1505340775,21099020,3917.15,0.01000000,0
1505340769,21099019,3917.15,0.01099560,0
1505340759,21099017,3917.15,0.06000000,0
1505340737,21099011,3913.50,0.27200841,0
1505340736,21099010,3917.15,0.35000000,1
1505340726,21099008,3917.16,0.01000000,0
1505340711,21098992,3917.17,1.52114596,1
1505340711,21098991,3919.10,1.21162647,1
1505340711,21098990,3917.21,0.04391557,0
1505340711,21098989,3917.20,0.27724490,0
1505340710,21098988,3917.17,0.10545260,1
1505340708,21098984,3917.16,2.54990000,1
1505340708,21098983,3917.17,2.83914810,1
1505340705,21098969,3917.21,0.80807903,1
1505340704,21098968,3917.21,0.35277287,1
1505340703,21098966,3917.16,5.00000000,1
1505340703,21098965,3917.26,0.13326677,1
1505340700,21098963,3917.15,0.63317375,1
1505340699,21098962,3919.44,0.00657403,0
1505340697,21098959,3917.14,1.36499159,1
1505340688,21098938,3925.70,0.30712404,0
1505340688,21098936,3925.69,0.04000000,0
1505340687,21098923,3925.69,0.01000000,0
1505340686,21098920,3924.54,0.78824780,1
1505340685,21098912,3925.70,0.03287524,0
1505340684,21098908,3924.54,2.32741418,1
1505340681,21098900,3920.81,0.71628111,1
1505340681,21098899,3920.81,0.26529334,1
1505340680,21098898,3920.81,0.71668379,1
1505340680,21098897,3924.13,0.00000260,1
1505340678,21098893,3924.13,0.01809064,1
1505340678,21098892,3925.70,4.79763598,0
1505340678,21098891,3925.69,0.06000000,0
1505340678,21098890,3925.55,0.14236402,0
1505340676,21098889,3920.82,1.27203884,1
1505340676,21098888,3920.82,4.19806699,1
1505340675,21098882,3920.82,0.77520151,1
1505340674,21098880,3920.82,2.65030551,1
1505340674,21098877,3924.47,5.00000000,1
1505340673,21098875,3924.47,2.15436226,1
1505340671,21098867,3924.00,0.95373345,1
1505340670,21098863,3925.70,3.57786945,0
1505340670,21098861,3925.69,0.06000000,0
1505340670,21098860,3925.31,0.00208028,0
1505340669,21098859,3925.03,0.01815272,0
1505340669,21098858,3925.02,0.37415341,0
1505340669,21098857,3924.00,0.96774414,0
1505340669,21098856,3924.00,0.01300000,0
1505340667,21098853,3923.96,0.01508927,0
1505340667,21098852,3923.97,0.00416424,1
1505340665,21098847,3923.97,2.11583576,0
1505340660,21098843,3923.97,1.24784649,0
1505340660,21098841,3923.96,0.01925351,0
1505340650,21098832,3923.96,0.55473659,0
1505340650,21098831,3923.95,0.01925111,0
1505340650,21098830,3923.90,0.42601230,0
1505340634,21098817,3910.15,0.42601230,1
1505340633,21098814,3924.50,0.00700000,0
1505340632,21098813,3923.98,1.74747751,0
1505340627,21098809,3922.29,0.63631775,1
1505340626,21098808,3922.29,0.39957480,1
1505340623,21098805,3924.29,3.95400000,0
1505340623,21098804,3924.00,0.04600000,0
1505340623,21098803,3923.00,0.01704987,0
1505340619,21098798,3916.81,0.62166757,1
1505340616,21098796,3919.99,0.03789000,1
1505340614,21098793,3923.00,0.08295013,0
1505340614,21098792,3922.80,0.01616995,0
1505340614,21098790,3922.60,0.00206075,0
1505340614,21098789,3922.41,0.07009729,0
1505340614,21098788,3922.00,0.04600000,0
1505340614,21098787,3921.55,0.20000000,0
1505340614,21098786,3920.00,0.39000000,0
1505340614,21098785,3920.00,4.19272188,0
1505340604,21098778,3920.00,0.51110000,0
1505340595,21098770,3920.00,0.16500000,0
1505340595,21098769,3919.00,0.02500000,0
1505340586,21098762,3918.94,0.72920000,0
1505340582,21098756,3913.10,0.25733000,0
1505340582,21098754,3909.50,0.16656949,0
1505340572,21098741,3909.50,0.03343051,0
1505340557,21098740,3919.02,0.60400000,0
1505340555,21098739,3919.02,0.00210351,0
1505340555,21098738,3919.02,0.19008474,0
1505340531,21098733,3920.00,0.05628445,0
1505340531,21098732,3919.21,0.06000000,0
1505340531,21098731,3919.15,1.57700000,0
1505340531,21098730,3919.13,0.90000000,0
1505340531,21098729,3919.13,1.74000000,0
1505340531,21098728,3914.51,0.01999570,0
1505340530,21098727,3914.40,0.16175238,0
1505340522,21098726,3911.64,1.49261285,0
1505340522,21098725,3911.61,0.94578715,0
1505340522,21098724,3908.31,2.56160000,0
1505340513,21098718,3908.79,0.51400000,0
1505340513,21098717,3908.79,0.08816747,0
1505340513,21098716,3906.29,0.00437538,0
1505340512,21098714,3906.29,0.50000000,0
1505340512,21098713,3906.29,1.77138053,0
1505340512,21098712,3906.29,0.20880000,0
1505340511,21098710,3906.29,0.07744409,0
1505340501,21098700,3904.38,0.10000000,1
1505340500,21098699,3911.66,1.18619145,0
1505340497,21098698,3911.66,0.01814084,0
1505340494,21098695,3914.54,0.03749486,0
1505340493,21098692,3908.85,4.31473400,0
1505340489,21098691,3920.00,0.07489367,0
1505340489,21098690,3919.31,0.08000000,0
1505340489,21098689,3919.31,1.71200000,0
1505340489,21098688,3918.00,0.02182257,0
1505340489,21098687,3917.83,0.01818611,0
1505340488,21098686,3914.40,0.05421285,1
1505340487,21098685,3904.36,0.00440513,0
1505340486,21098684,3904.36,0.05000000,0
1505340480,21098679,3911.16,0.24581198,1
1505340478,21098677,3903.32,0.00927113,0
1505340477,21098673,3903.32,0.02500000,0
1505340472,21098663,3917.52,0.78793482,0
1505340472,21098662,3916.85,0.00206074,0
1505340471,21098661,3915.42,0.06000000,0
1505340471,21098660,3910.72,1.58200000,0
1505340471,21098659,3909.06,2.39600000,0
1505340468,21098658,3903.78,1.72130000,0
1505340462,21098650,3904.58,1.10302887,0
1505340461,21098649,3904.58,0.33697113,0
1505340458,21098648,3904.58,0.02822839,0
1505340455,21098647,3904.58,0.00555471,0
1505340454,21098646,3899.52,0.40426105,1
1505340454,21098645,3899.53,0.36000000,1
1505340453,21098644,3901.04,0.02000000,1
1505340453,21098643,3904.58,1.77064577,0
1505340452,21098642,3904.50,0.22905423,0
1505340452,21098641,3902.83,0.00330000,0
1505340451,21098640,3904.50,0.03110105,0
1505340446,21098627,3904.50,2.44015587,0
1505340445,21098625,3904.50,3.92975237,0
1505340444,21098621,3904.58,2.56320000,1
1505340444,21098620,3910.91,0.80673648,1
1505340437,21098605,3910.92,0.09551600,0
1505340436,21098601,3908.27,0.01522200,1
1505340436,21098599,3910.92,0.01815272,0
1505340430,21098593,3914.75,0.07957410,0
1505340430,21098592,3913.84,0.01820465,0
1505340430,21098591,3913.81,0.00208026,0
1505340430,21098590,3913.81,0.00208026,0
1505340430,21098589,3911.10,0.00206073,0
1505340429,21098588,3911.06,0.43262523,0
1505340429,21098587,3909.49,0.00131500,0
1505340429,21098586,3908.28,0.01080468,0
1505340421,21098580,3904.53,2.35751551,1
1505340421,21098579,3905.88,2.64248449,1
1505340421,21098578,3905.87,4.35751551,0
1505340418,21098577,3905.87,0.10286072,0
1505340412,21098576,3905.87,0.02210000,0
1505340410,21098575,3905.87,1.93207077,0
1505340410,21098574,3905.35,0.00206072,0
1505340410,21098573,3905.00,0.09580000,0
1505340408,21098572,3905.00,0.00500000,0
1505340407,21098571,3904.83,0.29050000,0
1505340406,21098570,3904.57,0.85677825,0
1505340406,21098569,3904.57,1.29070860,0
1505340405,21098568,3904.57,1.00000000,0
1505340404,21098567,3904.57,1.31609668,0
1505340404,21098566,3904.55,4.59444729,0
1505340404,21098565,3904.53,1.08945603,0
1505340385,21098561,3904.53,0.62430000,0
1505340380,21098559,3904.53,0.07071076,0
1505340374,21098556,3904.52,0.01096980,0
1505340366,21098553,3904.53,0.23759070,0
1505340342,21098535,3904.53,0.00580000,0
1505340341,21098532,3904.53,0.02644766,0
1505340341,21098529,3904.53,2.39690743,0
1505340301,21098495,3904.53,0.00200000,0
1505340295,21098493,3904.53,0.02725942,0
1505340294,21098492,3904.43,0.35000000,1
1505340293,21098470,3904.53,0.25000000,0
1505340291,21098462,3904.55,0.11127771,0
1505340291,21098461,3899.15,0.08108631,0
1505340285,21098455,3904.54,0.10514477,0
1505340283,21098451,3904.55,0.02500000,0
1505340281,21098449,3904.19,0.20786812,1
1505340281,21098448,3904.19,0.24602156,1
1505340281,21098447,3904.19,0.74287455,1
1505340273,21098444,3895.00,0.27506494,1
1505340272,21098443,3904.56,0.01818611,0
1505340264,21098431,3904.57,0.02749144,0
1505340264,21098430,3904.56,0.05887476,0
1505340258,21098427,3904.56,0.68996250,1
1505340255,21098423,3904.57,3.50892503,0
1505340255,21098422,3903.13,0.01825460,0
1505340255,21098421,3902.30,0.00209024,0
1505340255,21098420,3901.05,0.00179436,0
1505340255,21098419,3901.00,0.05182478,0
1505340255,21098418,3900.46,0.02954142,0
1505340255,21098417,3900.00,0.00500000,0
1505340252,21098415,3899.98,0.33962537,1
1505340251,21098414,3899.98,0.28068212,1
1505340247,21098407,3900.00,1.33000000,0
1505340247,21098406,3899.99,0.49739825,0
1505340246,21098402,3899.99,0.23821460,0
1505340243,21098399,3899.99,18.00000000,0
1505340237,21098395,3899.99,3.00829047,0
1505340231,21098393,3899.99,3.25609668,0
1505340231,21098392,3899.99,5.23219944,0
1505340229,21098390,3899.99,0.10000000,0
1505340227,21098389,3899.99,0.45207407,0
1505340227,21098388,3899.59,0.00207071,0
1505340227,21098387,3899.00,0.14378325,0
1505340227,21098386,3899.00,0.10000000,0
1505340227,21098385,3899.00,0.00211635,0
1505340218,21098384,3895.55,0.52607000,0
1505340204,21098381,3895.55,0.01000000,0
1505340202,21098380,3895.00,3.88189315,0
1505340201,21098379,3895.00,14.20000000,0
1505340198,21098373,3895.00,16.00000000,0
1505340187,21098366,3895.00,1.00000000,0
1505340185,21098364,3895.00,0.93000000,0
1505340185,21098363,3894.99,0.07000000,0
1505340183,21098359,3895.00,1.00000000,0
1505340179,21098358,3895.00,1.00000000,0
1505340177,21098357,3895.00,0.50000000,0
1505340177,21098356,3889.99,0.50000000,0
1505340174,21098354,3895.00,1.00000000,0
1505340172,21098353,3895.00,1.00000000,0
1505340169,21098352,3895.00,1.00000000,0
1505340167,21098351,3895.00,1.00000000,0
1505340166,21098350,3889.99,0.51886560,1
1505340163,21098349,3895.00,0.57000000,0
1505340163,21098348,3894.97,0.43000000,0
1505340160,21098347,3895.00,0.10000000,0
1505340159,21098344,3894.96,0.10168635,1
1505340152,21098340,3894.96,0.51100000,1
1505340150,21098338,3895.00,0.07084491,0
1505340150,21098337,3895.00,1.17312365,0
1505340150,21098336,3894.98,0.07024763,0
1505340149,21098334,3894.96,0.85100000,1
1505340149,21098333,3890.00,0.13136306,0
1505340148,21098331,3890.00,0.07024763,1
1505340147,21098330,3895.00,0.03827891,0
1505340147,21098329,3894.99,0.08000000,0
1505340144,21098326,3889.99,0.02600000,1
1505340142,21098324,3889.99,0.07024799,1
1505340137,21098314,3889.99,1.96638644,0
1505340137,21098313,3889.99,7.00000000,0
1505340137,21098312,3884.16,0.43000000,1
1505340129,21098308,3889.99,0.01526153,0
1505340129,21098307,3889.99,0.08150000,0
1505340129,21098306,3889.99,0.04420000,0
1505340128,21098305,3889.99,0.51850000,0
1505340128,21098304,3889.99,0.00232228,0
1505340127,21098303,3889.50,0.00558313,0
1505340127,21098302,3889.50,0.51841687,0
1505340125,21098301,3889.51,0.03500000,0
1505340122,21098300,3885.00,0.12345505,0
1505340084,21098287,3885.00,0.01654495,0
1505340084,21098286,3885.00,0.01045505,0
1505340081,21098283,3884.03,2.00000000,1
1505340069,21098278,3885.00,42.00000000,0
1505340066,21098276,3885.00,0.60337709,0
1505340064,21098273,3885.00,0.02567568,0
1505340063,21098272,3885.00,5.00000000,0
1505340058,21098271,3885.00,2.36049218,0
1505340058,21098270,3884.99,0.09000000,0
1505340058,21098269,3884.90,0.00350782,0
1505340044,21098263,3884.00,1.37325843,1
1505340043,21098262,3883.70,3.22658224,0
1505340041,21098260,3883.70,20.00000000,0
1505340037,21098259,3881.41,0.82108714,0
1505340022,21098257,3881.40,0.03832130,1
1505340020,21098256,3883.69,0.21230000,0
1505340020,21098255,3883.70,0.02870000,0
1505340013,21098254,3883.68,0.01797770,0
1505340012,21098253,3883.70,1.36877686,0
1505340011,21098250,3883.70,0.02100000,0
1505340006,21098249,3881.40,0.09984180,1
1505340005,21098246,3883.70,0.06050744,0
1505340003,21098245,3883.70,0.00308990,0
1505340003,21098244,3883.70,0.26294356,0
1505339986,21098239,3881.40,0.07000000,1
1505339961,21098233,3883.64,0.04600000,0
1505339961,21098232,3883.64,1.00000000,0
1505339960,21098231,3883.64,0.11970000,0
1505339959,21098230,3881.40,0.35663196,1
1505339940,21098222,3883.70,0.02840000,0
1505339937,21098220,3881.40,4.13500703,1
1505339917,21098219,3884.24,0.11970000,0
1505339917,21098218,3883.80,0.04225101,0
1505339914,21098217,3883.81,0.11856818,0
1505339912,21098216,3882.40,1.00000000,0
1505339903,21098215,3874.31,0.13000000,0
1505339903,21098214,3874.31,0.02200000,0
1505339877,21098206,3884.00,0.00600000,0
1505339874,21098205,3884.00,0.52590000,1
1505339873,21098204,3884.00,2.57410000,1
1505339856,21098202,3881.36,0.01209112,0
1505339828,21098196,3881.54,0.00800000,0
1505339813,21098192,3881.53,1.00000000,0
1505339808,21098191,3881.54,0.00300000,0
1505339804,21098190,3881.51,0.41481930,0
1505339783,21098188,3883.40,0.33135397,0
1505339769,21098183,3883.48,0.00928029,0
1505339768,21098182,3883.44,0.06110000,0
1505339767,21098180,3883.48,0.04546350,0
1505339767,21098178,3883.48,0.13100000,0
1505339736,21098169,3883.45,0.02500000,0
1505339709,21098165,3876.66,2.60240000,0
1505339709,21098164,3876.66,2.57760000,1
1505339706,21098162,3883.48,0.60361583,0
1505339678,21098158,3883.48,0.20000000,0
1505339678,21098157,3883.48,0.03064664,0
1505339669,21098156,3883.49,1.00000000,0
1505339667,21098155,3883.49,0.85200000,0
1505339667,21098154,3883.47,0.14800000,0
1505339666,21098152,3883.49,0.50000000,0
1505339666,21098151,3883.48,0.50000000,0
1505339663,21098150,3883.49,0.85500000,0
1505339663,21098149,3883.48,0.14500000,0
1505339636,21098147,3883.50,0.01395000,0
1505339631,21098146,3883.50,1.00000000,0
1505339629,21098144,3883.50,1.00000000,0
1505339627,21098143,3883.50,1.00000000,0
1505339624,21098142,3883.50,1.00000000,0
1505339621,21098141,3883.50,1.00000000,0
1505339619,21098139,3883.50,1.00000000,0
1505339616,21098138,3883.50,1.00000000,0
1505339615,21098137,3883.50,0.90000000,0
1505339612,21098136,3883.49,0.27628900,1
1505339610,21098134,3883.47,0.49400000,0
1505339608,21098133,3883.47,0.18300000,0
1505339604,21098132,3883.49,1.00000000,0
1505339584,21098086,3881.56,0.01049200,0
1505339579,21098085,3881.56,0.00920581,0
1505339572,21098084,3872.85,0.07865200,1
1505339570,21098083,3881.58,0.94024301,0
1505339570,21098082,3881.35,0.05975699,0
1505339567,21098081,3881.37,0.67900000,0
1505339567,21098080,3881.36,0.41100000,0
1505339559,21098079,3881.39,0.02500000,0
1505339528,21098075,3878.51,3.00000000,1
1505339525,21098073,3881.56,0.05155252,0
1505339471,21098056,3883.34,0.61191000,0
1505339465,21098053,3883.50,0.68400000,0
1505339465,21098052,3883.49,2.57300000,0
1505339465,21098051,3883.39,1.74300000,0
1505339463,21098050,3877.20,0.00256193,1
1505339461,21098047,3878.19,0.73875699,0
1505339459,21098044,3881.00,0.44870618,1
1505339428,21098037,3883.79,1.10573173,0
1505339428,21098036,3883.79,1.74300000,0
1505339418,21098033,3883.91,1.20903479,0
1505339397,21098018,3884.11,0.06386989,0
1505339397,21098017,3882.00,0.18293115,0
1505339397,21098016,3881.94,0.22319896,0
1505339392,21098014,3880.00,0.55129382,0
1505339391,21098013,3870.29,1.50000000,1
1505339347,21097998,3880.00,0.00600000,0
1505339345,21097997,3879.97,0.27679425,0
1505339326,21097988,3872.12,0.49999321,1
1505339320,21097987,3879.48,1.40697000,0
1505339311,21097986,3879.30,0.02788854,0
1505339311,21097985,3878.39,0.04676225,0
1505339301,21097984,3878.39,0.06323775,0
1505339296,21097982,3875.00,3.00000000,1
1505339295,21097981,3875.00,7.00000000,1
1505339286,21097971,3876.30,0.10390000,1
1505339278,21097968,3876.34,0.15000000,0
1505339277,21097967,3876.34,0.01340000,0
1505339277,21097966,3876.34,0.00500000,0
1505339263,21097961,3878.10,2.00000000,1
1505339254,21097958,3880.00,0.20361340,0
1505339225,21097954,3880.00,0.23909278,0
1505339219,21097951,3879.96,0.85900000,0
1505339219,21097950,3879.75,0.14100000,0
1505339216,21097949,3879.71,1.00000000,0
1505339214,21097948,3879.73,1.00000000,0
1505339201,21097946,3876.94,0.05583880,0
1505339200,21097945,3876.52,0.60000000,0
1505339199,21097944,3869.73,0.06973000,1
1505339184,21097942,3865.10,1.00000000,1
1505339182,21097941,3865.00,6.88514300,1
1505339182,21097940,3865.04,2.57920000,1
1505339181,21097939,3865.08,1.00000000,1
1505339172,21097931,3866.04,0.99670000,1
1505339172,21097929,3869.74,0.00330000,1
1505339170,21097927,3866.05,1.00000000,1
1505339167,21097926,3866.03,1.00000000,1
1505339167,21097925,3871.48,0.01322757,0
1505339166,21097924,3866.00,0.60000000,0
1505339164,21097922,3866.00,0.40000000,1
1505339160,21097917,3868.82,0.07010000,0
1505339160,21097915,3868.82,1.49992513,0
1505339160,21097914,3868.10,1.00000000,0
1505339160,21097913,3868.10,0.48958532,0
1505339159,21097912,3868.10,0.01241468,0
1505339149,21097907,3868.10,1.00000000,1
1505339146,21097902,3868.10,1.00000000,1
1505339135,21097891,3868.25,0.21943000,0
1505339132,21097890,3868.25,0.06000000,1
1505339129,21097887,3869.71,0.07091729,0
1505339126,21097884,3869.71,0.11303267,0
1505339120,21097876,3869.71,1.46286999,1
1505339118,21097875,3869.71,2.38831549,1
1505339117,21097874,3869.70,0.18452363,0
1505339117,21097872,3869.70,0.81547637,0
1505339113,21097871,3871.48,0.00595405,0
1505339111,21097869,3869.70,0.09802453,0
1505339108,21097868,3869.69,0.00207071,1
1505339105,21097866,3869.70,1.00000000,1
1505339100,21097863,3870.00,1.00000000,0
1505339098,21097859,3879.27,2.28230566,0
1505339098,21097858,3876.62,2.20326248,0
1505339097,21097857,3870.00,0.38831549,0
1505339097,21097856,3870.00,0.55168451,1
1505339097,21097855,3870.00,0.06000000,1
1505339087,21097850,3870.08,0.06922330,0
1505339083,21097847,3870.13,0.25700000,1
1505339082,21097846,3870.13,0.74300000,1
1505339081,21097845,3870.13,1.00000000,1
1505339080,21097844,3874.20,0.09128469,0
1505339080,21097843,3873.90,0.91730562,0
1505339080,21097842,3873.90,0.06615927,0
1505339079,21097841,3873.58,0.07142930,0
1505339078,21097840,3874.20,0.01000000,0
1505339078,21097839,3874.20,0.01000000,0
1505339068,21097835,3876.62,4.57673752,0
1505339068,21097834,3874.73,0.42325992,0
1505339065,21097833,3874.73,0.47900000,1
1505339064,21097832,3874.73,0.09774008,1
1505339058,21097831,3874.73,0.38425992,1
1505339058,21097830,3874.73,0.48200000,1
1505339058,21097829,3874.73,0.13374008,1
1505339056,21097828,3874.73,0.34725992,1
1505339056,21097827,3874.73,1.05640000,1
1505339056,21097826,3874.73,1.00000000,1
1505339054,21097825,3882.14,0.01653511,0
1505339053,21097824,3874.73,0.51600000,1
1505339053,21097823,3874.73,0.48400000,1
1505339050,21097819,3874.73,1.00000000,1
1505339048,21097818,3871.25,0.24302460,1
1505339048,21097817,3874.72,0.74300000,1
1505339048,21097815,3876.34,0.01397540,1
1505339047,21097814,3882.13,1.37186812,0
1505339045,21097809,3874.72,1.00000000,1
1505339040,21097806,3880.63,2.52940000,1
1505339040,21097804,3882.13,1.30577859,1
1505339039,21097802,3882.13,1.00000000,1
1505339038,21097801,3882.13,2.44164060,1
1505339037,21097800,3879.20,3.99999488,0
1505339037,21097799,3876.78,1.00000000,0
1505339021,21097794,3879.88,0.20000000,1
1505339020,21097793,3879.87,0.88871128,0
1505339020,21097792,3879.87,0.11128872,1
1505339014,21097791,3884.77,1.40365992,0
1505338998,21097789,3888.10,0.67081869,1
1505338991,21097788,3889.98,0.12821402,0
1505338989,21097787,3888.10,0.72791500,1
1505338988,21097786,3888.10,0.11799900,1
1505338982,21097782,3888.10,0.67081900,1
1505338982,21097781,3888.10,1.81244831,1
1505338979,21097780,3889.50,0.29367700,1
1505338978,21097779,3889.50,0.09879188,1
1505338978,21097778,3889.97,0.00690212,1
1505338953,21097772,3889.97,0.17115422,1
1505338952,21097770,3889.97,0.49300000,0
1505338933,21097754,3889.98,0.01543685,0
1505338877,21097697,3889.98,0.60700000,0
1505338877,21097695,3889.98,0.49300000,0
1505338862,21097686,3889.99,0.37182975,0
1505338861,21097685,3891.97,0.37190000,0
1505338860,21097684,3891.98,0.00829000,0
1505338848,21097679,3884.30,2.35397955,0
1505338847,21097678,3887.15,2.57080000,1
1505338847,21097677,3888.10,0.07522045,1
1505338846,21097675,3888.10,0.50000000,1
1505338805,21097654,3888.10,0.01545000,1
1505338789,21097644,3892.00,4.00000000,0
1505338774,21097636,3888.10,0.01691053,1
1505338711,21097611,3891.99,0.53602322,0
1505338711,21097610,3891.96,0.24210187,0
1505338701,21097607,3888.11,1.12145590,1
1505338696,21097606,3888.11,0.01205808,1
1505338689,21097605,3892.00,0.01026978,0
1505338687,21097604,3891.63,2.50000000,0
1505338687,21097603,3891.63,0.04121423,0
1505338685,21097602,3891.63,0.02358138,0
1505338683,21097600,3888.10,0.04849923,1
1505338682,21097599,3891.60,0.04369732,0
1505338668,21097583,3888.10,0.06313000,1
1505338648,21097567,3891.54,0.61038493,0
1505338635,21097566,3892.00,0.82947555,0
1505338635,21097565,3891.99,3.17052445,0
1505338627,21097561,3892.00,0.01000000,0
1505338626,21097560,3891.84,0.05000000,0
1505338604,21097550,3892.00,4.00000000,0
1505338600,21097549,3891.88,0.02000000,0
1505338585,21097548,3892.10,3.74694558,1
1505338576,21097546,3892.10,0.02423154,1
1505338557,21097542,3894.43,0.28671580,0
1505338557,21097541,3894.10,1.72130000,0
1505338557,21097540,3894.10,0.02170000,0
1505338556,21097539,3892.10,0.07886940,1
1505338527,21097528,3892.10,0.14995348,1
1505338503,21097522,3894.65,0.05986100,0
1505338488,21097520,3893.05,0.02084785,0
1505338487,21097519,3894.84,0.44943635,0
1505338486,21097518,3895.00,1.93971580,0
1505338486,21097517,3894.99,0.09000000,0
1505338451,21097509,3888.11,0.00774000,1
1505338448,21097508,3888.10,3.28078979,1
1505338448,21097507,3888.11,3.07921021,1
1505338446,21097506,3893.33,0.05187391,0
1505338446,21097505,3893.35,0.02357096,1
1505338397,21097493,3888.11,0.08073965,1
1505338384,21097488,3888.52,1.81244831,0
1505338382,21097487,3888.52,1.00000000,0
1505338381,21097483,3888.01,0.01057459,1
1505338380,21097482,3888.52,1.00000000,0
1505338373,21097479,3888.00,0.01185278,1
1505338369,21097478,3888.00,0.02191980,0
1505338368,21097477,3887.94,0.01185278,0
1505338368,21097476,3887.94,0.01918423,1
1505338368,21097475,3887.94,0.01185457,1
1505338333,21097449,3887.94,0.01896120,1
1505338329,21097448,3888.52,0.34066653,0
1505338319,21097442,3888.52,0.66688516,0
1505338306,21097438,3888.00,0.37363715,1
1505338306,21097437,3888.00,7.00000000,1
1505338304,21097436,3888.00,1.23781157,1
1505338303,21097435,3888.00,11.38855128,0
1505338270,21097428,3888.00,0.30000000,0
1505338270,21097427,3888.00,0.31144872,0
1505338267,21097426,3887.90,0.05881000,1
1505338266,21097425,3887.90,0.01378700,1
1505338246,21097421,3881.01,0.01342000,1
1505338240,21097420,3887.97,0.01296803,0
1505338191,21097399,3880.10,1.42710000,1
1505338191,21097398,3881.00,21.00000000,1
1505338191,21097397,3881.59,2.57290000,1
1505338135,21097354,3887.80,2.33971575,0
1505338135,21097353,3885.79,0.04883553,0
1505338109,21097347,3885.79,0.00625749,0
1505338102,21097346,3885.79,0.00370698,0
1505338072,21097342,3885.79,0.01555200,0
1505338056,21097338,3881.60,2.52940000,0
1505338055,21097337,3881.06,0.89836242,1
1505338045,21097332,3881.07,1.00000000,1
1505338041,21097330,3884.86,0.04460000,1
1505338037,21097328,3885.34,0.02368258,0
1505338036,21097327,3889.32,0.06450000,1
1505338035,21097326,3889.40,0.01623123,0
1505338035,21097325,3890.00,2.36132459,1
1505338034,21097324,3890.00,5.00000000,1
1505338033,21097321,3890.00,0.76655852,1
1505338032,21097320,3890.00,5.00000000,1
1505338031,21097319,3890.00,1.00000000,1
1505338030,21097318,3890.80,0.01986400,1
1505338030,21097317,3891.11,0.03060000,1
1505338027,21097315,3890.80,0.04164000,1
1505338027,21097314,3891.11,0.05836000,1
1505338023,21097312,3890.00,2.00000000,1
1505338023,21097310,3890.80,2.00000000,1
1505338023,21097309,3890.00,0.30868838,1
1505338022,21097308,3890.00,2.57540000,1
1505338021,21097307,3890.00,2.57190000,1
1505338021,21097306,3890.00,0.22909956,1
1505338020,21097305,3889.45,3.72883343,0
1505338020,21097304,3889.45,3.64119552,0
1505338020,21097303,3889.44,0.81700000,0
1505338019,21097302,3889.45,0.24800000,0
1505338019,21097301,3891.23,0.11080448,1
1505338018,21097300,3889.44,0.05522502,0
1505338017,21097299,3880.13,0.22909956,1
1505338016,21097298,3885.79,0.01000000,1
1505337990,21097292,3889.75,0.09102893,0
1505337981,21097290,3883.99,4.60000000,0
1505337965,21097285,3880.11,1.00000000,1
1505337947,21097279,3884.00,8.00000000,0
1505337934,21097277,3884.00,4.00000000,0
1505337933,21097276,3885.83,0.00000193,1
1505337931,21097275,3885.83,0.24999807,1
1505337925,21097269,3880.52,0.25418401,0
1505337909,21097259,3880.48,1.00000000,0
1505337907,21097258,3885.79,0.02361424,1
1505337905,21097255,3890.07,0.07066329,1
1505337905,21097254,3890.07,0.04729089,0
1505337892,21097241,3880.10,0.00342020,1
1505337880,21097227,3885.84,0.00422348,0
1505337872,21097218,3885.84,0.10829576,0
1505337865,21097216,3885.86,0.00332118,0
1505337816,21097202,3880.00,1.86767856,1
1505337815,21097201,3880.00,37.29242509,0
1505337815,21097200,3879.99,0.03000000,0
1505337815,21097199,3879.90,19.92499000,0
1505337815,21097198,3879.74,0.88490635,0
1505337787,21097185,3879.89,0.23909956,1
1505337784,21097183,3879.90,0.07501000,0
1505337781,21097182,3879.87,0.00926657,0
1505337768,21097181,3872.46,0.22558770,1
1505337762,21097178,3880.00,0.05950000,0
1505337762,21097177,3879.99,0.01240000,0
1505337762,21097176,3879.99,0.01760000,0
1505337762,21097175,3879.84,0.20920000,0
1505337752,21097172,3872.41,0.00200000,1
1505337744,21097168,3872.40,0.98614243,0
1505337742,21097167,3875.00,0.01385757,1
1505337732,21097164,3879.86,0.08048773,0
1505337731,21097163,3872.34,0.04000000,1
1505337723,21097161,3872.31,2.46000000,0
1505337718,21097160,3880.00,0.25857854,0
1505337718,21097159,3879.99,0.04000000,0
1505337718,21097158,3876.11,0.03086090,0
1505337718,21097157,3875.00,0.01427231,0
1505337717,21097155,3875.00,0.00518825,0
1505337717,21097154,3875.00,0.12508506,0
1505337717,21097153,3875.00,0.00293405,0
1505337713,21097152,3872.30,0.04000000,1
1505337699,21097149,3875.00,0.05100000,0
1505337672,21097139,3875.00,0.01790390,0
1505337667,21097138,3871.99,0.00256443,1
1505337666,21097136,3875.00,0.02368258,0
1505337665,21097134,3875.00,0.05920516,0
1505337664,21097132,3875.00,0.01500100,0
1505337657,21097120,3871.93,0.21745401,1
1505337649,21097116,3880.00,0.14840000,0
1505337646,21097115,3879.93,0.04172705,0
1505337644,21097106,3871.86,0.01840205,1
1505337636,21097102,3880.00,2.47501494,0
1505337631,21097094,3869.98,0.37240956,1
1505337631,21097093,3872.20,8.62227382,1
1505337630,21097092,3872.54,0.01832726,1
1505337630,21097091,3873.94,0.52531328,1
1505337630,21097090,3873.95,1.74736842,1
1505337630,21097089,3873.95,0.88521303,1
1505337630,21097087,3873.95,1.74736842,1
1505337630,21097086,3873.95,1.02355890,1
1505337630,21097085,3873.95,3.04661654,1
1505337630,21097083,3873.96,2.57710000,1
1505337629,21097082,3875.00,0.05371240,1
1505337629,21097081,3875.31,0.39515629,1
1505337603,21097070,3880.00,0.06000500,0
1505337582,21097062,3875.17,0.41635937,0
1505337547,21097039,3879.99,0.03206701,0
1505337545,21097028,3880.00,5.97941489,0
1505337545,21097027,3879.99,3.74805777,0
1505337540,21097016,3875.04,0.17000000,1
1505337516,21097010,3880.00,0.01315825,0
1505337516,21097009,3879.91,0.02000000,0
1505337492,21096996,3875.00,0.13879300,1
1505337491,21096995,3875.00,0.05871209,1
1505337490,21096994,3875.00,0.04297000,1
1505337488,21096993,3875.00,0.01451251,1
1505337484,21096988,3875.17,0.01000000,1
1505337453,21096981,3879.88,0.11461194,0
1505337445,21096943,3879.99,0.06623798,0
1505337441,21096940,3879.98,2.60632271,1
1505337426,21096938,3879.99,0.11826061,0
1505337406,21096917,3880.00,0.13823103,0
1505337401,21096912,3880.00,0.04450000,0
1505337401,21096910,3880.00,0.14660000,0
1505337401,21096909,3880.00,0.02498506,0
1505337401,21096908,3880.00,0.06100000,0
1505337400,21096907,3879.99,0.18900000,0
1505337399,21096906,3879.99,0.30500000,0
1505337390,21096901,3880.00,0.03310647,0
1505337368,21096878,3879.99,0.04460000,0
1505337363,21096877,3880.00,0.02977359,0
1505337360,21096874,3879.99,0.12423498,0
1505337358,21096872,3880.00,1.28400000,0
1505337358,21096871,3880.00,0.00493000,0
1505337357,21096870,3880.00,1.93070396,0
1505337345,21096867,3880.00,0.01567318,0
1505337312,21096853,3882.42,2.48377280,1
1505337311,21096852,3883.00,10.86341231,1
1505337290,21096841,3886.48,0.13690000,0
1505337248,21096816,3882.42,3.25700000,1
1505337247,21096815,3882.52,1.74300000,1
1505337245,21096814,3890.05,0.11795478,0
1505337243,21096809,3890.03,0.00800000,0
1505337228,21096780,3888.00,0.08310725,1
1505337227,21096777,3888.00,0.49400000,0
1505337226,21096776,3888.00,0.42289275,0
1505337224,21096764,3887.99,1.00000000,1
1505337218,21096756,3887.99,1.00000000,1
1505337169,21096741,3888.00,0.01470000,0
1505337168,21096740,3888.00,0.09180000,0
1505337167,21096739,3888.00,0.01131955,0
1505337163,21096735,3888.00,0.11428632,0
1505337155,21096731,3888.00,0.00479000,1
1505337131,21096723,3888.68,2.88200000,1
1505337127,21096720,3888.68,0.11800000,1
1505337124,21096718,3889.96,0.05897580,0
1505337120,21096714,3890.07,0.00140744,0
1505337065,21096702,3893.59,0.05892248,0
1505337005,21096674,3888.00,0.19521000,1
1505336990,21096668,3894.41,0.00141099,1
1505336988,21096666,3892.48,0.26866709,0
1505336988,21096665,3895.00,0.26866709,0
1505336987,21096664,3895.00,0.16797000,0
1505336987,21096663,3894.99,0.05000000,0
1505336987,21096662,3894.47,0.24255953,0
1505336986,21096661,3894.33,0.15100000,0
1505336986,21096660,3892.60,0.11244047,0
1505336986,21096659,3892.49,0.49400000,0
1505336965,21096654,3885.75,0.51622720,1
1505336951,21096649,3892.60,0.00141079,1
1505336949,21096648,3894.41,0.00141079,0
1505336946,21096645,3894.41,0.05891008,0
1505336933,21096639,3894.44,0.01112084,0
1505336931,21096638,3894.70,0.00141079,1
1505336917,21096634,3894.54,1.00000000,0
1505336912,21096633,3894.67,0.00141078,0
1505336905,21096629,3894.86,0.00926737,0
1505336896,21096626,3894.99,0.03547813,0
1505336880,21096623,3893.83,0.07437658,0
1505336876,21096618,3893.85,0.16710000,0
1505336866,21096611,3885.15,0.02618194,1
1505336861,21096610,3894.21,0.08917368,0
1505336860,21096609,3894.21,0.19124546,0
1505336838,21096602,3894.70,0.00754415,0
1505336836,21096601,3885.10,0.01027221,1
1505336814,21096596,3892.37,0.00249083,0
1505336813,21096595,3892.37,0.22153505,0
1505336809,21096594,3892.47,0.02603631,0
1505336778,21096581,3885.06,0.47900000,1
1505336759,21096573,3892.88,0.18100000,0
1505336759,21096572,3892.88,0.50000000,0
1505336731,21096565,3892.58,0.00141078,0
1505336701,21096509,3892.93,0.10406308,0
1505336678,21096503,3877.18,2.43283618,1
1505336678,21096502,3877.18,1.74300000,0
1505336677,21096501,3880.00,0.80000000,1
1505336677,21096500,3880.20,0.00500000,1
1505336676,21096498,3885.00,0.01916382,1
1505336667,21096497,3894.92,0.15200000,0
1505336666,21096496,3894.89,0.20970000,0
1505336649,21096492,3894.98,0.05624405,1
1505336641,21096481,3894.99,0.06836786,0
1505336630,21096465,3895.00,0.30000000,0
1505336630,21096464,3895.00,0.20000000,0
1505336616,21096461,3895.00,0.01300986,0
1505336608,21096459,3894.99,0.00200000,0
1505336607,21096458,3895.00,0.70200000,0
1505336607,21096457,3895.00,0.04211988,0
1505336582,21096451,3895.00,0.01399863,0
1505336571,21096444,3894.99,0.98824387,0
1505336570,21096443,3894.99,0.00179317,0
1505336569,21096442,3895.00,0.15923207,0
1505336564,21096439,3890.29,1.74999644,0
1505336563,21096437,3890.29,1.74300000,1
1505336558,21096436,3894.99,1.02228256,0
1505336554,21096435,3894.99,0.00925095,1
1505336538,21096429,3895.00,0.03122827,0
1505336522,21096418,3894.96,0.01427231,0
1505336521,21096416,3888.02,0.00300000,1
1505336515,21096414,3887.95,0.27835200,1
1505336492,21096405,3887.66,0.50746722,0
1505336492,21096403,3887.66,1.00000000,1
1505336491,21096400,3887.63,0.17745142,1
1505336481,21096399,3895.00,0.13018611,0
1505336477,21096398,3894.99,0.00743354,0
1505336475,21096397,3895.00,1.50571367,0
1505336473,21096394,3895.00,0.06201800,0
1505336473,21096393,3892.00,0.01481897,0
1505336473,21096392,3892.00,0.01396800,1
1505336466,21096387,3894.99,0.05890130,1
1505336454,21096384,3886.37,0.02422720,1
1505336439,21096381,3899.00,0.02065532,0
1505336439,21096380,3899.00,0.02722833,0
1505336439,21096379,3895.11,0.00250000,0
1505336424,21096372,3895.02,0.00250000,0
1505336416,21096366,3895.00,2.09184661,1
1505336415,21096365,3895.00,0.11215339,0
1505336415,21096364,3895.00,0.03903463,0
1505336415,21096363,3895.00,1.20110000,0
1505336414,21096360,3889.76,0.11556950,0
1505336412,21096359,3892.00,0.10000000,1
1505336409,21096356,3895.00,4.99999744,0
1505336396,21096339,3895.00,1.57841029,0
1505336396,21096338,3894.99,0.00250000,0
1505336396,21096337,3894.01,0.00250000,0
1505336395,21096335,3894.00,0.86658971,0
1505336380,21096331,3893.99,0.01112797,0
1505336367,21096324,3894.00,0.48930000,0
1505336367,21096323,3893.99,0.03700000,0
1505336348,21096313,3894.00,0.23400000,0
1505336347,21096312,3894.00,2.05840000,0
1505336347,21096311,3894.98,1.99133578,1
1505336343,21096310,3894.99,0.02119400,0
1505336332,21096308,3894.99,0.17233017,0
1505336327,21096307,3894.99,0.55639695,1
1505336326,21096306,3895.00,0.00632883,0
1505336319,21096304,3894.00,0.99576422,1
1505336317,21096300,3895.00,0.00297542,0
1505336312,21096299,3893.98,0.02971123,0
1505336312,21096298,3893.98,0.15600000,0
1505336310,21096297,3893.98,0.70310324,0
1505336286,21096294,3894.99,0.23817005,0
1505336282,21096292,3894.99,0.02000000,0
1505336273,21096291,3894.99,0.00594707,0
1505336270,21096290,3894.99,0.07429844,0
1505336268,21096289,3895.00,0.06000000,0
1505336260,21096284,3894.99,0.04683221,0
1505336256,21096280,3894.99,0.06000000,0
1505336241,21096275,3894.99,0.06000000,0
1505336226,21096268,3895.00,0.23817201,1
1505336214,21096266,3894.99,0.01487708,0
1505336207,21096260,3895.00,1.00000000,0
1505336206,21096258,3895.00,1.00000000,0
1505336183,21096254,3897.50,0.30000000,1
1505336161,21096248,3897.50,0.25700000,1
1505336161,21096247,3896.82,0.37753718,0
1505336160,21096246,3896.82,0.36546282,0
1505336160,21096245,3897.50,1.00000000,1
1505336159,21096244,3896.84,0.20000000,0
1505336106,21096237,3895.25,0.23815416,0
1505336097,21096232,3887.80,0.56420000,1
1505336097,21096231,3887.80,1.00000000,1
1505336095,21096230,3887.79,1.00000000,0
1505336090,21096227,3887.80,1.00000000,1
1505336085,21096225,3883.35,0.10000000,1
1505336081,21096224,3888.07,0.01485421,0
1505336078,21096218,3888.07,0.88760923,0
1505336077,21096217,3888.09,0.01239077,1
1505336077,21096215,3892.00,0.10000000,1
1505336076,21096214,3892.04,0.08150000,1
1505336070,21096211,3893.32,0.06287800,0
1505336070,21096210,3897.89,0.15580000,0
1505336069,21096209,3893.32,0.05180000,0
1505336068,21096208,3897.89,0.50906195,0
1505336068,21096207,3893.33,0.02989805,0
1505336066,21096205,3893.33,0.00990195,0
1505336062,21096204,3893.32,0.05000000,0
1505336060,21096203,3887.78,0.74510000,1
1505336060,21096202,3888.00,0.25490000,1
1505336056,21096201,3888.01,1.00000000,1
1505336047,21096197,3892.03,1.00000000,1
1505336046,21096194,3893.48,0.01871600,0
1505336041,21096191,3887.71,0.01832726,1
1505336041,21096190,3893.48,0.02822280,0
1505336040,21096188,3893.48,0.10000000,0
1505336038,21096186,3888.20,1.00000000,1
1505336036,21096183,3887.61,0.03600000,1
1505336036,21096182,3887.61,0.48300000,1
1505336036,21096181,3887.62,0.48100000,1
1505336035,21096180,3893.48,0.48466410,1
1505336034,21096179,3887.70,1.00000000,0
1505336029,21096175,3880.20,0.29878909,1
1505336029,21096174,3880.29,2.87290000,1
1505336029,21096173,3880.80,0.01829709,1
1505336029,21096171,3882.83,0.90000000,1
1505336029,21096169,3887.61,0.48000000,1
1505336029,21096168,3893.46,0.37789021,1
1505336028,21096166,3889.99,0.23506879,0
1505336027,21096162,3887.70,0.26100000,0
1505336026,21096161,3887.70,0.73900000,0
1505336021,21096159,3889.24,1.00000000,1
1505336016,21096155,3889.99,0.06605839,0
1505336015,21096152,3889.99,0.04881100,1
1505336004,21096146,3889.99,0.01575637,1
1505336003,21096145,3893.56,0.02378842,0
1505336001,21096142,3889.99,0.01365229,1
1505335997,21096141,3893.56,0.00301618,0
1505335988,21096100,3890.88,1.00000000,1
1505335984,21096096,3893.59,0.00478000,0
1505335979,21096094,3890.88,1.00000000,1
1505335976,21096093,3890.87,0.92905859,0
1505335975,21096092,3890.88,0.07094141,1
1505335972,21096089,3890.84,0.00300000,0
1505335972,21096088,3890.89,0.99700000,1
1505335968,21096086,3890.87,1.00000000,1
1505335965,21096085,3890.86,1.00000000,1
1505335961,21096083,3893.60,1.50000000,0
1505335961,21096081,3893.52,1.00000000,0
1505335945,21096061,3894.04,1.00000000,1
1505335940,21096059,3898.99,0.03334188,0
1505335916,21096051,3898.99,0.03665000,0
1505335893,21096038,3894.02,0.01310000,1
1505335877,21096033,3899.00,0.99253104,1
1505335876,21096031,3899.00,0.01214195,1
1505335876,21096030,3899.00,0.02000000,0
1505335873,21096026,3898.99,0.00841849,1
1505335873,21096024,3898.99,0.00255514,0
1505335866,21096018,3894.13,0.00255514,0
1505335831,21095996,3894.11,0.11178688,1
1505335823,21095989,3899.96,0.03048726,0
1505335822,21095986,3894.11,0.80153387,1
1505335820,21095983,3894.11,0.09056076,1
1505335814,21095977,3894.12,0.21994253,0
1505335814,21095976,3894.12,0.06993375,0
1505335814,21095975,3894.12,0.10466994,0
1505335808,21095972,3894.55,0.69479938,1
1505335803,21095952,3896.70,0.10000000,1
1505335796,21095939,3899.98,1.01079400,1
1505335794,21095937,3894.54,0.13920600,0
1505335780,21095933,3894.09,0.28429965,1
1505335778,21095932,3899.99,0.01188474,0
1505335776,21095930,3894.08,2.18285808,0
1505335771,21095925,3894.09,0.36770956,1
1505335758,21095909,3894.08,0.02439231,1
1505335753,21095898,3893.88,0.01227034,1
1505335751,21095895,3899.99,0.00754292,0
1505335747,21095891,3899.99,0.01984107,0
1505335746,21095888,3899.00,0.01899462,1
1505335745,21095887,3899.00,0.02000000,0
1505335742,21095884,3899.97,0.02532497,0
1505335727,21095876,3894.53,0.49743294,0
1505335727,21095873,3899.98,0.01660000,0
1505335726,21095872,3899.98,0.03994960,0
1505335726,21095871,3899.98,0.15540000,0
1505335715,21095857,3894.07,0.03008222,1
1505335696,21095819,3894.06,0.01829709,1
1505335695,21095817,3899.96,0.01820465,0
1505335691,21095808,3894.54,0.80161421,1
1505335691,21095807,3894.54,0.03970625,1
1505335688,21095804,3899.97,0.01000000,0
1505335687,21095802,3899.97,0.26174680,0
1505335686,21095800,3894.53,0.07259050,1
1505335680,21095795,3894.72,0.22962155,1
1505335670,21095790,3894.05,2.52220000,0
1505335669,21095789,3894.06,3.47780000,0
1505335668,21095786,3894.05,0.15692564,1
1505335666,21095785,3894.05,0.01270316,1
1505335663,21095784,3894.05,0.03482987,1
1505335663,21095783,3894.05,0.02975083,1
1505335661,21095779,3899.99,2.17782367,0
1505335661,21095777,3899.97,2.44414834,0
1505335661,21095775,3899.97,0.06298166,0
1505335661,21095774,3899.97,0.06137000,0
1505335646,21095762,3899.99,16.99863409,0
1505335646,21095761,3899.98,0.05000000,0
1505335645,21095760,3899.98,1.90836591,0
1505335645,21095759,3899.96,1.74300000,0
1505335640,21095749,3899.98,2.40000000,0
1505335639,21095747,3899.98,0.09163409,0
1505335639,21095746,3899.59,0.00207071,0
1505335639,21095745,3899.49,0.40629520,0
1505335635,21095740,3899.49,0.09518614,0
1505335635,21095739,3899.48,0.03191451,0
1505335625,21095729,3899.49,0.60113758,0
1505335625,21095728,3894.31,0.03191451,1
1505335614,21095725,3899.48,0.00249246,1
1505335608,21095719,3898.10,0.00530000,1
1505335606,21095718,3898.10,7.00000000,1
1505335606,21095717,3898.16,1.20000000,0
1505335603,21095713,3899.49,3.72711000,0
1505335603,21095711,3899.48,4.33000000,0
1505335603,21095710,3896.07,1.11289000,0
1505335603,21095709,3896.07,0.00741429,0
1505335603,21095708,3896.07,2.49258571,0
1505335602,21095707,3898.39,3.38711000,1
1505335602,21095706,3898.39,7.00000000,1
1505335599,21095705,3898.56,0.78234597,1
1505335598,21095700,3898.56,5.05348789,0
1505335598,21095699,3898.55,0.42900000,0
1505335598,21095698,3898.54,1.35695403,0
1505335588,21095695,3898.55,0.00937610,0
1505335584,21095693,3894.03,2.56540000,1
1505335564,21095660,3898.56,0.09651211,1
1505335562,21095659,3899.47,0.05685800,0
1505335562,21095658,3899.46,0.10000000,0
1505335561,21095657,3898.56,0.05635892,1
1505335533,21095645,3899.48,0.81009620,0
1505335532,21095644,3899.48,0.06260000,0
1505335532,21095643,3899.48,0.06260000,0
1505335532,21095641,3899.48,0.88161887,0
1505335530,21095639,3899.48,0.03888970,0
1505335520,21095631,3899.48,0.06992252,0
1505335517,21095626,3899.48,0.15071600,0
1505335516,21095624,3895.30,0.02029597,0
1505335513,21095620,3899.20,0.27168663,1
1505335512,21095619,3899.20,0.01492601,0
1505335505,21095612,3899.19,0.23791608,1
1505335494,21095603,3893.39,0.17352444,1
1505335492,21095600,3893.39,0.28035100,1
1505335487,21095596,3899.19,2.91000000,0
1505335485,21095591,3899.20,0.01278980,0
1505335476,21095583,3899.20,0.27903300,1
1505335467,21095579,3899.49,0.17027108,0
1505335467,21095578,3899.00,0.12057437,0
1505335467,21095577,3898.99,0.01533948,0
1505335461,21095575,3898.99,0.07466052,0
1505335461,21095574,3891.00,0.00250000,0
1505335460,21095573,3890.00,0.50000000,0
1505335460,21095572,3889.99,0.10589604,0
1505335454,21095569,3889.99,18.00000000,0
1505335443,21095563,3889.99,0.04072200,0
1505335439,21095560,3889.98,0.17100000,0
1505335438,21095559,3889.99,0.13620000,0
1505335438,21095557,3889.99,0.06970000,0
1505335437,21095556,3889.99,0.06000000,0
1505335437,21095554,3889.99,0.01300000,0
1505335432,21095553,3883.47,0.24540000,1
1505335424,21095542,3889.99,0.00335219,0
1505335410,21095528,3883.35,0.01834756,0
1505335409,21095520,3889.99,0.01825460,0
1505335406,21095514,3889.98,2.47430051,1
1505335396,21095500,3889.98,0.52569949,1
1505335386,21095497,3889.99,1.00000000,0
1505335385,21095496,3886.06,0.00017995,1
1505335384,21095495,3889.97,0.09340230,1
1505335383,21095494,3889.99,1.00000000,0
1505335381,21095493,3889.99,1.00000000,0
1505335378,21095491,3889.99,1.00000000,0
1505335375,21095484,3889.99,1.00000000,0
1505335373,21095483,3889.99,1.55287517,0
1505335369,21095478,3889.70,0.49358587,0
1505335367,21095475,3886.01,2.47975100,1
1505335365,21095471,3889.70,0.28897462,0
1505335361,21095456,3889.70,2.25437951,0
1505335361,21095454,3889.00,0.00250000,0
1505335360,21095453,3888.99,0.09000000,0
1505335360,21095452,3888.20,5.00000000,0
1505335359,21095451,3888.00,0.25000000,0
1505335359,21095450,3888.00,0.00250000,0
1505335359,21095449,3888.00,0.10000000,0
1505335357,21095448,3887.54,0.00250000,0
1505335357,21095447,3886.83,13.65722488,0
1505335353,21095443,3886.83,17.00000000,0
1505335347,21095440,3886.83,1.67172505,0
1505335343,21095436,3886.00,3.43784977,0
1505335342,21095435,3886.00,5.00000000,0
1505335341,21095434,3886.00,7.00000000,0
1505335340,21095433,3886.00,5.00000000,0
1505335340,21095431,3885.99,0.11000000,0
1505335338,21095427,3886.00,5.00000000,0
1505335336,21095426,3886.00,6.93000000,0
1505335336,21095425,3885.99,0.07000000,0
1505335333,21095421,3885.98,0.01517628,0
1505335331,21095418,3885.98,1.00000000,0
1505335329,21095408,3885.77,1.00000000,0
1505335327,21095406,3885.97,1.00000000,1
1505335325,21095395,3885.00,1.00000000,1
1505335325,21095393,3885.80,0.03008400,0
1505335324,21095391,3885.80,0.23875907,0
1505335316,21095381,3885.00,0.10000000,0
1505335306,21095374,3883.34,0.05000000,0
1505335303,21095373,3883.34,1.00000000,0
1505335300,21095370,3883.34,1.00000000,0
1505335293,21095366,3879.34,1.00000000,1
1505335291,21095364,3883.20,1.00000000,0
1505335288,21095361,3883.20,1.00000000,0
1505335281,21095357,3883.27,0.89851018,0
1505335281,21095356,3883.24,0.39419243,0
1505335280,21095354,3880.00,0.25727524,0
1505335279,21095319,3875.01,0.52220000,1
1505335279,21095318,3875.01,2.57780000,1
1505335275,21095317,3875.00,1.77350940,0
1505335271,21095316,3874.88,0.14800000,0
1505335270,21095315,3874.20,0.08000000,0
1505335267,21095309,3866.45,2.37070000,1
1505335266,21095308,3869.00,0.50200000,0
1505335263,21095303,3869.00,0.16340364,0
1505335257,21095301,3866.44,0.02675248,0
1505335257,21095300,3866.00,3.45661019,0
1505335256,21095299,3865.83,0.50200000,0
1505335256,21095298,3865.83,0.49800000,0
1505335256,21095297,3865.83,0.49700000,0
1505335256,21095296,3865.83,0.50200000,0
1505335251,21095295,3859.52,0.69966817,1
1505335251,21095294,3862.01,0.30033183,1
1505335246,21095293,3862.01,0.25148794,0
1505335244,21095291,3862.59,0.27280446,1
