date,tid,price,amount,type
1505347146,21103224,0.07121002,1.18143272,1
1505347121,21103206,0.07155788,0.36746130,0
1505347067,21103160,0.07128287,0.14028616,1
1505347059,21103147,0.07128284,4.10297964,1
1505347057,21103126,0.07129000,0.26791977,1
1505347023,21103097,0.07157284,0.16014417,0
1505347023,21103096,0.07156485,0.13985553,0
1505347021,21103095,0.07137268,0.00000030,0
1505347018,21103090,0.07137268,0.49999970,0
1505347018,21103089,0.07137267,0.87012730,0
1505347014,21103085,0.07137267,0.72866070,0
1505346969,21103068,0.07145000,2.80000000,1
1505346965,21103064,0.07145000,0.50000000,1
1505346886,21103042,0.07137006,0.69530406,1
1505346774,21103010,0.07135036,0.91192700,0
1505346764,21103005,0.07139006,2.17682600,0
1505346763,21103004,0.07138000,0.26800000,0
1505346724,21102977,0.07139011,2.85000000,1
1505346698,21102955,0.07139007,0.67202197,1
1505346698,21102954,0.07140000,0.26800000,1
1505346572,21102864,0.07149912,1.39554836,0
1505346517,21102830,0.07142921,0.16000000,1
1505346488,21102766,0.07142918,1.09175893,0
1505346486,21102757,0.07142921,2.17470600,1
1505346486,21102754,0.07142924,3.18629400,1
1505346486,21102750,0.07142924,2.91470100,1
1505346485,21102748,0.07142924,2.85000000,1
1505346484,21102745,0.07142931,2.84999500,1
1505346484,21102743,0.07149987,16.10927800,0
1505346474,21102677,0.07134570,0.48452800,1
1505346470,21102654,0.07134567,0.50000000,1
1505345979,21102281,0.07092898,2.13711828,0
1505345975,21102277,0.07092900,0.15515515,0
1505345913,21102133,0.07092985,7.29699000,0
1505345903,21102121,0.07080000,0.14000239,0
1505345903,21102120,0.07080000,0.22200000,0
1505345823,21102044,0.07099984,3.77792000,0
1505345663,21101956,0.07101252,4.15613092,1
1505345660,21101951,0.07101255,2.85000000,1
1505345650,21101945,0.07101254,2.05396313,1
1505345650,21101944,0.07109000,0.14000000,1
1505345361,21101799,0.07108000,0.20071000,0
1505345123,21101740,0.07096000,0.14092447,1
1505344947,21101694,0.07098000,0.05978792,0
1505344945,21101691,0.07098000,0.08109684,1
1505344945,21101689,0.07098000,0.14090316,1
1505344924,21101675,0.07106003,7.07083714,1
1505344862,21101611,0.07139068,13.08683042,1
1505344862,21101610,0.07139068,2.45350923,1
1505344861,21101608,0.07139067,0.45966035,0
1505344712,21101558,0.07127906,0.14000449,1
1505344712,21101557,0.07109372,0.27716843,0
1505344712,21101556,0.07108107,0.78144575,0
1505344712,21101555,0.07108107,1.31342133,0
1505344711,21101553,0.07107000,0.14000000,0
1505344633,21101490,0.07108328,0.27732274,1
1505344632,21101489,0.07109372,2.51416110,1
1505344632,21101488,0.07109372,0.27725226,1
1505344619,21101478,0.07109375,1.44618902,1
1505344600,21101473,0.07126997,0.81404482,1
1505344520,21101443,0.07109031,0.20226177,1
1505344377,21101354,0.07108878,0.61910300,1
1505344046,21101275,0.07108328,0.29000000,1
1505343411,21101025,0.07096038,32.09508929,1
1505343410,21101023,0.07100008,2.85000000,1
1505343410,21101020,0.07101003,0.13922079,1
1505343408,21101019,0.07104000,0.07100000,1
1505343382,21101010,0.07116965,3.30000000,0
1505343255,21100921,0.07093011,1.00000000,1
1505343244,21100917,0.07100000,0.20000000,0
1505342866,21100678,0.07136000,0.07443798,1
1505342866,21100677,0.07136000,0.19456202,1
1505342761,21100624,0.07156397,0.50000000,0
1505342667,21100558,0.07125152,0.55252535,1
1505342667,21100557,0.07125152,0.24534500,1
1505342660,21100549,0.07152999,0.12415000,0
1505342660,21100548,0.07152000,0.26900000,0
1505342652,21100545,0.07125133,1.18873000,1
1505342643,21100535,0.07126000,0.26900000,1
1505342632,21100525,0.07149999,2.99586373,0
1505342620,21100512,0.07149997,0.37077545,0
1505342463,21100423,0.07137030,1.39013990,1
1505342459,21100407,0.07129142,0.30986010,0
1505342343,21100237,0.07125999,0.81607702,1
1505342343,21100236,0.07122158,0.12829154,0
1505342342,21100230,0.07120000,0.33284930,1
1505342341,21100224,0.07120000,0.22278214,0
1505342333,21100217,0.07110000,1.98471480,0
1505342317,21100213,0.07110000,3.41095000,0
1505342313,21100211,0.07110000,1.71579131,0
1505342313,21100209,0.07109000,0.26892369,0
1505342176,21100123,0.07107999,2.54022489,0
1505342175,21100122,0.07100000,0.33202099,1
1505342174,21100121,0.07100000,0.07526271,0
1505342137,21100094,0.07099997,2.85517000,0
1505342097,21100022,0.07089000,0.26892369,1
1505342097,21100021,0.07089003,2.85517026,1
1505342079,21099995,0.07100000,1.00000000,0
1505342079,21099994,0.07100000,0.10000000,0
1505342079,21099993,0.07100000,1.00000000,0
1505342072,21099979,0.07100000,4.03109509,0
1505342072,21099978,0.07099980,0.10000000,0
1505342072,21099977,0.07099953,4.01976244,0
1505341910,21099833,0.07081004,5.93359686,1
1505341877,21099787,0.07089993,0.33546014,0
1505341865,21099757,0.07078013,0.39190419,1
1505341860,21099749,0.07089996,1.13881401,0
1505341860,21099748,0.07087832,0.11359799,0
1505341849,21099735,0.07085640,2.85000000,0
1505341808,21099703,0.07076514,3.79990883,0
1505341803,21099694,0.07076511,1.78044789,1
1505341713,21099658,0.07066004,0.99734327,1
1505341656,21099601,0.07075260,2.39664700,0
1505341643,21099593,0.07075260,5.45677040,1
1505341642,21099592,0.07075260,0.56078260,0
1505341642,21099591,0.07075260,0.92516390,0
1505341641,21099590,0.07072200,0.30986010,0
1505341641,21099589,0.07071000,0.27000000,0
1505341637,21099586,0.07070999,0.21985362,0
1505341497,21099448,0.07056508,1.14899567,0
1505341494,21099440,0.07056508,0.27000000,0
1505341314,21099334,0.07056508,1.41843187,1
1505341245,21099311,0.07053096,1.70999500,1
1505341208,21099286,0.07065997,6.24512605,0
1505341208,21099284,0.07065997,0.70000000,0
1505341207,21099283,0.07065997,4.24448984,0
1505341207,21099282,0.07053506,0.09227024,0
1505341131,21099269,0.07050000,0.78620920,0
1505341123,21099267,0.07050000,1.21379080,0
1505341123,21099266,0.07050000,0.15013120,0
1505341118,21099257,0.07050000,0.78620900,0
1505341111,21099244,0.07050000,0.04980482,0
1505341091,21099238,0.07050000,0.83031304,0
1505341091,21099237,0.07049999,2.98614496,0
1505341079,21099225,0.07049982,2.81264500,0
1505341078,21099224,0.07050000,0.11988214,0
1505341078,21099223,0.07050000,0.08900000,0
1505341078,21099222,0.07049988,2.91031586,0
1505341077,21099221,0.07049988,0.09833847,0
1505341067,21099219,0.07039148,5.11970784,1
1505341048,21099207,0.07049993,2.31510000,0
1505341046,21099206,0.07039033,0.92088345,1
1505341028,21099196,0.07049996,1.80400000,0
1505341018,21099194,0.07049997,1.61382400,0
1505340945,21099128,0.07035333,4.23387000,1
1505340899,21099096,0.07039960,1.85000000,0
1505340893,21099094,0.07040000,0.96934865,0
1505340893,21099093,0.07040000,0.03065135,0
1505340813,21099052,0.07035066,0.30556922,0
1505340806,21099048,0.07035080,0.68627000,1
1505340697,21098958,0.07017332,3.08672200,0
1505340696,21098957,0.07017332,2.74428200,0
1505340696,21098956,0.07017332,0.09979700,0
1505340692,21098954,0.07011940,3.49524710,1
1505340691,21098953,0.07017319,0.61535998,0
1505340691,21098952,0.07014391,0.00000002,0
1505340690,21098947,0.07014391,1.93348000,0
1505340690,21098946,0.07014391,0.20952000,0
1505340690,21098945,0.07011939,1.68737465,1
1505340688,21098940,0.07017318,1.74465039,1
1505340688,21098934,0.07017318,1.10534961,0
1505340687,21098929,0.07017318,11.39600000,0
1505340687,21098924,0.07017318,2.85000000,0
1505340686,21098917,0.07017319,0.66639039,1
1505340684,21098907,0.07017332,11.23287900,1
1505340679,21098895,0.07017305,0.25784900,1
1505340676,21098886,0.07017289,2.53424200,1
1505340675,21098884,0.07017289,13.26771700,1
1505340675,21098883,0.07017289,3.67885235,1
1505340673,21098876,0.07017288,11.23287900,1
1505340673,21098874,0.07017288,2.36240400,1
1505340672,21098871,0.07017288,10.74528300,1
1505340672,21098870,0.07017288,0.48759600,1
1505340670,21098864,0.07017274,2.74744300,1
1505340670,21098862,0.07017274,0.27439500,1
1505340668,21098854,0.07017274,11.23287900,1
1505340664,21098846,0.07017261,0.27439500,1
1505340652,21098834,0.07017220,0.27435800,1
1505340590,21098768,0.07017066,0.21999500,1
1505340581,21098752,0.07017064,0.21999500,1
1505340449,21098637,0.07039991,0.17734300,0
1505340449,21098635,0.07035244,0.00001000,0
1505340448,21098633,0.07035244,0.19999000,0
1505340447,21098631,0.07032000,0.00000500,0
1505340446,21098628,0.07032000,0.19999500,0
1505340345,21098538,0.07032997,0.22000000,1
1505340269,21098434,0.07012366,0.49999500,1
1505340190,21098369,0.07012279,0.21088800,1
1505340042,21098261,0.07011993,0.20309830,1
1505339994,21098241,0.07020015,0.20000000,1
1505339979,21098237,0.07020000,0.20000000,1
1505339891,21098211,0.07022965,4.49103363,0
1505339890,21098210,0.07022000,13.85900500,1
1505339889,21098209,0.07022000,4.08669614,1
1505339889,21098208,0.07022000,0.27104372,0
1505339821,21098193,0.07024825,1.00000000,0
1505339521,21098071,0.07024935,1.00000000,0
1505339165,21097923,0.07033987,0.31159500,0
1505339088,21097852,0.07033877,0.98414100,0
1505339051,21097822,0.07011656,0.00942014,1
1505339050,21097821,0.07018000,0.27100000,1
1505338947,21097767,0.07015187,0.17139455,0
1505338833,21097667,0.07013676,1.00000000,0
1505338679,21097595,0.06990755,0.00004372,0
1505338678,21097593,0.06990755,0.49995628,0
1505338678,21097592,0.06990755,0.00004372,0
1505338674,21097587,0.06990755,0.49995628,0
1505338671,21097586,0.07007997,0.30000000,1
1505338668,21097584,0.07007998,0.50000000,1
1505338666,21097582,0.07007998,0.50000000,1
1505338662,21097579,0.07007998,0.50000000,1
1505338658,21097577,0.07007997,1.22782601,1
1505338658,21097576,0.07008000,1.11673599,1
1505338655,21097575,0.07007997,0.27100000,1
1505338524,21097527,0.07008997,0.28870528,0
1505338445,21097503,0.07010374,0.11047042,1
1505338443,21097501,0.07010374,0.20000000,0
1505338405,21097494,0.07010358,0.75266912,0
1505338368,21097473,0.07010000,0.00009888,1
1505338367,21097472,0.07010000,0.61186278,1
1505338333,21097450,0.06998000,0.27100000,1
1505338271,21097429,0.07010042,0.07526271,0
1505338050,21097336,0.06992034,0.27200000,1
1505338049,21097335,0.06992034,1.62800000,1
1505338048,21097334,0.06993000,0.27200000,1
1505337992,21097295,0.06992018,0.27200000,1
1505337991,21097294,0.06992018,0.88044520,1
1505337991,21097293,0.06993000,0.27200000,1
1505337989,21097291,0.06993003,0.84755480,1
1505337966,21097286,0.06993003,1.00000000,1
1505337930,21097273,0.06994003,3.57446330,1
1505337880,21097226,0.06993003,0.53401477,1
1505337765,21097180,0.07010326,0.52676349,0
1505337758,21097174,0.06990002,0.86538376,1
1505337757,21097173,0.06990000,1.00000000,0
1505337746,21097169,0.06989999,0.53230203,0
1505337296,21096845,0.06973030,0.46783000,1
1505337282,21096832,0.06972003,0.30835400,1
1505337250,21096818,0.06979000,0.70000000,0
1505337250,21096817,0.06978999,0.33251000,0
1505337022,21096681,0.06971000,0.70000000,1
1505336788,21096591,0.06965196,0.16850700,1
1505336780,21096586,0.06965148,0.75050900,1
1505336410,21096357,0.06973000,0.22600000,0
1505336259,21096283,0.06941004,14.76100000,1
1505336046,21096195,0.06972958,1.05447558,0
1505336027,21096164,0.06972987,0.17769022,0
1505336014,21096151,0.06973000,0.47400000,0
1505336014,21096150,0.06972000,0.22600000,0
1505336005,21096147,0.06971999,0.22599500,0
1505335937,21096058,0.06970999,5.20181993,0
1505335937,21096057,0.06970999,0.27300000,0
1505335788,21095935,0.06976996,0.84117807,0
1505335647,21095765,0.06964999,0.74750723,0
1505335647,21095764,0.06964999,0.29134762,0
1505335640,21095750,0.06964999,4.50000000,0
1505335593,21095697,0.06964999,0.31095400,0
1505335592,21095696,0.06964999,0.31444500,0
1505335586,21095694,0.06964999,0.67191800,0
1505335378,21095490,0.06953493,0.89637400,0
1505335378,21095488,0.06953490,1.18217252,0
1505335312,21095378,0.06954496,0.20000000,1
1505335197,21095264,0.06954045,0.50000000,1
1505334801,21095040,0.06952003,0.25650500,0
1505334799,21095038,0.06952003,0.18023000,1
1505334616,21094968,0.06951226,1.12136800,0
1505334616,21094967,0.06950000,0.27300000,0
1505334599,21094938,0.06953000,0.27300000,1
1505334595,21094933,0.06952011,0.30188100,1
1505334481,21094817,0.06969987,0.12028794,0
1505334481,21094816,0.06969000,0.17971206,0
1505333847,21094390,0.06982987,0.09218000,0
1505333842,21094383,0.06984000,0.09228794,0
1505333815,21094358,0.06976999,6.09800000,0
1505333741,21094320,0.06976935,0.11627800,0
1505333721,21094274,0.06975987,4.30282308,0
1505333721,21094273,0.06975987,0.22593372,0
1505333720,21094272,0.06975984,1.91403648,0
1505333720,21094267,0.06975987,0.54611125,0
1505333674,21094193,0.06948273,0.27473500,1
1505333633,21094143,0.06948170,0.27200000,1
1505333633,21094142,0.06948167,1.40492714,1
1505333632,21094141,0.06948169,0.95358600,1
1505333608,21094104,0.06948042,0.95400000,0
1505333607,21094103,0.06948042,4.98013300,1
1505333606,21094099,0.06949000,0.22600000,1
1505333593,21094065,0.06946014,18.28589400,1
1505333592,21094063,0.06947000,0.27200000,1
1505333592,21094060,0.06947003,0.27200000,1
1505333571,21094013,0.06982591,2.19805131,1
1505333571,21094011,0.06982591,2.55744900,1
1505333570,21094008,0.06982591,0.96587012,1
1505333570,21094006,0.06982591,2.85000000,0
1505333567,21094001,0.06942003,0.41377700,1
1505333565,21093996,0.06941029,14.79461051,1
1505333508,21093898,0.06966067,23.51757300,0
1505333508,21093896,0.06966056,1.37634600,0
1505333507,21093895,0.06966056,1.47365400,0
1505333501,21093893,0.06966065,0.91895417,0
1505333500,21093891,0.06966054,1.97722676,0
1505333480,21093875,0.06966062,0.18356100,0
1505333471,21093867,0.06961000,0.22588048,0
1505333403,21093758,0.06948000,0.27200000,0
1505333244,21093521,0.06930032,0.83883399,1
1505333244,21093520,0.06946254,0.09376939,1
1505333243,21093519,0.06950000,1.00000000,1
1505333243,21093517,0.06951390,0.12552662,1
1505333230,21093496,0.06951390,0.99729600,1
1505333125,21093416,0.06958999,4.81422796,0
1505333101,21093357,0.06962997,0.21665200,0
1505332998,21093274,0.06951496,1.03514527,1
1505332757,21093084,0.06953631,7.92101600,1
1505332753,21093081,0.06953616,2.98999500,1
1505332751,21093079,0.06953603,1.04554200,1
1505332577,21092978,0.06951547,1.32473811,1
1505332577,21092977,0.06953000,0.27200000,1
1505332572,21092973,0.06967998,2.96106400,0
1505332572,21092972,0.06967000,0.13100000,0
1505332549,21092951,0.06951042,1.84582398,0
1505332505,21092914,0.06974987,2.93161400,0
1505332382,21092775,0.06971973,5.00000000,0
1505332289,21092740,0.06959000,0.13100000,1
1505332224,21092713,0.06956000,0.27200000,0
1505332213,21092698,0.06957997,0.16359504,0
1505332212,21092697,0.06957997,0.27200000,0
1505332053,21092589,0.06952000,0.27200000,1
1505331964,21092525,0.06977000,0.00013929,1
1505331963,21092523,0.06977000,1.49970962,1
1505331962,21092522,0.06977000,0.14667109,0
1505331828,21092455,0.06952870,0.29674691,1
1505331603,21092313,0.06976000,0.12424846,1
1505331602,21092311,0.06975999,0.22583754,0
1505331567,21092269,0.06959135,1.58137917,1
1505331482,21092207,0.06960000,0.27091955,1
1505331447,21092165,0.06969000,0.22588048,1
1505331445,21092157,0.06970000,1.62047523,1
1505331445,21092155,0.06970000,0.22591477,1
1505331376,21092135,0.06970000,1.05361000,1
1505331351,21092118,0.06970000,0.10000000,1
1505331272,21092014,0.06985404,3.34219598,0
1505331247,21091980,0.06985404,73.66000000,0
1505331245,21091979,0.06985404,1.56242100,0
1505331227,21091968,0.06985404,0.27825400,0
1505331215,21091955,0.06985404,1.33863902,0
1505331214,21091954,0.06985403,2.85461698,0
1505331181,21091883,0.06985403,5.00000000,0
1505331125,21091844,0.06985403,15.97432387,0
1505331125,21091843,0.06985403,2.96558013,0
1505331122,21091839,0.06985403,0.25940000,0
1505331121,21091838,0.06985403,0.16664400,0
1505331119,21091837,0.06985403,10.24469100,0
1505331115,21091832,0.06985403,1.80077000,0
1505331114,21091831,0.06985403,5.37715384,0
1505331113,21091830,0.06985403,19.51499000,0
1505331111,21091828,0.06985403,5.83691500,0
1505331109,21091827,0.06983773,3.81520600,0
1505331109,21091826,0.06983773,32.65100900,0
1505331108,21091822,0.06983773,4.02965244,0
1505331047,21091717,0.06983807,3.54385300,0
1505330948,21091657,0.06950740,0.08012018,0
1505330677,21091485,0.06980610,0.07340634,0
1505330575,21091399,0.06956501,0.16575700,0
1505330574,21091398,0.06956000,0.22600000,0
1505330371,21091244,0.06974000,0.22600000,1
1505330204,21091154,0.06972343,3.14726968,0
1505330204,21091153,0.06972343,2.25773722,1
1505330202,21091152,0.06972343,0.59226278,0
1505330179,21091138,0.06972343,2.85000000,0
1505329396,21090714,0.06984259,0.15000000,0
1505329391,21090710,0.06984286,0.20000000,0
1505329383,21090706,0.06984314,0.20000000,0
1505329275,21090612,0.06984664,0.07140687,0
1505329202,21090582,0.06984902,14.99643130,0
1505329184,21090570,0.06984959,3.68008782,0
1505329184,21090569,0.06984000,0.27000000,0
1505329138,21090532,0.06976014,0.28165500,0
1505329138,21090531,0.06975000,0.22583370,0
1505328958,21090410,0.06976987,0.57188354,0
1505328475,21090054,0.06993000,4.10201300,1
1505328467,21090053,0.06993000,5.89798700,1
1505328467,21090052,0.06994000,0.27000000,1
1505328462,21090047,0.06995001,1.00295368,1
1505328319,21089963,0.07003128,0.71151062,0
1505328001,21089787,0.07003673,1.00000000,0
1505327913,21089706,0.07003843,4.30350166,0
1505327884,21089687,0.06977016,0.36999500,1
1505327835,21089627,0.07003843,0.91478532,0
1505327799,21089611,0.07003843,6.38699354,0
1505327788,21089590,0.06999963,1.51136821,0
1505327778,21089580,0.06999000,0.16820800,0
1505327610,21089360,0.06995973,0.69443041,0
1505327544,21089314,0.06994860,0.21907000,0
1505327540,21089312,0.06994861,1.03868400,0
1505327521,21089288,0.06994917,1.00000000,0
1505327500,21089266,0.06994973,2.72589399,0
1505327463,21089235,0.06962967,0.10000000,1
1505327448,21089229,0.06999972,0.50000000,0
1505327284,21089030,0.06987000,0.22583370,1
1505327272,21089025,0.06988000,0.16820800,1
1505327184,21088887,0.06999990,0.23467219,0
1505327162,21088872,0.07003843,2.14999994,0
1505327162,21088871,0.07003839,2.85000000,0
1505327161,21088869,0.06999990,0.00000006,0
1505327074,21088675,0.06999990,1.94655443,0
1505327074,21088674,0.06987999,0.09324857,0
1505327039,21088621,0.06987993,1.55512200,0
1505327015,21088562,0.06987988,1.06446089,0
1505326907,21088426,0.06956784,0.71297313,0
1505326863,21088333,0.06956790,1.90661000,1
1505326593,21088068,0.06987998,1.78943013,0
1505326520,21087984,0.06957979,1.98508500,0
1505326519,21087980,0.06957979,7.09573084,0
1505326402,21087821,0.06953190,0.00000143,0
1505326402,21087820,0.06953190,0.09324857,1
1505326389,21087813,0.06957986,0.27100000,0
1505326386,21087802,0.06957987,0.16935724,1
1505326386,21087800,0.06957000,0.27100000,0
1505326378,21087771,0.06957987,0.50000000,0
1505326368,21087753,0.06958987,0.49800000,0
1505326364,21087743,0.06959000,0.22700000,0
1505326289,21087645,0.06953205,2.39373241,1
1505326288,21087639,0.06953203,6.81207352,1
1505326287,21087632,0.06953203,15.77665700,1
1505326034,21087282,0.06965049,1.23965652,1
1505326034,21087281,0.06966000,0.27100000,1
1505326025,21087263,0.06965048,2.06938909,1
1505326023,21087254,0.07006968,0.80814161,1
1505326022,21087252,0.07006968,0.27000000,1
1505326022,21087251,0.07006968,0.92185839,1
1505326007,21087229,0.06965042,6.38061000,1
1505325972,21087197,0.06976614,1.46406600,1
1505325964,21087179,0.06976624,0.28694249,1
1505325963,21087175,0.06965001,1.46406628,1
1505325963,21087174,0.06976591,0.07762516,1
1505325963,21087173,0.06976606,1.83717698,1
1505325963,21087170,0.06976623,0.73802158,1
1505325960,21087169,0.07021120,0.28365732,0
1505325958,21087165,0.06976616,1.65961200,1
1505325938,21087146,0.06976637,2.96501400,1
1505325889,21087094,0.06989445,1.37269526,0
1505325889,21087093,0.06989455,2.48650282,1
1505325887,21087092,0.07006275,0.12500000,1
1505325873,21087073,0.07007001,2.01999991,1
1505325873,21087072,0.07008000,0.22700000,1
1505325855,21087065,0.07006276,6.90655700,1
1505325855,21087064,0.07010000,2.02000000,1
1505325852,21087061,0.07010003,2.02000000,1
1505325849,21087058,0.07010001,0.22996669,0
1505325848,21087057,0.07014002,2.85000000,1
1505325848,21087056,0.07020000,2.00000000,1
1505325832,21087034,0.07013009,6.20750253,1
1505325832,21087033,0.07014000,0.27000000,1
1505325807,21086933,0.07031998,1.79885800,0
1505325807,21086921,0.07031997,1.93214200,0
1505325797,21086901,0.07031000,0.26900000,0
1505325730,21086795,0.07033147,1.45367487,1
1505325729,21086791,0.07033147,2.85000000,0
1505325646,21086714,0.07033200,1.30105900,0
1505325634,21086703,0.07033198,1.20897704,0
1505325634,21086702,0.07020000,0.09428633,0
1505325625,21086676,0.07019999,1.54894100,0
1505325615,21086658,0.07019998,0.14298900,0
1505325609,21086637,0.07003008,0.84391096,1
1505325607,21086615,0.07019000,2.85000000,1
1505325597,21086574,0.07019000,2.85000000,1
1505325596,21086573,0.07020000,0.02110709,1
1505325596,21086572,0.07020000,0.24789291,1
1505325451,21086454,0.07020075,1.37646300,0
1505325451,21086453,0.07020075,3.43066500,0
1505325448,21086449,0.07022000,3.30000000,1
1505325405,21086406,0.07038989,4.75124329,0
1505325404,21086405,0.07030000,0.93169214,0
1505325372,21086359,0.07030000,2.37303900,0
1505325371,21086358,0.07030000,0.00012582,0
1505325371,21086357,0.07030000,0.99987418,0
1505325371,21086355,0.07024515,0.15779152,0
1505325370,21086354,0.07024515,0.14939267,0
1505325370,21086353,0.07024515,0.13971927,0
1505325370,21086352,0.07024515,0.12816654,0
1505325370,21086351,0.07024515,0.03355944,0
1505325370,21086350,0.07024515,0.07992787,0
1505325370,21086349,0.07024515,0.09218034,0
1505325351,21086329,0.07020129,1.36600000,1
1505325294,21086255,0.07020000,0.05210709,0
1505325292,21086251,0.07020000,0.79433522,0
1505325248,21086197,0.07020000,0.15355769,0
1505325246,21086195,0.07015257,0.20986010,0
1505325194,21086164,0.07015257,0.10000000,0
1505325141,21086136,0.07010000,1.00000000,0
1505325131,21086114,0.07009999,14.78994078,0
1505325120,21086097,0.07008951,8.92233373,0
1505325117,21086086,0.07008951,4.08963335,0
1505325117,21086085,0.07008951,4.82826750,0
1505325108,21086066,0.07008953,0.99999500,0
1505325098,21086049,0.07008954,6.93708679,1
1505325081,21085984,0.07008956,2.75808551,0
1505324997,21085897,0.07008968,0.56961238,1
1505324996,21085896,0.07008000,0.14200000,0
1505324869,21085739,0.06990000,1.00000000,1
1505324858,21085731,0.06991000,0.12300000,1
1505324858,21085730,0.07000000,0.05210709,1
1505324761,21085594,0.07013000,0.25000000,0
1505324746,21085569,0.07000000,0.94789291,1
1505324736,21085546,0.07000000,0.44250240,1
1505324736,21085545,0.07000000,0.82740058,1
1505324734,21085542,0.07000000,0.73009702,1
1505324734,21085541,0.07000007,0.97248100,1
1505324721,21085516,0.07015252,1.67557233,0
1505324721,21085515,0.07015000,0.00000539,0
1505324660,21085450,0.07000299,7.50000000,1
1505324286,21084991,0.07015000,3.58902400,0
1505324284,21084980,0.07015000,0.17099073,0
1505324283,21084973,0.07015000,0.15955286,0
1505324271,21084937,0.07014999,0.94000000,1
1505324270,21084933,0.07015000,9.44145700,0
1505324270,21084931,0.07014999,1.91248600,0
1505324269,21084927,0.07014999,0.93751400,0
1505324236,21084892,0.06992015,0.23100000,0
1505324234,21084890,0.06998000,0.26900000,1
1505324148,21084777,0.06987480,0.19226923,1
1505324026,21084624,0.07015000,0.43722533,0
1505323993,21084546,0.07015000,0.71019933,0
1505323970,21084490,0.07010732,2.85000000,1
1505323937,21084446,0.06992023,0.17283067,1
1505323935,21084439,0.06992029,0.17279685,1
1505323911,21084408,0.07014999,0.16352477,0
1505323896,21084374,0.07015000,6.26738417,0
1505323894,21084366,0.07015000,1.16759932,0
1505323893,21084364,0.07014999,0.25260369,1
1505323890,21084353,0.07015000,2.39519458,0
1505323890,21084351,0.07014999,0.37160834,0
1505323873,21084320,0.06988000,0.36490083,0
1505323845,21084278,0.07014996,3.05601500,0
1505323799,21084211,0.06986157,3.05601500,0
1505323673,21084016,0.07015000,0.00012473,0
1505323673,21084015,0.07009897,4.26486010,1
1505323671,21084014,0.07009897,2.85000000,0
1505323630,21083984,0.07015000,4.03059703,0
1505323630,21083983,0.07015000,0.85430489,1
1505323629,21083979,0.07010000,0.00007153,0
1505323629,21083977,0.07010000,0.66000047,0
1505323629,21083976,0.07010000,0.33992800,0
1505323629,21083974,0.07009928,0.85430489,0
1505323628,21083972,0.07009928,1.93255900,1
1505323628,21083971,0.07009909,2.85000000,0
1505323628,21083968,0.07009898,5.21579018,1
1505323627,21083967,0.07009898,0.21667900,1
1505323627,21083966,0.07009898,8.65303239,1
1505323626,21083965,0.07009898,2.84908195,0
1505323514,21083874,0.06976911,0.21667900,0
1505323514,21083873,0.06976903,8.19703200,1
1505323513,21083872,0.06976911,0.70076200,1
1505323513,21083871,0.06976911,2.14923800,1
1505323508,21083858,0.06976914,0.33331600,1
1505323309,21083608,0.07009925,0.87288689,0
1505323201,21083415,0.07009997,2.04448000,0
1505323174,21083385,0.06993984,0.14405069,0
1505323130,21083352,0.06992990,0.26899999,0
1505323130,21083351,0.06992990,1.39359801,0
1505323105,21083320,0.06993983,1.66259800,1
1505323089,21083309,0.06993000,0.26900000,0
1505323009,21083195,0.06966193,7.60926494,1
1505323008,21083189,0.06966193,0.68269400,1
1505323007,21083186,0.06966193,0.24462916,1
1505323007,21083183,0.06966196,1.02726084,1
1505322867,21082931,0.06983047,0.26900000,1
1505322840,21082904,0.07000995,0.77727272,0
1505322838,21082902,0.06983047,0.11637788,1
1505322838,21082901,0.06984000,0.26900000,1
1505322795,21082845,0.06983066,1.02726084,0
1505322793,21082843,0.06983063,0.17999500,1
1505322667,21082715,0.06980003,6.06847000,1
1505322602,21082629,0.06999987,4.00142286,0
1505322363,21082174,0.07005937,0.22128974,1
1505322362,21082171,0.07005937,1.77871026,0
1505322292,21081943,0.06993992,1.17727660,1
1505322287,21081932,0.06993991,1.13231997,0
1505322229,21081676,0.06981000,0.58088859,0
1505322212,21081643,0.06981000,0.99781400,0
1505322208,21081636,0.06981000,0.27022200,0
1505322181,21081606,0.06981000,1.40783346,0
1505322166,21081545,0.06980997,3.25675805,0
1505322143,21081509,0.06975985,2.85000000,0
1505322143,21081508,0.06975000,0.22800000,0
1505322002,21081191,0.06973982,1.92820069,1
1505322001,21081190,0.06973982,3.07179931,0
1505321990,21081170,0.06972992,0.71518811,0
1505321989,21081169,0.06937035,0.86691800,1
1505321976,21081141,0.06956000,0.27000000,0
1505321973,21081138,0.06957001,0.11000000,0
1505321972,21081137,0.06957000,0.04100000,0
1505321959,21081114,0.06932212,0.11644428,1
1505321959,21081113,0.06933000,0.27000000,1
1505321958,21081112,0.06934000,3.00000000,1
1505321958,21081109,0.06957000,0.22800000,0
1505321956,21081101,0.06957001,9.07612900,1
1505321947,21081077,0.06969000,2.37665122,1
1505321947,21081075,0.06969000,0.92334878,1
1505321943,21081062,0.06957001,7.36379642,1
1505321942,21081058,0.06957001,0.90795100,1
1505321942,21081055,0.06957001,0.22800000,1
1505321939,21081039,0.06956007,5.03671000,1
1505321935,21081027,0.06956002,5.03915300,1
1505321926,21081008,0.06955007,1.06004100,1
1505321884,21080938,0.06977995,0.11717400,0
1505321883,21080935,0.06977000,0.22700000,0
1505321837,21080868,0.06966993,1.93086000,0
1505321837,21080867,0.06966000,0.26900000,0
1505321831,21080850,0.06920000,6.13141048,1
1505321831,21080849,0.06927977,0.23737504,1
1505321830,21080848,0.06933949,0.20000000,1
1505321830,21080847,0.06938000,3.00000000,1
1505321830,21080846,0.06938001,1.18578539,1
1505321830,21080845,0.06938004,2.85000000,1
1505321830,21080844,0.06939000,0.26900000,1
1505321823,21080829,0.07009999,14.55247354,1
1505321823,21080827,0.06999353,0.30888477,1
1505321823,21080826,0.06993695,0.09317224,0
1505321822,21080823,0.06991020,0.20000000,0
1505321822,21080821,0.06982000,3.00000000,0
1505321821,21080820,0.06982000,2.54869652,1
1505321821,21080819,0.06982000,2.19801525,1
1505321821,21080818,0.06966993,2.85000000,0
1505321820,21080816,0.06965999,5.00598000,0
1505321820,21080815,0.06965999,0.22700000,0
1505321819,21080814,0.06965999,0.22700000,0
1505321780,21080760,0.06932004,0.10600000,1
1505321780,21080759,0.06950000,0.22700000,1
1505321642,21080594,0.06975997,0.78912000,0
1505321640,21080587,0.06975000,0.26800000,0
1505321595,21080537,0.06940000,0.03757782,1
1505321594,21080536,0.06942218,0.20000000,1
1505321594,21080535,0.06943000,0.26800000,1
1505321594,21080534,0.06962001,0.20000000,1
1505321594,21080533,0.06962002,2.65007718,1
1505321591,21080529,0.06962002,0.19992282,1
1505321510,21080333,0.06978982,8.09688726,0
1505321461,21080256,0.06969966,3.00000000,0
1505321459,21080252,0.06969966,13.24148496,0
1505321437,21080212,0.06969967,5.33235025,1
1505321432,21080188,0.06969934,1.50081100,0
1505321432,21080187,0.06969934,1.27230157,0
1505321431,21080186,0.06969887,3.72333084,1
1505321431,21080185,0.06969890,3.37240000,1
1505321430,21080183,0.06969874,3.37240000,0
1505321407,21080095,0.06969968,7.09573084,0
1505321407,21080094,0.06969968,1.00000000,0
1505321406,21080092,0.06969969,5.70813000,1
1505321406,21080088,0.06969969,0.22700000,1
1505321403,21080079,0.06969969,0.22700000,1
1505321401,21080066,0.06969969,0.05454800,0
1505321401,21080064,0.06964948,1.10382500,0
1505321397,21080048,0.06964978,0.38539963,0
1505321345,21079949,0.06949000,0.22700000,1
1505321286,21079791,0.06943003,1.10382500,1
1505321283,21079774,0.06974957,0.21072700,0
1505321224,21079594,0.06955991,61.51911871,0
1505321224,21079593,0.06955990,6.88315045,0
1505321224,21079592,0.06955973,7.09573084,0
1505321214,21079576,0.06936026,0.33250300,1
1505321214,21079575,0.06936026,0.07300000,1
1505321213,21079574,0.06936026,0.22700000,1
1505321212,21079570,0.06936029,2.08431084,0
1505321211,21079566,0.06936026,0.16387116,1
1505321210,21079564,0.06936029,2.08431084,1
1505321174,21079528,0.06939204,5.01142000,1
1505321160,21079480,0.06939183,0.71795900,1
1505321158,21079468,0.06939183,0.29999500,1
1505321150,21079453,0.06960997,0.81435276,1
1505321150,21079452,0.06960997,6.69472044,0
1505321053,21079336,0.06939034,0.21961131,1
1505321018,21079311,0.06940000,0.07300000,1
1505320945,21079280,0.06935106,2.79290572,0
1505320944,21079276,0.06936938,0.20000000,1
1505320898,21079240,0.06964946,0.40101040,0
1505320791,21079128,0.06935052,0.57481100,1
1505320769,21079118,0.06935042,0.40633000,1
1505320605,21078921,0.06946000,1.91056800,1
1505320239,21078588,0.06974983,2.85000000,0
1505320099,21078391,0.06946403,4.39748859,0
1505320099,21078390,0.06954018,0.50404079,1
1505320097,21078386,0.06954071,7.09573084,1
1505319988,21078292,0.06968999,0.02977570,0
1505319987,21078291,0.06968999,0.20322430,0
1505319987,21078290,0.06962000,0.26700000,0
1505319984,21078287,0.06962998,0.50000000,0
1505319981,21078282,0.06962999,0.44855597,0
1505319981,21078281,0.06962999,0.05144403,0
1505319978,21078280,0.06962999,0.09225658,0
1505319978,21078279,0.06962999,0.17474342,0
1505319974,21078271,0.06962999,0.26700000,0
1505319967,21078267,0.06963999,0.41937100,0
1505319961,21078261,0.06964993,2.90439205,1
1505319961,21078259,0.06964993,7.09560795,0
1505319960,21078258,0.06940098,4.00000000,1
1505319906,21078208,0.06937028,0.49715253,1
1505319905,21078201,0.06938000,0.26700000,1
1505319878,21078123,0.06957999,0.11358368,1
1505319878,21078121,0.06957999,0.06115974,1
1505319858,21078093,0.06957000,0.09681296,0
1505319817,21078056,0.06961999,1.01623068,0
1505319584,21077808,0.06950000,2.00000000,1
1505319584,21077807,0.06952000,0.10000000,1
1505319582,21077802,0.06952100,2.00894693,1
1505319424,21077683,0.06952106,1.39076234,1
1505319402,21077653,0.06956000,0.10318204,0
1505319384,21077580,0.06953000,0.19999500,1
1505319383,21077577,0.06958000,0.01474300,1
1505319378,21077570,0.06958000,0.21225700,1
1505319376,21077563,0.06957003,0.58124050,1
1505319360,21077549,0.06985959,1.00000000,0
1505319342,21077536,0.06958000,0.11970166,0
1505319341,21077533,0.06958886,0.09317224,1
1505319341,21077532,0.06958888,0.01412610,1
1505319340,21077529,0.06958888,18.17357538,1
1505319340,21077528,0.06965984,0.15784562,1
1505319339,21077527,0.06965000,0.26600000,0
1505319339,21077526,0.06958900,0.99139000,0
1505319336,21077520,0.06958888,0.14371946,1
1505319309,21077491,0.06970000,0.00015277,1
1505319305,21077488,0.06971004,1.97029767,1
1505319304,21077487,0.06971004,0.87970233,1
1505319303,21077484,0.06970000,0.24626788,1
1505319303,21077482,0.06971004,0.00007359,1
1505319303,21077479,0.06971004,0.24992641,1
1505319302,21077477,0.06971004,2.60357935,1
1505319297,21077470,0.06971004,0.22700000,1
1505319297,21077469,0.06971004,0.01942065,1
1505319297,21077468,0.06972000,0.22700000,1
1505319291,21077458,0.06972003,1.05270000,1
1505319272,21077439,0.06970066,0.22700000,1
1505319216,21077373,0.06980000,0.22700000,1
1505319215,21077372,0.06980000,1.00000000,1
1505319025,21077222,0.06982045,0.99137894,1
1505319024,21077221,0.06983000,0.26600000,1
1505319021,21077212,0.06982032,4.95120345,1
1505319005,21077203,0.07002995,5.70000000,0
1505318951,21077144,0.07003999,11.39356054,0
1505318942,21077133,0.07005998,1.62687000,1
1505318940,21077132,0.07005000,0.10000000,0
1505318642,21076889,0.07008955,0.44052400,0
1505318536,21076803,0.06997000,0.10000000,1
1505318499,21076760,0.07009867,0.42385400,0
1505318334,21076588,0.07000000,3.30000000,1
1505318211,21076503,0.07009926,0.25138631,0
1505318201,21076487,0.07009932,4.26939048,1
1505318199,21076483,0.07000000,0.00000500,0
1505318174,21076448,0.07000000,0.01897300,0
1505318174,21076447,0.07000000,0.98102200,0
1505318164,21076422,0.06999976,1.39887109,0
1505318153,21076411,0.06999987,0.11129000,0
1505318125,21076379,0.06999829,0.54747800,0
1505317942,21076174,0.06995264,3.46776633,0
1505317827,21076026,0.06995387,2.58350662,0
1505317675,21075867,0.06995576,0.75524842,0
1505317560,21075655,0.06995699,3.85372657,0
1505317560,21075654,0.06995698,2.85000000,0
1505317553,21075626,0.06995700,4.51464500,0
1505317546,21075618,0.06995727,0.21191000,0
1505317504,21075546,0.06995970,1.00000000,0
1505317471,21075489,0.06997000,0.15112354,0
1505317464,21075465,0.06997569,0.71445700,0
1505317434,21075413,0.06970620,1.12504971,1
1505317426,21075398,0.06970606,1.10999500,1
1505317423,21075393,0.06970605,3.78882600,0
1505317422,21075392,0.06970602,2.54724429,0
1505317422,21075391,0.06970605,6.02387071,1
1505317279,21075201,0.06981000,0.11480493,1
1505317257,21075148,0.06983981,0.19070000,0
1505317237,21075122,0.06970449,1.01611200,1
1505317236,21075120,0.06980000,0.01897800,1
1505317234,21075116,0.06980000,0.98102200,1
1505317201,21075058,0.06990000,0.00007153,1
1505317138,21074939,0.06990000,0.66000047,1
1505317136,21074936,0.06990000,0.33992800,1
1505317131,21074924,0.06995000,0.25000000,1
1505317015,21074767,0.06997093,9.44208000,1
1505317014,21074766,0.06997093,0.23901400,1
1505317011,21074760,0.06997092,2.55099200,1
1505316991,21074727,0.06997046,18.24112700,1
1505316991,21074726,0.06998000,0.26600000,1
1505316864,21074493,0.07012996,0.31939675,0
1505316864,21074492,0.07008110,0.16931309,0
1505316863,21074491,0.07008101,2.84000000,0
1505316863,21074490,0.07005000,0.25000000,0
1505316863,21074489,0.07001025,0.00000504,0
1505316785,21074365,0.07001025,11.42814848,0
1505316779,21074355,0.07001025,0.10291736,0
1505316767,21074341,0.07001025,6.97694900,0
1505316766,21074340,0.07001025,27.69268200,0
1505316766,21074336,0.07001025,0.51256300,0
1505316764,21074332,0.06997972,2.84000000,0
1505316762,21074327,0.06997945,0.76414527,0
1505316762,21074326,0.06997000,0.26600000,0
1505316713,21074278,0.06998987,4.95194030,0
1505316684,21074230,0.07001025,27.91218312,0
1505316684,21074229,0.07001024,1.11866316,0
1505316684,21074228,0.06998000,0.14620072,0
1505316470,21073975,0.06971549,0.24642065,1
1505316299,21073748,0.06992997,1.07900000,0
1505316234,21073644,0.06994988,2.81641324,0
1505316233,21073642,0.06994989,1.97169052,0
1505316173,21073607,0.06977000,0.77087905,0
1505316127,21073519,0.06955025,1.65417000,1
1505316127,21073518,0.06956000,0.26600000,1
1505316126,21073513,0.06956003,1.97171800,1
1505316121,21073505,0.06976811,4.30006398,0
1505316121,21073503,0.06976000,2.36612102,0
1505316114,21073487,0.06976796,12.78441100,0
1505316113,21073482,0.06976809,6.88532484,0
1505316090,21073446,0.06954001,1.02068628,1
1505316066,21073401,0.06977000,0.85653228,1
1505316066,21073400,0.06977000,0.14346772,1
1505316062,21073388,0.06976997,0.21040600,0
1505316049,21073378,0.06952006,0.34008705,0
1505316049,21073377,0.06952006,6.36091295,1
1505316001,21073264,0.06982955,1.50000000,0
1505315994,21073257,0.06983000,0.08079928,0
1505315969,21073192,0.06970000,0.00000001,1
1505315968,21073189,0.06971007,0.93012670,0
1505315967,21073187,0.06970000,0.04192321,1
1505315967,21073186,0.06971001,0.29130679,1
1505315943,21073093,0.06971001,5.57608585,1
1505315920,21073016,0.06970000,0.87651177,1
1505315903,21072956,0.06971000,5.00000000,1
1505315859,21072829,0.06970000,0.08156501,1
1505315833,21072761,0.06980984,0.55789155,0
1505315781,21072663,0.06964008,1.32541501,1
1505315781,21072662,0.06964008,0.82999999,1
1505315780,21072654,0.06964011,1.06271400,1
1505315779,21072653,0.06965000,0.07200000,1
1505315738,21072531,0.06960013,1.20786400,1
1505315677,21072444,0.06953016,0.22999500,1
1505315675,21072436,0.06978997,6.92697100,0
1505315674,21072430,0.06953013,0.22999500,1
1505315673,21072427,0.06953013,0.74222000,1
1505315666,21072404,0.06952077,7.87985100,1
1505315666,21072398,0.06952077,0.00002230,1
1505315666,21072396,0.06952090,11.07291619,1
1505315662,21072375,0.06980000,0.19353228,1
1505315625,21072263,0.06951002,0.56217000,1
1505315625,21072262,0.06952000,0.26500000,1
1505315615,21072245,0.06979988,0.16875939,1
1505315614,21072242,0.06979988,0.41181900,1
1505315575,21072171,0.06979988,0.41465600,1
1505315532,21072027,0.06977755,0.52475210,0
1505315490,21071926,0.06977976,17.96918935,0
1505315473,21071861,0.06957945,10.98883800,0
1505315472,21071855,0.06957959,13.74716227,1
1505315471,21071851,0.06957958,10.98883773,0
1505315471,21071850,0.06957000,0.26400000,0
1505315468,21071825,0.06929059,15.00855362,1
1505315466,21071811,0.06929062,1.91481712,1
1505315458,21071790,0.06957997,1.83234948,0
1505315417,21071649,0.06929001,1.83932000,1
1505315389,21071542,0.06936006,2.84000000,1
1505315349,21071489,0.06965986,0.08246764,0
1505315269,21071395,0.06968218,0.08246764,0
1505315207,21071334,0.06945000,0.46000000,1
1505315206,21071333,0.06945000,2.84000000,1
1505315132,21071265,0.06934080,11.55813100,1
1505315130,21071263,0.06934080,2.84000000,1
1505315128,21071260,0.06934080,0.27269000,1
1505315051,21071102,0.06941527,2.77414200,1
1505314947,21070907,0.06941523,2.84000000,1
1505314926,21070871,0.06941522,8.12047445,1
1505314923,21070864,0.06941521,0.19999956,1
1505314923,21070863,0.06963000,0.00000044,1
1505314907,21070827,0.06963000,3.00482665,1
1505314907,21070826,0.06964000,0.26400000,1
1505314906,21070825,0.06964003,3.76574135,1
1505314876,21070794,0.06964006,1.46174700,1
1505314768,21070603,0.06971003,1.56351165,1
1505314759,21070583,0.07008999,1.23557058,0
1505314759,21070582,0.06991954,2.84000000,0
1505314590,21070300,0.06997987,0.24805400,0
1505314492,21070140,0.06963000,0.22700000,1
1505314478,21070094,0.06976986,3.56174000,0
1505314477,21070088,0.06976986,21.43826000,0
1505314476,21070079,0.06964433,2.60027910,1
1505314469,21070065,0.06964433,0.29352609,0
1505314469,21070062,0.06951290,0.75459994,0
1505314459,21070036,0.06951289,2.62018300,0
1505314447,21069966,0.06951289,4.17081700,0
1505314447,21069965,0.06949000,1.42781600,0
1505314421,21069891,0.06949000,2.17218400,0
1505314421,21069890,0.06948997,0.14000000,0
1505314420,21069889,0.06948000,0.22700000,0
1505314420,21069887,0.06947999,0.46832900,0
1505314404,21069845,0.06948997,6.79100000,0
1505314183,21069410,0.06924530,2.37670755,1
1505314123,21069324,0.06924502,3.05425391,1
1505314035,21069178,0.06924465,6.05286059,1
1505314003,21069138,0.06924353,6.67794250,1
1505313998,21069132,0.06924327,3.25012139,1
1505313971,21069101,0.06924296,6.78391000,1
1505313939,21069061,0.06924282,6.65595300,1
1505313907,21069017,0.06924275,4.86524170,1
1505313907,21069015,0.06924278,1.36982630,1
1505313879,21068929,0.06924271,2.84000000,1
1505313873,21068923,0.06924274,3.17301800,1
1505313856,21068879,0.06949615,0.28711346,0
1505313830,21068850,0.06924251,2.84000000,1
1505313829,21068849,0.06924254,2.84000000,1
1505313764,21068752,0.06949843,0.43400000,1
1505313744,21068735,0.06935870,0.50000000,0
1505313736,21068718,0.06935869,4.95875000,0
1505313736,21068717,0.06935869,1.11000000,0
1505313734,21068711,0.06935866,2.29418572,0
1505313734,21068710,0.06935866,6.06875000,0
1505313734,21068709,0.06935866,3.45704516,0
1505313734,21068708,0.06935863,3.80342884,0
1505313734,21068707,0.06935863,3.29230200,0
1505313733,21068706,0.06930892,0.19449600,1
1505313731,21068696,0.06935867,3.59239512,1
1505313730,21068694,0.06935868,2.02875500,1
1505313723,21068676,0.06935868,10.55278092,1
1505313723,21068674,0.06935868,6.06625400,1
1505313657,21068541,0.06935743,5.85754626,1
1505313656,21068540,0.06935758,6.75054882,1
1505313647,21068456,0.06935707,8.26359100,1
1505313567,21067832,0.06981959,0.93944277,0
1505313495,21067605,0.06983916,1.42829066,0
1505313484,21067591,0.06943357,0.34518202,1
1505313466,21067579,0.06983947,1.31320144,1
1505313394,21067475,0.06974801,3.70699525,0
1505313293,21067319,0.06942745,0.51249182,1
1505313283,21067299,0.06942739,4.29999500,1
1505313141,21067164,0.06942549,0.56320169,1
1505313065,21067100,0.06976439,2.00000000,0
1505313062,21067093,0.06976440,0.22000000,0
1505312771,21066546,0.06951062,11.75000000,1
1505312768,21066539,0.06951035,0.15700000,1
1505312705,21066463,0.06984805,2.23456216,1
1505312704,21066462,0.06984802,2.71364790,1
1505312704,21066461,0.06984802,3.64054460,1
1505312704,21066460,0.06984801,0.65759314,0
1505312644,21066363,0.06971997,1.93269200,0
1505312640,21066358,0.06978653,0.50000000,1
1505312634,21066355,0.06971000,0.26400000,0
1505312606,21066339,0.06974999,0.12628000,0
1505312543,21066181,0.06981997,3.45518624,0
1505312531,21066115,0.06983952,0.45093985,0
1505312526,21066084,0.06946868,3.74358323,1
1505312519,21066042,0.06946865,0.00799099,1
1505312519,21066040,0.06946868,3.18079472,1
1505312511,21066005,0.06965036,2.40030014,0
1505312511,21066004,0.06965036,1.33754782,0
1505312507,21065991,0.06967094,2.84000000,1
1505312506,21065988,0.06967094,2.84000000,1
1505312493,21065946,0.06967100,3.18878571,1
1505312477,21065887,0.06967140,0.20826753,1
1505312447,21065797,0.06990000,0.15669124,0
1505312417,21065670,0.06967018,2.59438000,1
1505312417,21065669,0.06967018,0.51758409,1
1505312417,21065668,0.06968000,0.22700000,1
1505312411,21065642,0.06967016,2.59028514,1
1505312391,21065562,0.06965033,2.10587200,1
1505312390,21065559,0.06966000,0.26400000,1
1505312342,21065345,0.06982019,4.60894300,1
1505312331,21065326,0.06982029,0.20000000,1
1505312299,21065237,0.06982004,0.90284867,1
1505312298,21065232,0.06982007,0.31788288,1
1505312275,21065145,0.07008000,0.24519306,1
1505312275,21065143,0.07003455,0.20000000,0
1505312275,21065141,0.07003454,0.26400000,0
1505312274,21065140,0.07003454,1.08008086,1
1505312274,21065137,0.06999988,2.84000000,0
1505312274,21065133,0.06998000,0.21969273,0
1505312273,21065130,0.06996991,5.57465774,1
1505312273,21065129,0.06996991,3.05259424,1
1505312272,21065126,0.06996991,15.03600000,0
1505312217,21064941,0.06980039,19.64608000,1
1505312213,21064935,0.06980044,1.08008086,1
1505312212,21064934,0.06999989,15.22585817,1
1505312212,21064933,0.06999989,0.22970500,1
1505312211,21064921,0.06999989,4.35090424,0
1505312209,21064907,0.06980038,2.53956713,1
1505312207,21064900,0.06980038,0.29891046,1
1505312202,21064887,0.06980034,2.69019386,1
1505312198,21064877,0.06980039,1.07827478,0
1505312196,21064822,0.06980039,3.05259424,1
1505312170,21064766,0.06981000,0.21969273,1
1505312166,21064743,0.06980019,1.29831000,1
1505312161,21064720,0.07002417,8.77445930,0
1505312126,21064634,0.07002543,14.24633508,0
1505312113,21064612,0.07000000,7.92448185,1
1505312111,21064609,0.07000000,0.33452200,1
1505312104,21064565,0.07002626,2.90426916,1
1505312104,21064560,0.07002626,7.09573084,0
1505312088,21064507,0.06979406,0.19500000,1
1505312037,21064372,0.06979268,0.11840864,1
1505312037,21064371,0.06979271,0.81190136,1
1505311983,21064275,0.06979077,0.81180091,0
1505311977,21064258,0.06979074,12.14274258,1
1505311976,21064241,0.06979074,5.54685278,1
1505311974,21064230,0.06979074,11.29988678,1
1505311973,21064221,0.06979077,5.53258291,1
1505311911,21064117,0.06979007,0.59894000,1
1505311892,21064090,0.06977001,0.26400000,1
1505311871,21064072,0.07001958,0.16441922,0
1505311871,21064071,0.07001000,0.14459200,0
1505311870,21064068,0.07000999,0.39237778,0
1505311867,21064063,0.07001000,0.11840800,1
1505311865,21064058,0.06987169,0.18159200,0
1505311804,21063998,0.06987173,0.23999500,1
1505311802,21063993,0.06987173,1.02000000,1
1505311799,21063988,0.06987173,11.20796300,1
1505311798,21063981,0.06987173,12.36613600,1
1505311764,21063961,0.07001986,0.89577400,0
1505311741,21063937,0.07004348,3.00000000,0
1505311727,21063911,0.06987122,0.25153000,1
1505311716,21063904,0.06987107,0.46500900,1
1505311681,21063871,0.07004703,0.50000000,0
1505311677,21063868,0.06987076,0.39143000,1
1505311671,21063862,0.06987076,2.11463800,1
1505311670,21063859,0.06987079,0.99991757,1
1505311639,21063831,0.06987068,4.16603400,1
1505311638,21063826,0.06987068,5.06180800,1
1505311635,21063813,0.06987068,12.77710000,1
1505311633,21063805,0.06987071,1.90085900,1
1505311633,21063800,0.06987068,5.60147200,1
1505311625,21063785,0.06987067,1.62406339,0
1505311624,21063784,0.06987058,2.32757450,1
1505311602,21063748,0.06987037,19.84302868,1
1505311568,21063719,0.06990000,0.26300000,1
1505311500,21063672,0.07008982,2.00000000,0
1505311459,21063592,0.07008982,0.52746619,0
1505311323,21063518,0.07008983,0.18651285,0
1505311323,21063517,0.07007000,0.14300500,0
1505311321,21063516,0.07006997,6.17048215,0
1505311201,21063298,0.07004985,0.52331000,0
1505311054,21063140,0.06966013,1.18639730,1
1505311039,21063105,0.06963669,1.04589231,1
1505311038,21063104,0.06987027,0.00007245,1
1505311026,21063066,0.06987027,0.14340864,1
1505311022,21063046,0.06987217,0.49999500,1
1505311021,21063040,0.06987217,1.96240600,1
1505311020,21063039,0.06987217,1.35758900,1
1505311014,21062998,0.06987217,0.61525200,1
1505311013,21062995,0.06987217,0.56999500,1
1505311006,21062941,0.06987220,1.35758900,1
1505310914,21062801,0.07005997,2.80542000,0
1505310893,21062768,0.06987069,0.20000000,1
1505310878,21062748,0.06987028,0.98682440,1
1505310877,21062747,0.06987028,3.45343696,1
1505310862,21062730,0.06987028,0.20000000,1
1505310840,21062696,0.06987023,0.17672500,1
1505310836,21062690,0.06987023,0.50000000,1
1505310834,21062687,0.07004970,2.74152000,0
1505310831,21062685,0.07004996,0.14292100,0
1505310829,21062684,0.06987021,0.20000000,1
1505310826,21062677,0.06987019,0.20000000,1
1505310821,21062663,0.06987019,0.17675000,1
1505310815,21062653,0.06987019,2.42948200,1
1505310814,21062652,0.06987019,0.10793000,1
1505310814,21062651,0.06987019,0.66887900,1
1505310813,21062650,0.07005984,0.66887900,0
1505310794,21062600,0.06987019,0.75509000,1
1505310793,21062578,0.06987019,0.11992586,1
1505310793,21062574,0.06988000,0.14300000,1
1505310745,21062534,0.06988016,0.69410935,1
1505310745,21062533,0.06988019,0.98690984,1
1505310663,21062441,0.06986003,6.10882100,1
1505310645,21062417,0.07009996,14.23118843,0
1505310592,21062378,0.07011000,0.11087700,0
1505310495,21062264,0.07001999,4.62048400,0
1505310410,21062166,0.07003993,0.14233311,0
1505310329,21062088,0.07000000,3.30000000,1
1505310323,21062077,0.07002997,2.93429200,0
1505310276,21061857,0.06977002,3.12704673,1
1505310275,21061855,0.06977002,2.83991991,1
1505310275,21061853,0.06977002,12.45863205,1
1505310242,21061786,0.06976968,0.24827300,1
1505310241,21061779,0.07003993,0.24835200,0
1505310219,21061741,0.06976951,0.44738000,1
1505310214,21061727,0.06976601,1.92017448,1
1505310214,21061726,0.06976950,0.48303121,1
1505310214,21061725,0.06976950,0.63285300,1
1505310209,21061715,0.06976601,0.37548800,0
1505310208,21061714,0.06976601,0.74972929,0
1505310204,21061690,0.06976586,0.53108263,1
1505310203,21061689,0.06976598,2.40328837,1
1505310203,21061681,0.06976598,17.52890163,1
1505310202,21061674,0.06976601,2.93437100,1
1505310120,21061544,0.07011976,0.34859100,0
1505310002,21061309,0.07011993,0.16321086,1
1505310002,21061308,0.07011993,1.64326740,1
1505310001,21061305,0.07011993,3.19352174,0
1505309922,21061159,0.06975318,0.30496021,1
1505309877,21061126,0.06975272,0.53187300,1
1505309872,21061120,0.07008816,19.84056608,1
1505309870,21061115,0.06989350,0.00246260,0
1505309853,21061094,0.06975244,0.18258316,1
1505309853,21061093,0.06975247,0.20279300,1
1505309852,21061092,0.06975247,4.46549900,1
1505309719,21060962,0.06975000,0.11088200,1
1505309693,21060917,0.06971011,0.74238600,1
1505309666,21060878,0.06968004,0.44605100,1
1505309666,21060877,0.06968004,0.22700000,1
1505309660,21060862,0.07000000,1.64326740,1
1505309656,21060851,0.07000000,0.35752200,1
1505309656,21060850,0.07000000,0.20000000,1
1505309642,21060811,0.07000000,0.99850000,1
1505309637,21060805,0.06989340,0.00071060,0
1505309622,21060795,0.06999966,0.47396440,1
1505309616,21060790,0.06999966,0.20000000,1
1505309588,21060763,0.06999966,0.15763885,1
1505309571,21060742,0.06999962,0.34191000,0
1505309570,21060741,0.06999961,1.96150197,0
1505309569,21060738,0.06999932,0.25995300,1
1505309560,21060733,0.06999959,2.45400000,0
1505309520,21060693,0.06972984,4.60017553,0
1505309519,21060692,0.06972985,0.88707447,1
1505309518,21060691,0.06972985,3.52953253,0
1505309518,21060690,0.06972985,0.88707425,0
1505309518,21060688,0.06972000,0.22700000,0
1505309442,21060601,0.06964999,0.92591693,0
1505309442,21060600,0.06964999,0.44605100,0
1505309341,21060455,0.06972973,10.00000000,0
1505309326,21060393,0.06949000,0.22700000,1
1505309308,21060381,0.06974806,1.34561821,1
1505309308,21060380,0.06963640,4.49745953,0
1505309308,21060379,0.06963640,0.00000007,0
1505309306,21060378,0.06963638,0.54061500,0
1505309306,21060377,0.06963638,1.72617965,0
1505309305,21060376,0.06963638,1.11382040,0
1505309294,21060368,0.06960000,6.50371300,0
1505309294,21060367,0.06960000,2.06999695,0
1505309293,21060366,0.06958954,2.84000000,0
1505309293,21060365,0.06958954,0.00000005,0
1505309293,21060364,0.06954996,1.44067000,1
1505309292,21060361,0.06958954,1.32389800,0
1505309292,21060359,0.06958953,2.84000000,0
1505309287,21060347,0.06954996,2.18191584,1
1505309286,21060346,0.06954996,0.57322900,1
1505309285,21060345,0.06941000,0.26400000,0
1505309277,21060335,0.06931005,0.22699982,1
1505309277,21060334,0.06931005,0.56723174,0
1505309249,21060303,0.06942001,0.14441172,1
1505309164,21060204,0.06962990,3.13950000,1
1505309163,21060203,0.06942007,0.33019000,0
1505309156,21060196,0.06942007,0.74129000,0
1505309144,21060180,0.06949997,1.03677100,0
1505309118,21060098,0.06952999,6.58510900,0
1505309109,21060087,0.06953985,0.73754400,0
1505309019,21059935,0.06910001,0.13608813,1
1505309018,21059932,0.06910001,2.30217342,1
1505309000,21059840,0.06908001,1.90805385,1
1505309000,21059838,0.06926278,0.01927777,1
1505308999,21059834,0.06926278,0.18072223,1
1505308988,21059778,0.06931005,0.82706621,1
1505308986,21059760,0.06931005,0.96389400,1
1505308967,21059708,0.06940000,0.22699982,0
1505308967,21059706,0.06940000,7.72922718,1
1505308967,21059705,0.06940001,2.84000000,1
1505308958,21059661,0.06940000,0.20034247,1
1505308957,21059660,0.06940348,0.72971954,1
1505308952,21059624,0.06940001,0.12454637,0
1505308951,21059613,0.06940001,11.87374363,0
1505308946,21059584,0.06940000,6.44507011,1
1505308946,21059581,0.06940001,7.04744581,1
1505308946,21059579,0.06940962,4.06872032,1
1505308946,21059578,0.06960000,7.92956976,1
1505308943,21059557,0.06960000,0.74410770,1
1505308941,21059531,0.06960000,0.92872741,1
1505308938,21059499,0.06960000,2.73627429,1
1505308932,21059454,0.06960000,2.31404229,1
1505308928,21059411,0.06960000,0.98779561,1
1505308927,21059400,0.06960000,18.10952587,1
1505308922,21059328,0.06960000,1.65758500,1
1505308922,21059325,0.06960001,2.84000000,1
1505308918,21059289,0.06960000,0.93444365,1
1505308918,21059285,0.06960001,4.01773638,1
1505308912,21059242,0.06963640,4.49758500,0
1505308911,21059238,0.06960000,21.49143000,1
1505308911,21059235,0.06963639,0.20000000,1
1505308909,21059207,0.06963645,0.92591693,1
1505308882,21059090,0.06967073,2.12771984,1
1505308811,21058826,0.06967013,0.61542400,1
1505308803,21058786,0.06967010,3.20823300,1
1505308803,21058785,0.06968000,0.14200000,1
1505308803,21058784,0.06968000,0.12200000,1
1505308803,21058782,0.06968172,0.14000000,1
1505308793,21058716,0.06967007,3.42667007,1
1505308792,21058714,0.07009940,7.76734324,0
1505308792,21058712,0.07009940,2.71040651,0
1505308792,21058710,0.07009000,0.26200000,0
1505308787,21058672,0.06966003,8.32624778,1
1505308787,21058669,0.06967000,0.26200000,1
1505308787,21058665,0.06969791,0.19000000,1
1505308787,21058663,0.06992075,1.96150197,1
1505308784,21058629,0.07009945,9.59469856,0
1505308784,21058625,0.07009942,7.09573084,0
1505308779,21058573,0.06992075,3.42936803,1
1505308774,21058525,0.06960000,11.79409000,1
1505308774,21058523,0.06963639,0.20000000,1
1505308774,21058521,0.06967990,5.00000000,1
1505308774,21058519,0.06990008,2.84000000,1
1505308774,21058516,0.06992062,19.76591000,1
1505308766,21058438,0.06992062,5.23409000,1
1505308765,21058413,0.06992034,35.82076448,1
1505308764,21058411,0.06992049,1.51677446,1
1505308752,21058351,0.07009957,1.51677446,0
1505308746,21058326,0.06992016,11.19540887,1
1505308745,21058325,0.06992019,0.87147113,1
1505308716,21058227,0.07009987,0.78631940,0
1505308715,21058225,0.07009986,0.29698319,0
1505308715,21058223,0.07008000,3.00000000,0
1505308708,21058161,0.06974092,2.65096103,1
1505308708,21058159,0.06974104,2.56725697,1
1505308708,21058155,0.06990000,3.20000000,1
1505308707,21058147,0.07009987,4.33288913,0
1505308707,21058146,0.07008000,0.14318846,0
1505308707,21058145,0.07007000,0.26104615,0
1505308706,21058143,0.07006997,0.87147113,0
1505308703,21058109,0.06974103,1.12735471,1
1505308702,21058105,0.06974103,13.26251828,1
1505308701,21058096,0.06974103,1.51775551,1
1505308700,21058094,0.06974103,3.67246269,1
1505308700,21058092,0.06974103,5.09690500,1
1505308699,21058087,0.06974103,0.22000000,1
1505308693,21058015,0.06974062,1.02236114,1
1505308691,21057987,0.06974061,7.08660129,1
1505308691,21057985,0.06974067,6.22425971,1
1505308688,21057953,0.06974046,39.33900000,1
1505308688,21057951,0.06975000,0.26100000,1
1505308664,21057852,0.06990000,0.25995385,0
1505308561,21057689,0.07002997,0.40000000,0
1505308535,21057630,0.06971189,20.00000000,1
1505308430,21057486,0.06982018,0.59903957,0
1505308409,21057469,0.06982012,0.59919691,1
1505308383,21057442,0.06982012,0.35199500,1
1505308381,21057434,0.06982011,0.60584611,1
1505308364,21057390,0.06982003,0.80844200,0
1505308363,21057387,0.06983000,0.26000000,1
1505308265,21057174,0.07009984,2.30000000,1
1505308264,21057172,0.07005041,0.20000000,0
1505308261,21057167,0.07005040,0.31286800,0
1505308099,21056626,0.07008000,0.09997389,1
1505308083,21056566,0.07008000,0.14318846,1
1505308083,21056565,0.07008944,1.00000000,0
1505308074,21056513,0.07008000,0.10000000,1
1505308069,21056502,0.07008000,0.10000000,1
1505308039,21056401,0.07008983,0.31038722,0
1505308010,21056303,0.07008999,1.54455778,0
1505308010,21056302,0.07008998,0.24153851,0
1505308003,21056259,0.07000000,1.00000000,0
1505308000,21056250,0.06999994,3.58934000,0
1505307999,21056249,0.06987510,0.20000000,0
1505307963,21056074,0.06979000,0.26000000,0
1505307902,21055809,0.06980999,0.22391241,1
1505307885,21055692,0.06978997,0.26000000,0
1505307878,21055679,0.06960009,1.58076582,0
1505307878,21055677,0.06960006,0.23224202,0
1505307875,21055655,0.06976996,0.26000000,0
1505307870,21055631,0.06960003,1.27721200,0
1505307862,21055617,0.06960009,1.98583800,1
1505307851,21055574,0.06960004,0.14500000,1
1505307847,21055561,0.06961007,0.50000000,1
1505307843,21055547,0.06961007,0.50000000,1
1505307839,21055537,0.06961006,0.50000000,1
1505307835,21055533,0.06960014,0.24000000,1
1505307835,21055531,0.06961000,0.26000000,1
1505307832,21055521,0.06961003,0.50000000,1
1505307827,21055502,0.06960000,0.50000000,1
1505307826,21055494,0.06960989,1.73717200,0
1505307823,21055487,0.06960000,0.50000000,1
1505307816,21055463,0.06960000,0.27465000,1
1505307816,21055462,0.06960000,0.10000000,1
1505307814,21055446,0.06960000,15.40799700,1
1505307812,21055440,0.06960000,12.44968239,1
1505307810,21055430,0.06960000,2.30505900,1
1505307807,21055424,0.06960000,5.00000000,1
1505307807,21055423,0.06960000,4.39263100,1
1505307807,21055420,0.06960000,22.43527700,1
1505307806,21055415,0.06960000,3.38899082,1
1505307806,21055409,0.06960000,5.00000000,1
1505307804,21055403,0.06960003,3.02912702,1
1505307802,21055396,0.06958000,0.14300010,0
1505307802,21055394,0.06957997,2.00960386,0
1505307721,21055178,0.06964977,0.60000000,0
1505307661,21055020,0.06968950,1.00000000,0
1505307661,21055018,0.06923571,0.19641127,1
1505307565,21054764,0.06972997,0.51588200,0
1505307555,21054740,0.06945048,0.39332170,0
1505307541,21054710,0.06945048,1.00711830,0
1505307528,21054663,0.06945048,0.54965236,1
1505307526,21054662,0.06945065,0.45034764,1
1505307502,21054642,0.06945054,1.83334375,1
1505307421,21054435,0.06980557,5.00000000,0
1505307375,21054356,0.06965004,3.53040300,0
1505307371,21054350,0.06965004,0.80000000,0
1505307365,21054332,0.06965005,0.70719670,1
1505307365,21054331,0.06966000,0.14300000,1
1505307362,21054317,0.06991990,0.80000000,1
1505307361,21054315,0.06981193,0.20000000,0
1505307349,21054292,0.06965003,3.01837525,0
1505307348,21054291,0.06965003,0.20000000,0
1505307348,21054289,0.06965003,6.98524825,1
1505307330,21054263,0.06981186,1.27363309,0
1505307325,21054252,0.06979000,0.14294109,0
1505307324,21054251,0.06961679,0.20000000,0
1505307324,21054250,0.06961679,0.73069191,0
1505307317,21054231,0.06961679,0.73523809,0
1505307305,21054191,0.06961681,0.90339368,1
1505307298,21054168,0.06961677,0.00006749,0
1505307296,21054163,0.06961676,1.68726709,1
1505307284,21054128,0.06961651,0.55716114,0
1505307284,21054121,0.06961651,0.74600886,0
1505307199,21053903,0.06961677,0.49993251,0
1505307192,21053895,0.06969945,0.50000000,1
1505307184,21053875,0.06969945,0.41683100,1
1505307183,21053871,0.06969945,0.10555400,1
1505307119,21053722,0.06967337,0.14226908,0
1505307118,21053718,0.06956004,0.08100000,1
1505307118,21053717,0.06957000,0.11900000,1
1505307032,21053577,0.06946035,0.37372200,1
1505307031,21053576,0.06946032,1.18135700,1
1505306988,21053511,0.06941007,0.10700000,1
1505306903,21053417,0.06958662,0.60602902,1
1505306902,21053416,0.06958315,0.30986010,0
1505306902,21053414,0.06953270,0.20000000,0
1505306886,21053391,0.06953256,0.50000000,0
1505306883,21053382,0.06953269,0.29999500,0
1505306881,21053379,0.06929002,0.00000500,0
1505306619,21052730,0.06929002,0.54137500,0
1505306598,21052625,0.06908000,0.23805881,0
1505306596,21052615,0.06884008,49.26898226,1
1505306596,21052614,0.06885000,0.26200000,1
1505306596,21052613,0.06928188,0.09999500,1
1505306594,21052608,0.06928188,0.10000000,1
1505306579,21052541,0.06927919,1.79601700,0
1505306531,21052385,0.06914000,0.26100000,0
1505306531,21052383,0.06913997,1.62927439,0
1505306513,21052320,0.06877348,1.09300068,1
1505306334,21051880,0.06893032,2.29798963,1
1505306334,21051879,0.06894001,0.26000000,0
1505306334,21051878,0.06893032,3.76393900,1
1505306332,21051874,0.06893031,2.03709400,1
1505306332,21051872,0.06894000,0.26100000,1
1505306314,21051834,0.06892016,0.10000000,1
1505306278,21051758,0.06887045,0.46583900,1
1505306253,21051685,0.06907000,0.26000000,0
1505306228,21051561,0.06884026,0.17627371,1
1505306221,21051534,0.06883045,0.15597405,1
1505306221,21051531,0.06884000,0.26000000,1
1505306113,21050999,0.06870048,1.79602294,1
1505306105,21050938,0.06956999,0.54138000,0
1505306103,21050931,0.06929348,0.20000000,0
1505306067,21050850,0.06958311,2.19965142,0
1505306065,21050834,0.06958312,10.55723218,0
1505306065,21050831,0.06958312,0.51821505,0
1505306065,21050829,0.06958299,0.34864000,0
1505306064,21050820,0.06958312,2.32178495,0
1505306064,21050818,0.06958312,0.57229832,0
1505306063,21050810,0.06958312,0.02901760,0
1505306063,21050808,0.06958299,0.12026318,0
1505306063,21050807,0.06929348,0.20000000,0
1505306057,21050785,0.06864029,0.34863839,1
1505306055,21050778,0.06958313,0.28694839,0
1505306055,21050777,0.06921867,1.14173941,0
1505306053,21050761,0.06923830,1.30506065,0
1505306053,21050758,0.06923830,0.96308351,0
1505306053,21050757,0.06922225,0.19382286,0
1505306052,21050754,0.06922225,0.96911430,0
1505306052,21050749,0.06922213,1.65798746,0
1505306052,21050748,0.06922213,1.18201254,1
1505306050,21050744,0.06922213,2.84000000,1
1505306050,21050742,0.06922200,0.97672503,0
1505306050,21050741,0.06922200,6.73815540,0
1505306049,21050739,0.06922200,1.16293968,0
1505306049,21050733,0.06922200,4.97128799,0
1505306048,21050732,0.06922200,8.03357190,0
1505306048,21050731,0.06910099,0.72497992,0
1505306047,21050715,0.06922213,13.04052049,0
1505306046,21050713,0.06922213,11.95947951,0
1505306042,21050707,0.06922226,1.90000000,0
1505306040,21050700,0.06886123,4.14956738,0
1505306040,21050698,0.06886123,6.86707078,0
1505306035,21050659,0.06882000,0.17998618,0
1505306033,21050638,0.06886120,11.18360642,0
1505306033,21050635,0.06884983,4.36616358,0
1505306033,21050633,0.06883000,0.26000000,0
1505305703,21049923,0.06873132,0.72572853,0
1505305619,21049723,0.06833043,0.10000000,1
1505305613,21049711,0.06884983,1.28631463,1
1505305612,21049710,0.06884983,3.08000000,1
1505305607,21049697,0.06857000,0.17997492,1
1505305605,21049689,0.06856014,7.99149592,1
1505305605,21049688,0.06856014,2.50651387,1
1505305605,21049686,0.06856015,0.00013476,1
1505305605,21049685,0.06856015,2.88384390,1
1505305603,21049682,0.06856018,2.48000000,1
1505305603,21049681,0.06866000,0.36000000,1
1505305602,21049680,0.06866000,2.84000000,1
1505305599,21049676,0.06856014,0.17988937,1
1505305599,21049675,0.06856014,0.21400000,1
1505305598,21049674,0.06856000,0.25985473,0
1505305595,21049669,0.06856013,0.10000000,1
1505305594,21049667,0.06856016,2.72384164,0
1505305593,21049664,0.06856016,0.26000000,0
1505305591,21049658,0.06856013,0.26000000,1
1505305587,21049649,0.06856003,0.50000000,1
1505305581,21049605,0.06854634,0.50000000,1
1505305581,21049602,0.06854623,0.18000000,0
1505305580,21049600,0.06854621,0.04479856,1
1505305580,21049599,0.06854621,0.75357508,1
1505305579,21049595,0.06854525,1.17681536,0
1505305578,21049591,0.06854202,0.50000000,1
1505305576,21049585,0.06854202,0.10000000,1
1505305562,21049574,0.06854526,0.40352899,1
1505305530,21049537,0.06847000,0.22991554,0
1505305530,21049535,0.06840000,0.00000546,0
1505305522,21049488,0.06840000,0.55914400,0
1505305490,21049385,0.06839973,3.00453000,0
1505305486,21049374,0.06839987,0.98299900,0
1505305485,21049372,0.06839987,0.55998800,0
1505305476,21049344,0.06814003,0.10000000,1
1505305476,21049343,0.06839987,0.75909104,0
1505305473,21049327,0.06839987,0.67121462,0
1505305471,21049319,0.06840000,0.32861689,0
1505305470,21049317,0.06840000,1.43571349,0
1505305470,21049315,0.06840000,0.67122427,0
1505305453,21049255,0.06830000,0.22992680,1
1505305452,21049251,0.06838969,0.31738359,0
1505305451,21049249,0.06838969,0.32865497,0
1505305450,21049245,0.06838969,0.14000000,1
1505305442,21049208,0.06854510,0.12474313,1
1505305442,21049207,0.06854510,0.69525687,0
1505305416,21049119,0.06854608,0.89625285,0
1505305416,21049118,0.06840000,1.00000000,0
1505305415,21049116,0.06839999,1.74768925,0
1505305407,21049066,0.06839988,0.99999999,0
1505305407,21049064,0.06839985,1.24736901,0
1505305387,21049008,0.06803016,1.24736901,1
1505305387,21049006,0.06838967,0.67121247,1
1505305386,21049000,0.06839310,1.14516584,1
1505305384,21048980,0.06839999,0.67111906,0
1505305384,21048976,0.06838970,1.73771910,0
1505305370,21048916,0.06838715,2.58706522,1
1505305370,21048915,0.06838709,2.06877878,0
1505305363,21048876,0.06838735,0.14586119,0
1505305319,21048687,0.06810042,1.03310610,1
1505305318,21048684,0.06810042,22.96689390,1
1505305317,21048678,0.06810042,1.00000000,1
1505305315,21048663,0.06810032,0.26188488,1
1505305315,21048659,0.06810026,24.99988019,1
1505305282,21048491,0.06807591,0.68120703,0
1505305271,21048438,0.06782052,1.00000000,1
1505305258,21048358,0.06807590,2.66107799,0
1505305257,21048357,0.06782020,5.93099000,1
1505305257,21048355,0.06782023,2.84000000,1
1505305248,21048317,0.06807583,2.45400616,0
1505305247,21048315,0.06807580,4.25573084,0
1505305219,21048176,0.06800999,0.75830459,1
1505305218,21048173,0.06800999,0.14614341,1
1505305216,21048169,0.06800997,0.49891100,1
1505305215,21048167,0.06800997,3.75682000,1
1505305196,21048057,0.06802997,2.84000000,0
1505305187,21048027,0.06778150,3.89453566,1
1505305186,21048026,0.06778152,1.72552434,1
1505305157,21047943,0.06790027,3.00000000,0
1505305154,21047937,0.06778081,2.53507641,1
1505305134,21047901,0.06790039,2.84000000,0
1505305132,21047894,0.06790036,1.16653187,1
1505305131,21047892,0.06790042,2.84000000,1
1505305124,21047866,0.06810994,1.14605700,0
1505304980,21047468,0.06778058,2.55626350,1
1505304965,21047428,0.06786021,3.91318422,1
1505304965,21047427,0.06786022,3.20107578,1
1505304965,21047426,0.06800000,1.00000000,1
1505304965,21047425,0.06801000,0.12000000,1
1505304962,21047408,0.06801003,1.12000000,1
1505304932,21047305,0.06807963,1.81008278,0
1505304931,21047304,0.06807963,0.02093722,0
1505304928,21047292,0.06807963,0.17898000,0
1505304910,21047194,0.06807000,0.23485659,0
1505304902,21047059,0.06807965,3.52076916,1
1505304901,21047056,0.06807965,7.56200000,1
1505304901,21047050,0.06807965,7.09573084,0
1505304852,21046889,0.06813955,1.82362090,0
1505304850,21046882,0.06782219,9.89033646,1
1505304850,21046881,0.06782220,2.84000000,1
1505304850,21046878,0.06782220,1.31946914,1
1505304836,21046813,0.06782216,0.45169610,1
1505304807,21046686,0.06782155,2.70882619,1
1505304785,21046569,0.06773961,2.69451000,1
1505304778,21046542,0.06773933,1.93852585,1
1505304774,21046516,0.06773919,1.83922214,1
1505304742,21046362,0.06807818,0.20000000,1
1505304737,21046349,0.06800000,0.00022258,1
1505304736,21046343,0.06800000,2.49352742,1
1505304736,21046341,0.06807818,0.00012758,1
1505304735,21046338,0.06807818,0.19987242,1
1505304726,21046290,0.06807818,0.19991722,1
1505304716,21046235,0.06808116,0.19992316,1
1505304690,21046060,0.06808017,0.19990080,1
1505304688,21046040,0.06773765,6.65487741,1
1505304688,21046038,0.06797692,0.15779152,1
1505304688,21046037,0.06800000,0.10000000,1
1505304688,21046036,0.06800000,0.70000000,1
1505304688,21046034,0.06800000,1.00000000,1
1505304687,21046032,0.06800000,0.55828401,1
1505304687,21046031,0.06800000,8.47093706,1
1505304687,21046030,0.06800001,2.84000000,1
1505304686,21046019,0.06800000,1.52906294,1
1505304686,21046017,0.06800001,0.89976299,1
1505304686,21046015,0.06800002,2.84000000,1
1505304686,21046013,0.06807917,0.00834533,1
1505304686,21046009,0.06807917,0.19165467,1
1505304684,21045981,0.06800001,0.78000000,1
1505304683,21045971,0.06800001,1.16726976,1
1505304682,21045957,0.06800001,0.08590103,1
1505304680,21045938,0.06800001,0.13065135,1
1505304680,21045933,0.06800001,0.95978460,1
1505304679,21045932,0.06807993,0.18000000,1
1505304679,21045930,0.06808017,0.20000000,1
1505304679,21045929,0.06810000,0.04599979,1
1505304679,21045927,0.06810991,0.99991323,1
1505304675,21045916,0.06810000,0.45400021,1
1505304675,21045915,0.06810000,0.10000000,1
1505304672,21045902,0.06810988,0.14645450,1
1505304672,21045900,0.06810991,1.00000000,1
1505304661,21045821,0.06852985,1.00000000,0
1505304635,21045688,0.06826754,0.80356271,1
1505304609,21045573,0.06811053,0.63110376,0
1505304608,21045570,0.06826747,0.20000000,1
1505304599,21045507,0.06811030,0.26100000,0
1505304598,21045500,0.06826747,0.20000000,1
1505304598,21045498,0.06829642,0.14939267,1
1505304587,21045433,0.06834003,1.00000000,1
1505304558,21045337,0.06859981,0.22467642,0
1505304547,21045298,0.06838995,3.99482800,0
1505304544,21045284,0.06839000,0.88121052,1
1505304543,21045283,0.06839000,0.11878948,0
1505304447,21045139,0.06840204,2.84000000,1
1505304446,21045131,0.06840204,2.84000000,1
1505304445,21045128,0.06840207,2.84000000,1
1505304361,21044976,0.06860000,0.14221052,0
1505304324,21044923,0.06839924,1.29496000,1
1505304301,21044852,0.06867997,1.00000000,0
1505304255,21044784,0.06850003,0.71715000,1
1505304241,21044750,0.06850000,1.00000000,1
1505304241,21044749,0.06850000,0.38677803,1
1505304238,21044744,0.06850000,11.14606700,1
1505304235,21044736,0.06850003,2.95969455,1
1505304207,21044691,0.06879989,0.12386011,0
1505304207,21044690,0.06879985,6.87899280,0
1505304161,21044582,0.06852003,0.18875284,1
1505304150,21044550,0.06852001,0.76275000,1
1505304137,21044477,0.06852001,29.06487000,1
1505304137,21044476,0.06853000,0.26100000,1
1505304097,21044315,0.06860000,0.38461775,1
1505304087,21044293,0.06860000,0.37033528,1
1505304069,21044221,0.06860003,0.24526476,1
1505304065,21044201,0.06860000,0.24504697,1
1505304063,21044196,0.06860001,1.08100650,1
1505304063,21044195,0.06860001,3.83177629,1
1505304063,21044193,0.06860002,3.26395371,1
1505304061,21044171,0.06861000,0.24032258,0
1505304057,21044119,0.06861592,4.47736289,1
1505304057,21044115,0.06861592,0.13971927,1
1505304034,21044034,0.06861594,4.61642980,0
1505304031,21044027,0.06861593,2.42418935,1
1505304031,21044025,0.06870000,0.00007278,1
1505304031,21044021,0.06870000,0.42992722,1
1505303985,21043824,0.06874025,0.21491100,1
1505303921,21043605,0.06884295,0.21673804,1
1505303921,21043604,0.06883000,0.15488670,0
1505303921,21043603,0.06882968,0.76714000,0
1505303880,21043485,0.06874027,6.45276873,1
1505303858,21043385,0.06864108,0.09445576,1
1505303858,21043384,0.06865000,0.72250000,1
1505303851,21043371,0.06874025,2.96271500,1
1505303845,21043340,0.06874026,1.13209284,1
1505303842,21043331,0.06874025,35.51311000,1
1505303830,21043303,0.06884987,0.20000000,0
1505303788,21043243,0.06888944,0.83546900,0
1505303757,21043214,0.06874012,0.31761476,1
1505303748,21043205,0.06887181,0.28102453,1
1505303729,21043173,0.06887181,6.11400000,1
1505303717,21043143,0.06887181,1.11699819,1
1505303702,21043121,0.06923939,0.00012310,1
1505303702,21043120,0.06896028,0.70538041,1
1505303701,21043116,0.06896028,0.29449649,0
1505303695,21043111,0.06872781,2.11637694,1
1505303695,21043110,0.06883000,0.50000000,1
1505303695,21043109,0.06887000,0.50000000,1
1505303695,21043108,0.06887003,1.33861306,1
1505303688,21043097,0.06896027,0.07299020,1
1505303683,21043065,0.06923968,1.00000000,0
1505303669,21042996,0.06899001,0.79667796,1
1505303581,21042837,0.06926442,0.25000000,0
1505303552,21042773,0.06926565,0.33861306,0
1505303551,21042772,0.06926568,6.09573084,0
1505303468,21042660,0.06928152,2.06459674,0
1505303401,21042595,0.06928528,1.00000000,0
1505303356,21042528,0.06900000,0.00000010,1
1505303355,21042525,0.06900000,0.99999990,1
1505303355,21042524,0.06900000,3.10721310,1
1505303355,21042523,0.06900015,3.60000000,1
1505303341,21042488,0.06930339,3.60000000,0
1505303332,21042481,0.06906001,0.19986582,1
1505303332,21042480,0.06906007,2.42993318,1
1505303303,21042454,0.06903003,0.20000000,1
1505303219,21042353,0.06907003,0.25900000,1
1505303161,21042287,0.06936904,0.33713000,0
1505303101,21042228,0.06941000,0.70000000,0
1505303088,21042219,0.06900000,1.61622658,1
1505302981,21042058,0.06905876,0.70329766,0
1505302981,21042057,0.06926000,0.22800000,1
1505302838,21041899,0.06930003,3.50350000,1
1505302742,21041750,0.06948498,11.53356444,0
1505302741,21041749,0.06948497,3.46643556,0
1505302646,21041604,0.06929950,4.03341476,0
1505302623,21041557,0.06919937,3.39257191,0
1505302623,21041556,0.06919824,25.00000000,0
1505302623,21041555,0.06919823,5.36517709,0
1505302587,21041435,0.06912227,0.59078648,0
1505302554,21041291,0.06912240,0.89999968,0
1505302554,21041290,0.06909000,0.22800500,0
1505302554,21041289,0.06908999,0.20000000,0
1505302553,21041288,0.06908999,1.02370832,0
1505302547,21041261,0.06909955,5.69474900,0
1505302545,21041253,0.06909955,1.12800500,0
1505302541,21041231,0.06909987,11.17730133,1
1505302541,21041228,0.06909981,7.09564767,0
1505302538,21041218,0.06887582,0.82784744,1
1505302537,21041216,0.06887583,2.84000000,1
1505302532,21041197,0.06887582,3.38253000,1
1505302528,21041190,0.06887578,0.90426563,1
1505302528,21041189,0.06887581,1.09564767,1
1505302448,21041012,0.06887240,5.36517700,1
1505302445,21041003,0.06907989,0.12840439,0
1505302445,21040999,0.06907989,0.20000000,0
1505302445,21040997,0.06907000,0.14500000,0
1505302439,21040974,0.06887225,5.53456500,1
1505302435,21040962,0.06887212,6.00000000,1
1505302414,21040901,0.06911997,3.79801716,1
1505302414,21040900,0.06911993,7.09573084,0
1505302372,21040795,0.06887031,1.40179800,1
1505302372,21040792,0.06888000,0.08900000,1
1505302290,21040569,0.06883099,15.58913459,1
1505302290,21040567,0.06883102,1.02869541,1
1505302224,21040375,0.06935997,0.87296203,0
1505302131,21040227,0.06906352,0.19985240,1
1505302122,21040212,0.06906352,0.19985240,1
1505302120,21040209,0.06946187,6.91253975,0
1505302118,21040203,0.06871549,14.33508837,1
1505302118,21040202,0.06893542,0.12816654,1
1505302118,21040201,0.06900000,1.00000000,1
1505302118,21040200,0.06900101,0.01944509,1
1505302118,21040199,0.06906352,0.20000000,1
1505302115,21040195,0.06900101,1.00000000,1
1505302114,21040193,0.06900000,0.46335443,1
1505302114,21040192,0.06900000,0.53664557,1
1505302114,21040191,0.06900000,1.00000000,1
1505302114,21040190,0.06900000,1.00000000,1
1505302113,21040189,0.06900100,5.00000000,1
1505302113,21040188,0.06900104,0.84786115,1
1505302109,21040172,0.06906352,0.19985240,1
1505302102,21040151,0.06906351,0.19985243,1
1505302096,21040132,0.06906352,0.19985240,1
1505302094,21040124,0.06900109,1.37323000,1
1505302091,21040118,0.06900109,0.10334600,1
1505302091,21040117,0.06906352,0.20000000,1
1505302082,21040090,0.06907248,0.20000000,1
1505302065,21040022,0.06907250,1.40612500,1
1505302064,21040013,0.06920000,9.30475870,1
1505302061,21040008,0.06920000,5.00163200,1
1505302046,21039984,0.06920000,0.85369600,1
1505302041,21039972,0.06920000,4.83991330,1
1505302037,21039961,0.06925492,0.03355944,1
1505301916,21039593,0.06952921,0.15573338,0
1505301862,21039418,0.06925590,14.10771000,1
1505301831,21039313,0.06925492,0.07992787,1
1505301829,21039312,0.06930700,0.00007213,1
1505301786,21039173,0.06930713,0.24561687,1
1505301618,21038793,0.06930728,1.07105200,0
1505301613,21038790,0.06930700,2.15901713,1
1505301577,21038688,0.06930204,3.22200800,1
1505301555,21038641,0.06930150,1.06903434,1
1505301554,21038640,0.06930146,2.75607711,1
1505301554,21038638,0.06930146,0.77217889,1
1505301554,21038636,0.06930149,2.75607711,1
1505301481,21038433,0.06950000,1.00000000,1
1505301468,21038406,0.06951035,2.84000000,1
1505301468,21038403,0.06952000,0.22800000,1
1505301401,21038223,0.06974943,1.10642000,0
1505301329,21037933,0.06983626,2.60754540,1
1505301328,21037932,0.06983623,2.75607711,1
1505301327,21037929,0.06983623,2.68662078,0
1505301146,21037606,0.06979029,0.46303090,1
1505301145,21037599,0.06979016,1.12387980,1
1505301009,21037483,0.06971064,2.00381337,1
1505300998,21037469,0.06999899,0.08331252,0
1505300914,21037405,0.06993985,0.00000038,1
1505300913,21037404,0.06993985,1.79110300,1
1505300909,21037400,0.06993988,2.83999500,0
1505300901,21037389,0.06993000,0.22688900,0
1505300897,21037382,0.06992997,1.04332146,0
1505300828,21037245,0.06964349,2.23684689,1
1505300799,21037204,0.06992986,0.00007693,1
1505300798,21037203,0.06992986,1.12787299,1
1505300725,21037112,0.06992986,0.38934500,0
1505300709,21037085,0.06960674,0.67804300,1
1505300708,21037081,0.06960674,6.08144100,1
1505300708,21037078,0.06960674,2.60479084,1
1505300706,21037073,0.06960661,4.49094000,1
1505300704,21037070,0.06960658,11.16292000,1
1505300637,21036986,0.06992993,4.12701282,0
1505300595,21036949,0.06993987,0.36836381,0
1505300572,21036927,0.06959867,0.68242114,1
1505300571,21036925,0.06959864,1.84529217,1
1505300562,21036914,0.06992977,3.07345300,0
1505300552,21036895,0.06959788,0.95595015,1
1505300538,21036853,0.06959746,0.81128839,1
1505300436,21036594,0.06993835,0.18904500,0
1505300314,21036093,0.06955467,0.71882054,1
1505300301,21036041,0.06955425,0.10000000,1
1505300247,21035826,0.06991801,0.14266794,0
1505300202,21035689,0.06991880,0.40937000,1
1505300194,21035649,0.06991880,0.38864116,0
1505300167,21035482,0.06950651,28.00769228,1
1505300167,21035480,0.06950651,3.84974342,1
1505300167,21035479,0.06950654,7.04448997,1
1505300160,21035410,0.06991905,6.97076000,0
1505300108,21035142,0.06950397,0.40941400,1
1505299994,21034854,0.06950623,7.02200087,1
1505299944,21034709,0.06950316,0.11067802,1
1505299920,21034633,0.06980607,3.09702000,0
1505299839,21034432,0.06950039,7.00347856,1
1505299839,21034430,0.06950038,9.68608460,1
1505299838,21034429,0.06950038,1.00000000,1
1505299838,21034428,0.06950038,5.92221900,1
1505299835,21034414,0.06950037,0.90774772,1
1505299835,21034413,0.06957442,0.09218034,1
1505299801,21034378,0.06980969,1.00000000,0
1505299779,21034337,0.06957445,3.21808135,1
1505299778,21034336,0.06960000,0.96934865,1
1505299778,21034335,0.06960056,2.84000000,1
1505299749,21034286,0.06960027,10.12981215,1
1505299731,21034247,0.06961367,0.50000000,1
1505299727,21034242,0.06961367,0.50000000,1
1505299723,21034235,0.06960000,0.03065135,1
1505299723,21034234,0.06961338,0.46934865,1
1505299721,21034231,0.06961379,0.50000000,1
1505299719,21034228,0.06961379,0.50000000,1
1505299714,21034213,0.06961352,0.50000000,1
1505299712,21034206,0.06961351,2.01110388,1
1505299711,21034202,0.06961351,0.50000000,1
1505299708,21034196,0.06961338,0.50000000,1
1505299705,21034191,0.06961337,0.50000000,1
1505299700,21034184,0.06961324,0.50000000,1
1505299630,21034077,0.06961206,3.62487816,1
1505299630,21034076,0.06961209,7.09573084,1
1505299290,21033701,0.06992928,3.35200849,0
1505299021,21033531,0.06979671,0.82120100,0
1505299020,21033530,0.06979675,0.76874906,0
1505299020,21033529,0.06979672,5.77018494,0
1505299019,21033528,0.06979672,0.76875500,0
1505299007,21033520,0.06960114,0.35131000,1
1505298818,21033297,0.06979939,0.10000000,0
1505298816,21033292,0.06979939,0.10000000,0
1505298815,21033291,0.06979936,0.10000000,0
1505298813,21033290,0.06979939,0.10000000,0
1505298811,21033285,0.06979940,0.10000000,0
1505298810,21033284,0.06960039,1.00621176,1
1505298810,21033283,0.06970000,0.00014224,1
1505298809,21033282,0.06979941,0.10000000,0
1505298807,21033280,0.06979941,0.10000000,0
1505298805,21033274,0.06979942,0.10000000,0
1505298803,21033268,0.06979942,0.10000000,0
1505298801,21033263,0.06979943,0.10000000,0
1505298800,21033257,0.06979943,0.10000000,0
1505298797,21033255,0.06979944,0.10000000,0
1505298795,21033252,0.06979944,0.10000000,0
1505298793,21033245,0.06979945,0.10000000,0
1505298791,21033239,0.06979945,0.10000000,0
1505298790,21033236,0.06979946,0.10000000,0
1505298788,21033232,0.06979946,0.10000000,0
1505298786,21033230,0.06979947,0.10000000,0
1505298784,21033226,0.06979948,0.10000000,0
1505298782,21033224,0.06979949,0.10000000,0
1505298780,21033223,0.06979949,0.10000000,0
1505298777,21033221,0.06979947,0.10000000,0
1505298775,21033214,0.06979954,0.10000000,0
1505298773,21033212,0.06979954,0.10000000,0
1505298770,21033208,0.06979956,0.10000000,0
1505298768,21033206,0.06979956,0.10000000,0
1505298766,21033205,0.06979957,0.10000000,0
1505298765,21033202,0.06979957,0.10000000,0
1505298763,21033200,0.06979957,0.10000000,0
1505298761,21033199,0.06979958,0.10000000,0
1505298759,21033195,0.06979958,0.10000000,0
1505298757,21033193,0.06979958,0.10000000,0
1505298756,21033191,0.06979959,0.10000000,0
1505298753,21033171,0.06979960,0.10000000,0
1505298751,21033150,0.06979960,0.10000000,0
1505298750,21033149,0.06979961,0.10000000,0
1505298747,21033145,0.06979961,0.10000000,0
1505298746,21033144,0.06979962,0.10000000,0
1505298744,21033141,0.06979965,0.10000000,0
1505298742,21033138,0.06979965,0.10000000,0
1505298740,21033134,0.06979965,0.10000000,0
1505298739,21033133,0.06979965,0.10000000,0
1505298736,21033132,0.06979965,0.10000000,0
1505298735,21033129,0.06979966,0.10000000,0
1505298733,21033122,0.06979963,0.10000000,0
1505298730,21033115,0.06979964,0.10000000,0
1505298717,21033094,0.06979983,0.48817000,0
1505298712,21033087,0.06979983,0.50000000,0
1505298707,21033081,0.06979984,0.15668846,0
1505298703,21033070,0.06979991,0.20000000,0
1505298698,21033063,0.06979996,0.14169404,0
1505298694,21033054,0.06979997,0.20000000,0
1505298694,21033053,0.06979997,0.10000000,0
1505298690,21033048,0.06970003,6.67395940,1
1505298690,21033046,0.06979998,0.50000000,0
1505298685,21033035,0.06979999,0.50000000,0
1505298680,21033029,0.06970000,0.32048035,1
1505298679,21033027,0.06980000,0.20000000,0
1505298678,21033022,0.06980000,0.10000000,0
1505298676,21033021,0.06970027,0.10000000,0
1505298674,21033019,0.06970000,0.10000000,0
1505298673,21033011,0.06970000,0.00012582,1
1505298673,21033009,0.06970000,0.99987418,1
1505298672,21033001,0.06980001,0.10000000,0
1505298670,21032995,0.06970027,0.10000000,0
1505298669,21032994,0.06970027,2.53615900,0
1505298669,21032993,0.06970027,2.79534400,0
1505298669,21032992,0.06970027,1.84785900,0
1505298668,21032991,0.06970027,0.10000000,0
1505298663,21032978,0.06980000,0.20000000,0
1505298662,21032975,0.06970027,3.45030657,1
1505298662,21032974,0.06970025,2.78683500,0
1505298661,21032972,0.06980003,0.42166900,1
1505298660,21032969,0.06970026,0.00000296,1
1505298660,21032967,0.06973072,0.08460704,1
1505298660,21032966,0.06980000,1.00000000,1
1505298647,21032956,0.06980008,0.19995100,1
1505298636,21032945,0.06989989,0.19991448,1
1505298602,21032838,0.07013466,3.81293835,0
1505298602,21032837,0.07013466,0.15806165,1
1505298602,21032836,0.06993999,0.18900000,0
1505298600,21032834,0.06989992,0.20000000,0
1505298600,21032833,0.06989992,2.64000000,0
1505298597,21032829,0.06989989,0.20000000,0
1505298589,21032822,0.06989992,0.20000000,0
1505298577,21032813,0.06989993,0.20000000,0
1505298568,21032807,0.06989996,0.20000000,0
1505298558,21032801,0.06990000,0.20000000,0
1505298543,21032798,0.06991992,0.20000000,0
1505298346,21032604,0.06998996,0.09593660,0
1505298345,21032603,0.06998996,0.18910600,0
1505298329,21032593,0.06976023,0.34492200,1
1505298321,21032588,0.06976018,0.53399500,1
1505298319,21032582,0.06977000,0.18900000,1
1505298309,21032570,0.06977000,0.25600000,1
1505298303,21032560,0.06983003,0.10000000,0
1505298301,21032553,0.06976004,2.64786519,1
1505298301,21032552,0.06976004,1.52736557,1
1505298301,21032551,0.06976007,0.25592030,1
1505298300,21032550,0.06976004,1.39827700,1
1505298237,21032507,0.07006190,0.14159000,0
1505298222,21032493,0.07006213,0.15341000,0
1505298198,21032463,0.07006244,0.18910600,1
1505298181,21032443,0.06985000,0.18910600,0
1505297641,21031666,0.07009941,1.50000000,0
1505297564,21031596,0.07009996,1.51841011,0
1505297461,21031551,0.07010128,2.00000000,0
1505297318,21031406,0.06999242,0.88621746,0
1505297313,21031402,0.06998016,1.41300905,0
1505297313,21031401,0.06998008,0.47812595,0
1505297312,21031400,0.06998008,0.40000000,0
1505297301,21031390,0.06988533,0.08470605,1
1505297247,21031354,0.06986685,2.23561300,1
1505297247,21031353,0.06989674,1.40000000,1
1505297247,21031352,0.06989677,7.09573084,1
1505297244,21031344,0.07003986,49.63326951,0
1505297244,21031343,0.07003985,0.25404539,0
1505297244,21031342,0.06999490,1.40000000,0
1505297244,21031340,0.06998016,0.63799500,0
1505297244,21031339,0.06997000,0.25500000,0
1505297244,21031337,0.06996991,7.09573084,0
1505297230,21031305,0.06986685,1.04843500,1
1505297214,21031291,0.06986793,1.10753961,1
1505297181,21031249,0.06986686,2.08201071,1
1505297181,21031248,0.06986790,3.98789230,1
1505297137,21031214,0.06998000,1.99577022,1
1505297079,21031188,0.06998003,0.96030254,1
1505296955,21031070,0.06998049,0.30200500,1
1505296954,21031060,0.06998048,1.50954100,1
1505296954,21031059,0.06998048,0.63799500,1
1505296940,21031016,0.07027999,0.43927564,0
1505296919,21030962,0.06997000,1.03313000,0
1505296919,21030960,0.06997000,2.84000000,0
1505296918,21030959,0.06997004,2.84000000,1
1505296917,21030958,0.06998000,0.22700000,1
1505296917,21030956,0.06998000,0.25500000,1
1505296853,21030880,0.07031985,17.49340563,0
1505296853,21030879,0.07030000,3.44769489,1
1505296851,21030877,0.07030000,0.11400000,0
1505296851,21030876,0.07030000,0.22600000,0
1505296652,21030591,0.07012000,0.14000000,1
1505296648,21030579,0.07013000,0.22600000,1
1505296619,21030531,0.07016010,0.25400000,0
1505296553,21030444,0.07028994,6.01428980,0
1505296506,21030372,0.07018971,9.32701546,1
1505296506,21030371,0.07019000,0.25395454,1
1505296505,21030369,0.07018957,14.25248300,0
1505296505,21030366,0.07018957,9.74280000,0
1505296505,21030363,0.07018957,1.00471700,0
1505296504,21030360,0.07018970,10.49347170,0
1505296504,21030358,0.07018000,0.25400000,0
1505296502,21030342,0.07018968,1.08144104,0
1505296443,21030251,0.07002023,0.93698323,1
1505296443,21030250,0.07002026,5.24930917,1
1505296443,21030249,0.07020023,0.14156712,1
1505296443,21030248,0.07020090,5.96847048,1
1505296443,21030247,0.07023000,0.70000000,1
1505296390,21030116,0.07020137,0.84974500,1
1505296386,21030097,0.07049993,0.50936533,0
1505296383,21030084,0.07049996,0.10937552,0
1505296367,21030037,0.07020108,1.03933500,1
1505296366,21030036,0.07020108,0.11999500,1
1505296364,21030023,0.07020108,0.27248200,1
1505296361,21030005,0.07020107,1.50604200,1
1505296352,21029961,0.07020096,4.38653400,1
1505296338,21029885,0.07057000,1.20718396,0
1505296338,21029882,0.07056997,0.89366000,0
1505296324,21029747,0.07020091,0.70871800,1
1505296322,21029711,0.07058869,0.79641605,0
1505296318,21029666,0.07020088,1.48825072,1
1505296312,21029566,0.07058925,1.10441181,0
1505296270,21029421,0.07020023,0.15588000,0
1505296230,21029341,0.07021132,0.99999500,1
1505296221,21029313,0.07021131,0.18494200,1
1505296202,21029281,0.07037994,0.40000000,0
1505296190,21029267,0.07037996,6.24512605,0
1505296190,21029265,0.07032000,0.70000000,0
1505296190,21029264,0.07031997,4.24448984,0
1505296162,21029235,0.07031994,2.85124100,0
1505296065,21029142,0.07021050,0.11241300,1
1505296032,21029123,0.07021046,0.13758200,1
1505296023,21029113,0.07021045,12.66068336,1
1505296023,21029112,0.07021045,3.30655764,1
1505296023,21029110,0.07022000,0.25400000,1
1505296018,21029106,0.07021029,1.99999500,1
1505296017,21029105,0.07021029,3.40395284,1
1505296017,21029104,0.07021029,1.59221800,1
1505296014,21029097,0.07021013,1.40350016,0
1505296014,21029096,0.07021016,3.40395284,1
1505296000,21029077,0.07019045,0.21419794,1
1505295688,21028733,0.07043000,0.25400000,0
1505295595,21028631,0.07016043,5.56173000,1
1505295595,21028630,0.07016043,0.35799800,1
1505295595,21028629,0.07017000,0.25400000,1
1505295591,21028625,0.07016032,0.96845800,1
1505295591,21028624,0.07016032,2.41954400,1
1505295590,21028617,0.07016029,0.96845800,1
1505295542,21028586,0.07060426,8.07808735,1
1505295542,21028584,0.07058998,2.84000000,0
1505295542,21028582,0.07057000,3.00000000,1
1505295541,21028581,0.07050000,0.96777121,1
1505295540,21028579,0.07050000,0.10894385,0
1505295540,21028578,0.07050000,0.00519759,0
1505295519,21028552,0.07050000,0.88585856,0
1505295519,21028551,0.07049999,1.62112205,0
1505295519,21028550,0.07049000,0.22383371,0
1505295518,21028548,0.07007102,0.30377600,1
1505295509,21028538,0.07040997,3.78337916,0
1505295490,21028529,0.07006986,0.73069000,1
1505295427,21028496,0.07005150,1.15932500,1
1505295427,21028495,0.07005165,0.22817500,1
1505295410,21028488,0.07005128,0.25199500,1
1505295407,21028486,0.07005130,0.64447416,0
1505295407,21028485,0.07005131,0.25199500,1
1505295365,21028451,0.07004236,1.51185400,1
1505295364,21028449,0.07004236,0.25199500,1
1505295316,21028420,0.07004056,0.41619100,1
1505295281,21028382,0.07039997,0.02816629,1
1505295280,21028379,0.07039997,1.46169271,0
1505295280,21028378,0.07039997,0.25199500,0
1505295248,21028313,0.07002099,0.60682000,1
1505295247,21028311,0.07002099,0.88677000,1
1505295247,21028310,0.07002099,0.16420128,1
1505295247,21028308,0.07021111,0.00000528,0
1505295246,21028307,0.07021111,3.05978500,0
1505295243,21028303,0.07021111,0.07977800,0
1505295233,21028294,0.07002097,1.15000000,1
1505294875,21028035,0.07002009,0.72309281,1
1505294872,21028028,0.07002009,0.40917976,1
1505294864,21028007,0.07002008,0.56368771,1
1505294858,21027997,0.07002000,0.25200000,1
1505294846,21027983,0.06999701,0.28486200,0
1505294846,21027982,0.06999697,0.28482600,0
1505294839,21027978,0.06999668,0.28482600,0
1505294839,21027976,0.06999613,0.13160000,0
1505294830,21027960,0.06999000,0.25300000,0
1505294824,21027957,0.06986685,0.41625900,0
1505294824,21027956,0.06986685,2.86778900,0
1505294719,21027875,0.07021987,2.50507634,0
1505294644,21027787,0.07030987,0.38562700,0
1505294486,21027653,0.06998032,4.92665516,1
1505294486,21027652,0.06998033,0.67818229,1
1505294486,21027651,0.06999000,0.25300000,1
1505294474,21027642,0.07049999,2.72957587,0
1505294474,21027641,0.07049999,1.03342800,1
1505294474,21027640,0.07049999,1.65222200,1
1505294473,21027638,0.07048000,3.00000000,1
1505294473,21027633,0.07046487,0.08324906,0
1505294471,21027630,0.07046473,1.50469947,0
1505294462,21027615,0.07038774,1.78776174,0
1505294461,21027611,0.07038773,2.84000000,0
1505294460,21027608,0.07038774,5.00000000,0
1505294439,21027566,0.07038815,2.01716200,0
1505294433,21027549,0.07038829,10.06349146,1
1505294433,21027548,0.07038828,2.85585554,0
1505294406,21027439,0.06989016,0.53846800,1
1505294405,21027432,0.06989016,2.13207740,1
1505294398,21027355,0.07038885,2.49738368,0
1505294376,21027145,0.07038986,1.11885620,0
1505294372,21027103,0.06987500,1.57993560,1
1505294010,21026701,0.07013417,5.52353600,0
1505293860,21026555,0.07013818,1.00000000,0
1505293534,21026343,0.06981003,0.07243600,1
1505293534,21026342,0.06999183,0.43524024,1
1505293495,21026320,0.06999203,0.15833278,0
1505293475,21026301,0.06999219,0.14258876,0
1505293467,21026294,0.06999217,7.70370384,0
1505293467,21026293,0.06999217,1.95680416,0
1505293467,21026292,0.06999214,2.43649200,0
1505293466,21026291,0.06999214,0.40350800,0
1505293466,21026290,0.06998000,0.21084300,0
1505293458,21026280,0.06999198,10.10446800,0
1505293456,21026271,0.06999211,1.28667400,0
1505293454,21026267,0.06971032,0.10000000,1
1505293440,21026230,0.06969841,36.40268997,1
1505293440,21026229,0.06969841,9.05196619,1
1505293440,21026228,0.06969842,11.72901049,1
1505293440,21026226,0.06998990,3.13956828,1
1505293438,21026214,0.06999219,1.55925900,0
1505293437,21026192,0.06999218,1.63036500,1
1505293432,21026162,0.06999217,1.20963500,1
1505293431,21026154,0.06999218,0.42730500,1
1505293426,21026132,0.06999217,0.46961800,1
1505293424,21026123,0.06999202,2.37038200,0
1505293424,21026121,0.06999187,3.37025200,0
1505293424,21026118,0.06999184,2.84000000,0
1505293423,21026112,0.06999214,0.47000000,1
1505293422,21026106,0.06999202,0.46961800,1
1505293417,21026093,0.06999214,0.28999300,1
1505293369,21026039,0.07006001,0.79296300,1
1505293366,21026033,0.07006000,0.21084300,1
1505293356,21026017,0.07005002,0.21055890,1
1505293356,21026016,0.07005002,0.21643255,1
1505293351,21026011,0.07004010,3.77745425,0
1505293351,21026010,0.07010000,0.07351684,1
1505293350,21026008,0.07010003,7.08200368,0
1505293348,21026005,0.07010000,0.42648316,1
1505292886,21025247,0.07040000,1.00000000,0
1505292873,21025234,0.07030000,1.00000000,0
1505292831,21025164,0.07024515,3.03942165,0
1505292786,21025077,0.07024515,7.52000000,0
1505292785,21025071,0.07024515,10.80000000,0
1505292777,21025062,0.07024515,7.52000000,0
1505292756,21025045,0.07024515,2.70290546,0
1505292750,21025035,0.07024515,25.56604200,0
1505292742,21025010,0.07024515,1.23900000,0
1505292737,21025009,0.07024515,0.26309200,0
1505292730,21025004,0.07024515,1.80238500,0
1505292724,21024996,0.07024502,0.75025000,1
1505292719,21024988,0.07024502,0.34678701,1
1505292719,21024983,0.07024515,1.00253700,0
1505292688,21024907,0.07024515,2.90483000,0
1505292664,21024891,0.07024515,7.07128867,0
1505292664,21024890,0.07024514,0.59762433,0
1505292664,21024889,0.07024514,1.00000000,0
1505292660,21024887,0.06987037,1.00000000,0
1505292658,21024885,0.07024515,18.96635922,0
1505292658,21024884,0.07022000,0.41000000,0
1505292658,21024883,0.07020000,1.00000000,0
1505292658,21024882,0.07014000,0.09226394,0
1505292658,21024881,0.07013999,0.99095784,0
1505292652,21024872,0.07013999,1.09226400,0
1505292647,21024870,0.07013999,9.92177800,0
1505292646,21024869,0.07010000,1.00000000,0
1505292589,21024792,0.06998316,2.84000000,0
1505292576,21024763,0.06987611,1.03354884,0
1505292567,21024730,0.06987614,0.53936200,1
1505292567,21024729,0.06987614,6.27394284,1
1505292566,21024727,0.06987614,1.30858732,0
1505292566,21024726,0.06987612,2.84000000,0
1505292566,21024725,0.06972000,0.25400000,0
1505292551,21024709,0.06973997,0.41678800,0
1505292487,21024591,0.06935033,0.87962200,1
1505292484,21024576,0.06935033,8.67087400,1
1505292483,21024564,0.06935033,13.63744300,1
1505292468,21024530,0.06958984,0.15500000,0
1505292459,21024503,0.06959984,0.11000000,0
1505292424,21024480,0.06963997,0.25000000,0
1505292332,21024386,0.06975377,0.07150194,0
1505292114,21024004,0.06944329,0.11596226,1
1505292114,21024003,0.06947028,0.09226394,1
1505292114,21024001,0.06950000,0.10894385,1
1505292029,21023940,0.06950000,0.00519759,1
1505292029,21023939,0.06956861,1.34552375,1
1505291996,21023914,0.06956861,1.50000000,1
1505291837,21023737,0.06964033,0.15896641,1
1505291837,21023736,0.06964036,1.40550984,1
1505291828,21023732,0.06970003,1.06127300,1
1505291814,21023714,0.06970006,1.40551000,0
1505291812,21023713,0.06970006,1.40550984,0
1505291809,21023708,0.06970006,0.48449000,1
1505291790,21023669,0.06997984,1.15996822,0
1505291777,21023637,0.06969000,0.22700000,0
1505291773,21023631,0.06970003,0.25400000,0
1505291772,21023624,0.06970003,2.52398300,1
1505291686,21023438,0.06979097,2.72933600,1
1505291681,21023430,0.06979096,1.54065900,1
1505291657,21023377,0.06979091,1.14108900,1
1505291655,21023373,0.07001843,2.42687936,1
1505291654,21023370,0.07001840,5.97994361,0
1505291571,21023244,0.06985014,0.22700000,1
1505291571,21023243,0.06985014,1.35528400,1
1505291554,21023220,0.06984008,2.45474800,1
1505291554,21023219,0.06985000,0.22700000,1
1505291522,21023154,0.07008971,5.00000000,1
1505291498,21023138,0.07000000,0.08685508,0
1505291498,21023137,0.07000000,0.91314492,0
1505291498,21023136,0.06999999,0.59953642,0
1505291496,21023132,0.06999999,0.23636358,0
1505291484,21023115,0.06999660,1.02738600,0
1505291395,21022992,0.06999846,0.08829120,0
1505291353,21022930,0.06969013,10.07167338,1
1505291352,21022929,0.06969013,0.25386756,1
1505291350,21022922,0.06968027,5.66003626,1
1505291342,21022900,0.06967030,0.83818384,1
1505291340,21022891,0.06967017,0.37279000,1
1505291339,21022890,0.06967017,0.37281193,1
1505291339,21022887,0.06967017,2.29385700,1
1505291338,21022884,0.06967016,3.40938460,1
1505291338,21022880,0.06967019,7.09562081,1
1505291332,21022868,0.06966073,2.88201000,1
1505291332,21022866,0.06966073,7.09573084,1
1505291330,21022860,0.06966057,5.75763900,1
1505291327,21022853,0.06990005,1.71248454,0
1505291327,21022852,0.06989000,0.15672000,0
1505291327,21022851,0.06988981,0.05017300,0
1505291327,21022850,0.06988978,7.09573084,0
1505291326,21022848,0.06988000,0.25289162,0
1505291323,21022833,0.06966027,10.41236533,1
1505291321,21022827,0.06966014,10.21214744,1
1505291317,21022823,0.06966000,0.25289162,1
1505291314,21022814,0.06988982,0.43223400,1
1505291311,21022804,0.06970000,0.15163989,0
1505291274,21022746,0.06974000,0.10136011,0
1505291251,21022715,0.06964261,0.73143800,1
1505291185,21022664,0.06964037,0.34964900,1
1505291166,21022603,0.06964033,0.06481100,1
1505291166,21022601,0.06965000,0.25300000,1
1505291148,21022557,0.06973036,0.11845629,1
1505291143,21022541,0.06964039,0.00093345,0
1505291143,21022540,0.06964039,0.48206855,0
1505291132,21022519,0.06964039,0.38999500,0
1505291132,21022517,0.06964034,0.21494500,0
1505291107,21022471,0.06964039,0.19570100,0
1505291107,21022470,0.06964036,0.62683700,0
1505291097,21022449,0.06964034,0.48241200,1
1505291097,21022442,0.06964034,2.99892000,1
1505291088,21022417,0.06964033,0.30741200,1
1505291088,21022416,0.06964033,0.25300000,1
1505291087,21022411,0.06964033,0.17438600,1
1505291084,21022400,0.06964033,0.21767600,1
1505291084,21022394,0.06964033,0.65299500,1
1505291081,21022382,0.06964036,0.75990613,1
1505291081,21022381,0.06964039,1.06776455,1
1505291070,21022331,0.06964030,1.69251200,1
1505291067,21022322,0.06987997,0.13787055,0
1505291064,21022314,0.06964030,0.82544300,1
1505291064,21022312,0.06964033,2.73864100,1
1505291052,21022280,0.06984997,1.81733000,0
1505291051,21022275,0.06964021,3.56069600,1
1505291041,21022244,0.06964017,0.85561400,1
1505291041,21022243,0.06964020,2.70152800,1
1505291015,21022170,0.06964005,9.64921000,1
1505291015,21022169,0.06965000,0.25300000,1
1505291010,21022163,0.06964004,0.25300000,1
1505291010,21022161,0.06964004,2.29512600,1
1505291009,21022158,0.06964007,1.01200900,1
1505291005,21022131,0.06985075,0.14540583,1
1505291001,21022116,0.06976949,0.18500000,0
1505290998,21022111,0.06963286,0.12807900,1
1505290981,21022086,0.06988997,5.03993700,0
1505290953,21022081,0.06988990,0.11700000,0
1505290951,21022080,0.06978000,0.09900000,0
1505290949,21022077,0.06978000,0.15400000,0
1505290949,21022076,0.06978000,0.09700000,0
1505290945,21022074,0.06978000,0.15600000,0
1505290942,21022071,0.06976948,0.15557207,0
1505290942,21022070,0.06976000,0.00042793,0
1505290936,21022065,0.06976000,0.25200000,0
1505290927,21022042,0.06976949,0.00000007,1
1505290926,21022038,0.06976949,2.42070893,0
1505290926,21022037,0.06976949,13.61588207,0
1505290926,21022036,0.06976948,0.21138000,0
1505290926,21022035,0.06976947,0.12406393,0
1505290925,21022034,0.06950000,0.88585856,1
1505290925,21022033,0.06950001,5.70021583,1
1505290925,21022031,0.06956482,0.77076433,1
1505290925,21022030,0.06967110,0.60000000,1
1505290924,21022029,0.06970000,1.00000000,1
1505290924,21022028,0.06976943,17.71471754,1
1505290923,21022025,0.06976948,0.18883207,1
1505290923,21022024,0.06976949,15.68746900,0
1505290923,21022023,0.06976949,0.15753100,0
1505290922,21022019,0.06976948,0.46155500,1
1505290922,21022018,0.06976948,0.57301500,1
1505290922,21022017,0.06976948,0.90717800,1
1505290922,21022015,0.06976948,0.39999500,1
1505290921,21022009,0.06976948,0.43189400,1
1505290921,21022004,0.06976948,0.44259300,1
1505290921,21022001,0.06976948,0.43999500,1
1505290892,21021962,0.06978000,0.25242800,1
1505290831,21021903,0.06976944,0.73123096,1
1505290831,21021902,0.06990005,0.15671000,1
1505290813,21021870,0.06990005,1.00437500,0
1505290813,21021868,0.06989000,0.10479000,1
1505290803,21021848,0.06990003,9.74800000,0
1505290802,21021844,0.06989000,0.25200000,0
1505290781,21021823,0.06976947,0.82510600,1
1505290771,21021811,0.06976947,0.74450100,1
1505290762,21021799,0.06976947,0.82509100,1
1505290756,21021780,0.06976947,31.67312000,1
1505290739,21021765,0.06976947,0.60985000,1
1505290722,21021747,0.06976947,0.45876000,1
1505290722,21021746,0.06976947,0.82509100,1
1505290716,21021738,0.06976947,0.10400700,1
1505290715,21021737,0.06976947,0.72108900,1
1505290707,21021727,0.06976947,3.43801400,1
1505290707,21021726,0.06976947,0.55694800,1
1505290707,21021725,0.06976947,1.07908600,1
1505290706,21021723,0.06976947,1.07908600,1
1505290704,21021715,0.06976947,0.16924500,1
1505290701,21021696,0.06976947,1.45295400,1
1505290698,21021690,0.06976947,13.66880753,1
1505290695,21021670,0.06976947,13.95850000,1
1505290695,21021668,0.06976947,1.16459076,1
1505290695,21021666,0.06976947,0.59967300,1
1505290678,21021643,0.06990003,0.11526000,0
1505290678,21021642,0.06979000,0.24125500,0
1505290669,21021627,0.06976945,3.09044492,1
1505290668,21021626,0.06979000,0.13885508,1
1505290667,21021625,0.06979000,0.11314492,1
1505290667,21021624,0.06980000,0.08685508,1
1505290663,21021611,0.06980000,0.91314492,1
1505290631,21021589,0.06990000,1.00000000,1
1505290631,21021588,0.06990000,0.30000000,1
1505290631,21021587,0.06990004,0.15169965,1
1505290529,21021476,0.06990009,0.16847500,1
1505290509,21021459,0.06990009,15.28893613,1
1505290508,21021458,0.06990009,0.47219106,1
1505290508,21021457,0.06996553,0.01058894,1
1505290506,21021444,0.06996553,0.18941106,1
1505290493,21021422,0.06990009,1.26901500,1
1505290493,21021421,0.06998276,0.03089700,1
1505290491,21021418,0.06998276,0.16910300,1
