date,tid,price,amount,type
1505347215,21103274,231.17,1.08618937,1
1505347214,21103273,231.18,0.51381063,1
1505347202,21103265,231.16,2.69591190,1
1505347201,21103263,231.17,1.02408810,1
1505347186,21103253,231.16,0.04000000,1
1505347177,21103252,231.17,0.16000000,1
1505347169,21103250,231.16,1.10600000,1
1505347169,21103249,231.16,0.22400000,1
1505347169,21103248,231.16,2.39000000,1
1505347160,21103246,231.14,0.16000000,1
1505347107,21103191,231.72,3.24000000,1
1505347107,21103190,231.73,0.52535300,1
1505347107,21103189,231.73,3.84464700,1
1505347096,21103186,231.73,3.08000000,1
1505347079,21103178,231.75,0.12000000,1
1505347072,21103172,232.33,0.45035079,1
1505347071,21103170,231.77,1.04971384,1
1505347070,21103169,232.31,0.14028616,1
1505347070,21103168,232.32,0.53000000,1
1505347068,21103162,232.57,1.23189576,0
1505347067,21103159,232.22,0.38971384,0
1505347066,21103158,232.22,0.14028616,0
1505347060,21103154,231.73,0.17738605,0
1505347059,21103152,231.74,0.32261395,1
1505347058,21103138,231.74,0.59602444,1
1505347058,21103137,231.76,1.20822000,1
1505347057,21103134,231.74,2.27000000,1
1505347057,21103131,231.74,1.23695520,0
1505347057,21103129,231.74,0.86304480,0
1505347057,21103128,231.74,2.21152420,0
1505347056,21103125,231.74,0.05945444,0
1505347056,21103123,231.73,0.20846533,0
1505347055,21103121,231.73,0.29153467,0
1505347053,21103114,231.78,2.09902136,1
1505347053,21103113,232.22,0.00590000,1
1505347052,21103111,232.41,4.36998233,0
1505347052,21103110,232.40,1.19211767,0
1505347052,21103109,232.39,0.50000000,0
1505347039,21103101,232.22,3.36000000,1
1505347028,21103098,232.42,3.35395259,0
1505347017,21103086,231.72,1.00408769,1
1505347006,21103078,231.72,0.24000000,1
1505346925,21103053,231.52,0.16000000,1
1505346925,21103052,231.52,0.20000000,1
1505346785,21103021,231.83,0.17260038,0
1505346785,21103020,231.83,0.04228919,0
1505346714,21102974,231.35,0.20000000,1
1505346495,21102793,232.13,1.09175893,1
1505346492,21102788,232.13,0.50000000,1
1505346492,21102786,232.00,0.00000365,0
1505346489,21102770,232.00,0.16364930,1
1505346489,21102769,232.11,0.00772705,1
1505346487,21102762,232.13,1.09179000,1
1505346487,21102759,232.14,0.02300000,1
1505346483,21102737,232.43,0.73999500,0
1505346436,21102581,232.50,1.09004187,0
1505346436,21102580,232.50,0.74071081,0
1505346418,21102571,232.11,0.40000000,1
1505346337,21102549,232.11,0.76000000,1
1505346329,21102543,232.11,0.76000000,1
1505346321,21102538,232.12,0.01928919,1
1505346321,21102537,232.13,0.74071081,1
1505346312,21102534,232.13,0.76000000,1
1505346300,21102530,232.38,0.50000000,1
1505346300,21102529,232.37,1.50170075,0
1505346300,21102528,232.37,0.13043166,0
1505346299,21102527,232.37,4.37000000,0
1505346245,21102512,232.20,0.50000000,1
1505346244,21102509,232.20,0.79648454,0
1505346244,21102508,232.13,0.66542473,0
1505346243,21102507,232.13,0.50000000,1
1505346243,21102506,232.13,0.31000000,1
1505346243,21102505,232.13,0.63000000,1
1505346243,21102504,232.13,2.89457527,1
1505346240,21102502,232.13,0.04000000,1
1505346212,21102483,232.13,0.50000000,1
1505346212,21102482,232.13,0.30542473,1
1505346211,21102481,232.13,0.63000000,0
1505346210,21102480,232.13,4.37000000,1
1505346164,21102432,232.12,1.11211000,1
1505346083,21102389,232.11,3.25178395,1
1505346083,21102388,232.12,0.79646900,1
1505346077,21102382,232.12,5.00000000,1
1505346065,21102372,232.12,0.72000000,1
1505346053,21102364,232.12,1.12000000,1
1505346053,21102363,232.51,0.62792770,0
1505346010,21102316,232.12,0.40000000,1
1505346002,21102310,232.11,0.78000000,1
1505346002,21102308,232.13,1.62000000,1
1505345993,21102302,232.15,0.40568469,1
1505345993,21102301,232.24,1.11431531,1
1505345988,21102297,232.24,0.81922825,1
1505345988,21102296,232.25,0.49870475,1
1505345984,21102288,232.25,1.00299600,1
1505345978,21102280,232.50,1.98184106,1
1505345977,21102279,232.50,0.15532000,1
1505345977,21102278,232.50,3.00000000,1
1505345972,21102270,232.50,0.15524672,1
1505345971,21102266,232.50,5.74000000,1
1505345970,21102263,232.50,2.24000000,1
1505345969,21102262,232.42,0.51000000,0
1505345969,21102261,232.40,0.50000000,0
1505345969,21102260,232.39,0.15521223,0
1505345968,21102257,232.24,0.15531248,1
1505345966,21102254,232.24,0.15531248,1
1505345960,21102247,232.24,3.56000000,1
1505345956,21102244,232.24,0.15531248,1
1505345952,21102243,232.25,1.12000000,1
1505345946,21102233,232.25,0.79143927,1
1505345946,21102232,232.26,0.03697000,1
1505345943,21102229,232.26,1.08000000,1
1505345900,21102114,232.57,0.61550000,0
1505345900,21102112,232.56,0.50000000,0
1505345897,21102111,232.58,0.50000000,1
1505345897,21102110,232.59,0.00000008,1
1505345896,21102109,232.60,0.04290000,0
1505345896,21102108,232.60,0.04290000,0
1505345895,21102106,232.59,0.49999992,1
1505345895,21102105,232.59,0.50000000,1
1505345894,21102102,232.59,0.00000004,1
1505345894,21102101,232.59,0.49999996,1
1505345893,21102097,232.60,0.50000000,1
1505345893,21102096,232.60,0.50000000,1
1505345889,21102093,232.59,0.50000000,0
1505345888,21102092,232.59,0.02000000,0
1505345888,21102090,232.58,0.50000000,0
1505345873,21102070,232.25,0.04000000,1
1505345831,21102051,232.30,1.20150000,1
1505345791,21102034,232.90,0.00059945,1
1505345791,21102033,232.91,0.49997853,1
1505345786,21102028,232.90,0.92030055,1
1505345786,21102027,232.91,0.99969945,1
1505345779,21102025,232.90,0.50000000,1
1505345778,21102024,232.91,0.00001000,0
1505345776,21102023,232.90,0.50000000,1
1505345774,21102022,232.91,0.94519000,0
1505345773,21102021,232.80,1.19891000,0
1505345773,21102020,232.79,0.22200000,0
1505345773,21102019,232.79,0.50000000,0
1505345760,21102015,232.10,0.30697975,1
1505345758,21102013,232.10,0.05952675,1
1505345757,21102012,232.23,3.19000000,1
1505345757,21102011,232.24,0.22200000,1
1505345756,21102010,232.66,0.00140638,1
1505345756,21102009,232.66,0.30411225,1
1505345754,21102008,233.00,0.94900000,1
1505345740,21102006,233.38,0.03043470,1
1505345731,21102005,233.38,0.20000000,1
1505345717,21102004,233.71,1.23994203,1
1505345709,21101998,233.71,2.84725797,1
1505345709,21101997,233.71,0.51274203,1
1505345708,21101996,233.82,1.01210683,1
1505345706,21101995,233.71,3.85625797,1
1505345706,21101994,233.71,0.00178792,1
1505345706,21101993,233.80,4.08720000,1
1505345706,21101992,233.80,4.08720000,1
1505345706,21101991,233.81,2.15755411,1
1505345701,21101985,233.81,1.92964589,1
1505345701,21101984,233.81,1.56890000,1
1505345701,21101983,233.82,1.50145411,1
1505345699,21101981,233.81,1.47730000,1
1505345696,21101980,233.81,0.22100000,1
1505345696,21101979,233.81,0.50000000,1
1505345692,21101978,233.81,0.32000000,1
1505345677,21101974,234.15,0.02586048,1
1505345670,21101968,234.15,0.16000000,1
1505345663,21101955,234.16,5.29344500,0
1505345662,21101954,234.15,0.04000000,1
1505345661,21101953,234.15,0.30733952,1
1505345661,21101952,234.15,0.05406448,1
1505345660,21101950,234.15,0.36132000,1
1505345652,21101948,234.15,0.11781552,1
1505345652,21101947,234.16,0.00218448,1
1505345643,21101940,234.17,0.50000000,0
1505345643,21101938,234.16,0.53100000,1
1505345639,21101932,234.17,0.50000000,1
1505345636,21101927,234.17,0.40089112,0
1505345636,21101926,234.17,0.13218800,1
1505345636,21101925,234.17,0.40101200,1
1505345632,21101921,234.18,1.95785437,0
1505345631,21101920,234.18,0.00014570,1
1505345623,21101912,234.18,0.29133047,1
1505345606,21101903,234.26,0.33180000,1
1505345606,21101902,234.27,0.22100000,1
1505345591,21101895,234.18,0.24172383,1
1505345591,21101894,234.18,0.53320000,1
1505345591,21101893,234.19,0.00000682,1
1505345591,21101892,234.19,1.04911397,1
1505345590,21101891,234.21,0.01595538,1
1505345524,21101845,234.21,0.00109000,1
1505345524,21101844,234.22,0.19891000,1
1505345396,21101808,234.21,3.76000000,1
1505345349,21101792,234.19,0.20000000,1
1505345325,21101790,234.99,2.33246242,0
1505345325,21101789,234.99,4.33743842,0
1505345324,21101788,234.80,0.10000000,0
1505345324,21101787,234.64,0.51000000,0
1505345323,21101786,234.63,0.09907553,0
1505345323,21101785,234.63,0.26321086,0
1505345304,21101784,234.19,1.00000000,1
1505345225,21101779,234.11,0.00001552,0
1505345224,21101778,234.11,0.26998914,0
1505345224,21101777,234.10,0.26321086,0
1505345124,21101743,233.99,0.09907553,1
1505345124,21101742,234.00,0.14092447,1
1505345122,21101738,234.20,0.14092447,0
1505345015,21101711,234.42,1.25320000,0
1505345015,21101710,234.41,0.22100000,0
1505344945,21101693,233.38,0.28000000,0
1505344945,21101692,233.38,0.22000000,0
1505344945,21101690,233.38,3.86721208,0
1505344943,21101686,233.38,0.28178792,0
1505344941,21101685,233.39,0.22100000,1
1505344939,21101682,234.46,0.00003851,0
1505344939,21101681,234.45,0.22000000,0
1505344938,21101680,234.45,0.35916149,0
1505344886,21101632,233.25,1.95439623,1
1505344886,21101631,233.29,1.29560377,1
1505344885,21101630,233.26,1.12000000,1
1505344884,21101628,233.26,3.25000000,1
1505344883,21101627,233.25,1.12000000,1
1505344883,21101626,233.26,3.25000000,1
1505344785,21101582,234.50,4.26489028,1
1505344766,21101576,234.50,0.26321086,1
1505344761,21101575,234.50,0.26321086,1
1505344718,21101562,234.50,1.47540000,1
1505344717,21101560,234.50,2.51204000,1
1505344714,21101559,234.50,1.19707000,1
1505344712,21101554,234.50,0.02417800,1
1505344701,21101550,233.36,0.14678314,0
1505344701,21101549,233.37,0.85321686,1
1505344697,21101545,233.91,0.35916149,1
1505344696,21101544,233.91,0.42000851,1
1505344696,21101542,233.91,0.41790000,1
1505344695,21101537,233.90,0.42000000,1
1505344692,21101535,233.92,0.22000000,1
1505344595,21101472,234.48,0.20901566,1
1505344588,21101466,234.47,0.98517913,0
1505344588,21101465,234.47,0.20901483,0
1505344587,21101464,234.46,0.61910828,0
1505344534,21101450,234.40,0.10000000,1
1505344376,21101353,234.87,0.61910300,0
1505344262,21101330,234.40,0.36000000,1
1505343972,21101254,235.40,0.00000351,1
1505343932,21101236,235.40,0.32218000,1
1505343932,21101235,235.41,0.22573000,1
1505343927,21101230,235.41,0.12000000,1
1505343918,21101229,235.41,0.12000000,1
1505343910,21101226,235.41,0.12000000,1
1505343902,21101222,235.40,0.12000000,1
1505343889,21101218,235.51,0.53000000,0
1505343888,21101216,235.50,0.08000000,1
1505343880,21101212,235.48,2.61060505,0
1505343841,21101203,235.40,0.08000000,1
1505343799,21101199,235.40,0.08000000,1
1505343764,21101191,235.40,0.04000000,1
1505343726,21101175,235.48,0.63538305,0
1505343716,21101167,235.22,0.04000000,1
1505343677,21101160,235.14,0.60846396,1
1505343639,21101137,235.02,0.60841572,1
1505343638,21101136,235.43,0.02548528,0
1505343579,21101106,235.24,1.26765119,0
1505343546,21101092,234.89,0.38068883,1
1505343524,21101077,234.89,1.19615000,0
1505343493,21101059,234.89,0.01646850,0
1505343492,21101058,235.01,1.19615000,1
1505343492,21101057,235.02,1.26738150,1
1505343470,21101045,234.98,0.00001400,0
1505343467,21101043,234.96,1.27000000,1
1505343465,21101039,234.97,1.26702684,0
1505343463,21101037,234.96,1.19639000,0
1505343383,21101011,235.08,0.79438600,1
1505343374,21101004,235.08,0.04000000,1
1505343356,21100989,235.08,0.36200400,1
1505343355,21100984,235.48,4.11943842,1
1505343354,21100983,235.48,0.21800000,1
1505343325,21100975,235.08,1.26633975,1
1505343320,21100974,235.07,1.26643991,1
1505343316,21100970,235.07,0.51000000,0
1505343314,21100969,235.06,0.23220364,1
1505343310,21100960,235.04,0.47273850,0
1505343310,21100958,235.05,0.25000000,1
1505343309,21100957,235.05,0.10538747,1
1505343309,21100956,235.05,0.12693231,1
1505343308,21100953,235.05,0.50000000,0
1505343308,21100952,235.04,0.24768022,0
1505343307,21100951,234.89,0.26934665,1
1505343307,21100949,234.89,0.50000000,1
1505343307,21100948,234.89,0.21003537,1
1505343307,21100946,234.90,0.21800000,1
1505343304,21100935,234.89,0.49996463,1
1505343304,21100934,234.89,3.16000000,1
1505343302,21100932,234.89,0.50000000,1
1505343301,21100931,234.89,0.50000000,0
1505343301,21100930,234.86,0.21000000,0
1505343160,21100880,234.94,0.24767000,1
1505343040,21100769,234.92,0.90971202,1
1505343031,21100758,235.62,0.26619988,1
1505343031,21100757,235.62,1.12900000,1
1505343028,21100754,235.62,0.12835500,1
1505343027,21100751,235.97,3.50756452,0
1505343027,21100749,235.96,0.25000000,0
1505343027,21100746,235.95,1.52142372,0
1505343026,21100744,235.61,1.02362063,1
1505343025,21100740,235.61,0.04000000,0
1505342997,21100738,234.84,0.82812597,1
1505342997,21100737,234.86,0.33314891,1
1505342997,21100736,235.53,0.08740489,1
1505342997,21100735,235.53,0.53519511,1
1505342996,21100734,235.54,0.62260000,1
1505342993,21100732,235.73,1.52135914,1
1505342878,21100681,235.58,0.21000000,1
1505342877,21100680,235.59,0.21182412,0
1505342865,21100675,235.59,0.22817588,0
1505342865,21100674,235.58,0.21174000,0
1505342862,21100671,235.97,0.07178878,1
1505342862,21100670,235.94,0.77302704,0
1505342862,21100669,235.94,0.21174000,1
1505342860,21100667,235.93,0.21174000,0
1505342808,21100644,235.93,0.07000000,0
1505342772,21100626,235.93,0.21826000,0
1505342604,21100503,235.94,0.42697296,0
1505342568,21100483,235.56,0.04000000,1
1505342498,21100444,235.98,0.29938000,0
1505342436,21100396,235.98,0.34436991,0
1505342436,21100395,235.97,0.01908909,0
1505342429,21100393,235.97,0.30091091,0
1505342426,21100391,235.49,0.29789473,0
1505342426,21100389,235.49,0.00466653,0
1505342426,21100388,235.00,0.00001076,0
1505342422,21100382,235.00,0.09998924,0
1505342421,21100381,235.00,10.00000000,0
1505342421,21100380,234.98,0.00000576,0
1505342421,21100378,234.98,8.32257714,0
1505342418,21100349,234.98,5.00000000,0
1505342414,21100337,234.98,1.28994600,0
1505342402,21100326,234.98,1.46257000,0
1505342398,21100323,234.98,0.10000000,0
1505342385,21100307,234.98,17.68000000,0
1505342385,21100306,234.98,12.02390110,0
1505342384,21100305,234.98,8.97609890,0
1505342382,21100303,234.98,4.37825784,0
1505342380,21100292,234.98,1.67403644,0
1505342377,21100287,234.98,4.37573791,0
1505342375,21100284,234.97,0.00190000,0
1505342374,21100280,234.97,0.37810000,0
1505342372,21100275,234.98,0.64294614,0
1505342364,21100265,234.98,9.08362500,0
1505342364,21100261,234.98,0.85640729,0
1505342364,21100260,234.97,0.15996771,0
1505342360,21100256,234.97,0.29003229,0
1505342358,21100253,234.98,0.38407453,0
1505342351,21100246,234.98,15.50781595,0
1505342351,21100245,234.98,4.99864305,0
1505342350,21100241,234.98,0.81607700,0
1505342348,21100240,234.98,19.56630200,0
1505342347,21100239,234.97,0.53000000,0
1505342342,21100232,234.98,2.48856600,0
1505342342,21100229,234.98,12.27080000,0
1505342342,21100228,234.98,5.73861195,0
1505342342,21100227,234.98,35.65590405,0
1505342341,21100223,234.97,0.63000000,0
1505342341,21100222,234.97,3.50781552,0
1505342265,21100191,234.97,0.33293611,0
1505342260,21100186,234.97,0.50609146,0
1505342248,21100177,234.81,0.59975000,0
1505342238,21100170,234.94,0.00004548,1
1505342238,21100169,234.95,1.26508619,1
1505342227,21100166,234.95,0.04000000,1
1505342217,21100159,234.74,1.30625452,0
1505342200,21100142,234.93,1.30592091,1
1505342189,21100137,234.97,0.20000000,0
1505342176,21100126,234.98,0.09245382,0
1505342176,21100124,234.97,0.24000000,0
1505342165,21100115,234.98,3.64553789,0
1505342165,21100114,234.97,0.00001001,0
1505342164,21100112,234.97,0.27998999,0
1505342154,21100110,234.97,0.33000000,0
1505342142,21100103,234.98,0.21193293,0
1505342139,21100097,234.98,3.51204357,0
1505342136,21100090,234.98,0.23001957,0
1505342135,21100088,234.97,0.49000000,1
1505342134,21100087,234.98,2.53110817,0
1505342134,21100086,234.97,0.49000000,0
1505342128,21100078,234.75,0.00117538,0
1505342127,21100075,234.75,0.23390130,0
1505342126,21100071,234.75,0.21860417,0
1505342119,21100058,234.75,0.27970000,0
1505342096,21100019,234.75,2.76661915,0
1505342096,21100018,234.67,0.35747480,0
1505342043,21099954,234.65,3.43507351,0
1505341994,21099913,234.65,0.29789473,0
1505341994,21099912,234.65,0.00466653,0
1505341985,21099905,234.65,0.49533347,0
1505341985,21099903,234.64,0.08000000,1
1505341980,21099901,234.29,0.30411225,0
1505341927,21099862,234.01,0.12000000,1
1505341907,21099826,234.01,0.06555653,0
1505341906,21099816,234.00,0.60765733,0
1505341876,21099785,234.00,0.61075600,0
1505341875,21099784,234.00,16.08037600,0
1505341873,21099774,234.00,1.20358974,0
1505341870,21099771,234.00,1.49762093,0
1505341870,21099770,234.00,0.50000000,0
1505341869,21099767,234.00,0.10807693,0
1505341868,21099765,233.52,0.04000000,1
1505341866,21099760,234.00,0.39192307,0
1505341855,21099741,233.50,0.20000000,1
1505341853,21099738,233.98,0.20720000,0
1505341853,21099737,233.97,1.12000000,0
1505341847,21099733,233.50,0.12000000,1
1505341836,21099725,233.51,1.12000000,1
1505341819,21099717,233.51,0.08000000,1
1505341811,21099711,233.50,0.12000000,1
1505341809,21099706,233.50,0.05083512,0
1505341808,21099705,233.50,3.74916488,0
1505341808,21099704,233.49,0.00140638,0
1505341808,21099702,233.48,0.28052683,1
1505341806,21099701,233.48,0.02730000,0
1505341804,21099698,233.48,0.47270000,0
1505341804,21099697,233.48,0.50000000,0
1505341804,21099696,233.48,0.50000000,0
1505341804,21099695,233.46,0.02730000,0
1505341783,21099685,233.16,0.24000000,1
1505341757,21099676,233.47,0.38480000,0
1505341751,21099675,233.03,0.08000000,0
1505341747,21099673,233.15,0.04000000,1
1505341737,21099669,233.09,0.04000000,0
1505341727,21099664,233.21,0.00003941,1
1505341720,21099661,233.11,0.30566059,0
1505341714,21099659,233.09,0.30570000,0
1505341712,21099657,232.62,0.42536624,1
1505341712,21099656,232.62,0.33300000,1
1505341712,21099655,232.63,2.00163350,1
1505341712,21099654,232.98,1.20000026,1
1505341711,21099653,232.98,7.13332874,0
1505341710,21099652,232.98,1.20000000,0
1505341684,21099616,232.98,1.48330000,0
1505341680,21099614,232.98,17.44214300,0
1505341680,21099613,232.94,0.50000000,0
1505341680,21099612,232.94,0.50000000,0
1505341680,21099611,232.93,0.33200000,0
1505341680,21099610,232.93,1.20358000,0
1505341659,21099603,232.50,2.28000000,1
1505341648,21099599,232.94,0.50000000,0
1505341641,21099588,232.48,2.17104900,0
1505341641,21099587,232.47,0.50000000,0
1505341637,21099585,232.57,0.18650000,1
1505341636,21099584,232.58,1.50245077,1
1505341627,21099574,232.60,4.36000000,1
1505341596,21099528,232.61,4.36000000,1
1505341564,21099500,232.60,0.28000000,1
1505341524,21099474,232.59,0.24000000,1
1505341497,21099449,232.98,0.64220105,0
1505341496,21099445,232.98,0.86702721,0
1505341495,21099444,232.96,0.50000000,0
1505341495,21099443,232.96,0.26000172,0
1505341495,21099442,232.96,0.23999828,0
1505341495,21099441,232.96,0.50000000,0
1505341493,21099437,232.58,0.11654187,0
1505341476,21099427,232.57,1.08000000,1
1505341473,21099426,232.58,0.84358000,0
1505341469,21099424,232.58,1.07787813,1
1505341466,21099422,232.59,0.36000000,1
1505341455,21099410,232.58,0.92212187,1
1505341455,21099408,232.58,0.33200000,0
1505341453,21099406,232.79,0.00000184,1
1505341401,21099379,232.80,2.48587629,1
1505341332,21099350,232.80,0.78148625,1
1505341321,21099345,232.80,0.23263746,1
1505341321,21099344,232.80,0.12736254,1
1505341266,21099325,232.80,1.00000000,1
1505341249,21099318,232.68,0.05029816,0
1505341245,21099309,232.67,1.70999500,0
1505341231,21099297,232.46,0.22000000,0
1505341226,21099295,232.48,0.66700000,1
1505341226,21099294,232.48,0.33300000,0
1505341193,21099277,232.52,1.07246688,0
1505341123,21099268,232.11,0.35867912,0
1505341115,21099246,232.11,1.48870000,0
1505341085,21099232,231.69,2.01385504,1
1505341085,21099231,231.69,2.98614496,1
1505341069,21099220,232.19,1.48830000,0
1505341041,21099204,231.62,0.35867912,1
1505341041,21099203,231.62,0.92132088,1
1505340994,21099156,231.58,1.67078062,1
1505340986,21099152,231.56,1.68000000,1
1505340966,21099140,231.65,3.92000000,1
1505340943,21099122,231.50,2.56000000,1
1505340930,21099116,231.45,0.04000000,1
1505340903,21099104,231.40,0.63527000,1
1505340903,21099103,231.86,0.80473000,1
1505340902,21099099,231.84,0.68627000,0
1505340822,21099057,231.33,0.21680000,1
1505340822,21099056,231.33,0.31020000,1
1505340822,21099055,231.34,0.33300000,1
1505340822,21099054,231.34,0.22000000,1
1505340811,21099049,232.28,0.30566059,0
1505340805,21099047,231.81,0.68627000,1
1505340797,21099044,232.55,3.95362717,1
1505340797,21099043,232.55,0.08000000,1
1505340797,21099042,232.50,0.25000000,0
1505340797,21099041,232.30,0.30672535,0
1505340796,21099040,232.29,0.35000000,0
1505340796,21099039,232.09,0.43090000,0
1505340795,21099038,232.00,0.07000000,0
1505340795,21099037,231.80,0.50475290,0
1505340793,21099035,231.20,0.00001261,0
1505340792,21099034,231.20,0.31020000,0
1505340790,21099033,231.14,1.44732800,1
1505340790,21099032,231.14,1.14750200,1
1505340706,21098977,229.46,1.12427774,1
1505340706,21098976,229.46,11.24160000,1
1505340706,21098975,229.51,5.50000000,1
1505340706,21098974,229.52,0.95000000,1
1505340706,21098973,231.16,4.75000000,1
1505340706,21098972,231.34,10.68637326,1
1505340705,21098971,231.35,5.83674900,1
1505340689,21098941,231.80,3.49524710,0
1505340688,21098937,231.52,0.19327465,0
1505340688,21098935,231.38,1.49410000,0
1505340688,21098932,231.33,11.42000000,0
1505340688,21098930,229.51,6.34854896,0
1505340687,21098928,229.52,8.36070400,1
1505340687,21098925,229.53,56.85400000,1
1505340686,21098922,229.58,16.63200000,1
1505340686,21098921,229.58,3.88772754,0
1505340686,21098919,229.61,1.07000000,0
1505340686,21098916,229.62,7.07083714,0
1505340685,21098915,230.83,3.70262069,1
1505340685,21098914,230.83,0.17056000,0
1505340685,21098913,231.14,5.36000000,0
1505340684,21098910,231.34,0.21999500,1
1505340684,21098909,231.34,0.14550769,1
1505340684,21098906,231.45,0.22000000,1
1505340684,21098905,231.46,15.95121748,1
1505340683,21098902,231.47,1.42000000,1
1505340682,21098901,231.49,4.84628150,1
1505340646,21098826,231.45,0.22000000,0
1505340585,21098761,231.52,0.30672535,0
1505340581,21098753,231.22,0.07448731,0
1505340532,21098734,231.22,0.04506531,0
1505340518,21098721,231.19,2.00000000,1
1505340515,21098719,231.20,4.37000000,0
1505340513,21098715,231.19,1.74000000,1
1505340466,21098656,231.22,0.18860825,0
1505340463,21098652,230.84,1.20000000,1
1505340449,21098636,230.83,0.15734800,1
1505340448,21098634,230.84,0.02000500,1
1505340448,21098632,230.84,0.19999500,1
1505340446,21098629,230.84,0.19999500,1
1505340446,21098626,230.84,4.37000000,1
1505340445,21098624,230.95,0.22000000,0
1505340445,21098623,230.83,1.21193131,1
1505340444,21098622,230.84,0.00000869,1
1505340442,21098618,230.79,5.07189131,0
1505340435,21098597,230.05,4.56806000,0
1505340435,21098596,230.29,1.21194000,1
1505340433,21098594,230.30,0.22000000,1
1505340344,21098537,230.09,0.22000000,1
1505340330,21098522,230.40,0.30816087,0
1505340329,21098519,230.40,1.49970000,0
1505340326,21098518,230.40,0.42636500,0
1505340317,21098512,231.35,0.42636478,0
1505340317,21098511,231.21,0.54000000,0
1505340317,21098510,230.70,0.00195028,0
1505340317,21098509,230.70,0.49790000,0
1505340316,21098507,230.40,0.30925462,0
1505340316,21098504,230.22,0.20247808,0
1505340315,21098503,230.22,0.10701967,0
1505340314,21098501,230.00,1.52000000,0
1505340314,21098500,230.00,0.72951103,0
1505340292,21098464,230.00,1.50230000,0
1505340249,21098412,229.78,0.54000000,1
1505340249,21098409,229.99,3.30058600,0
1505340248,21098408,229.76,0.54000000,1
1505340247,21098404,229.77,0.54000000,1
1505340246,21098403,229.99,0.53470700,0
1505340192,21098372,229.50,5.62199397,0
1505340189,21098368,229.50,0.21088800,0
1505340185,21098362,229.35,0.00004670,0
1505340184,21098361,229.35,11.24160000,0
1505340175,21098355,229.50,7.13895425,0
1505339954,21098229,229.51,0.99696131,0
1505339954,21098228,229.25,0.20000000,0
1505339952,21098227,229.02,0.50000000,0
1505339748,21098171,229.24,0.10695747,0
1505339523,21098072,229.29,0.03000000,0
1505339444,21098040,229.48,5.12623600,0
1505339444,21098039,229.46,4.37000000,0
1505339444,21098038,229.44,0.50000000,0
1505339425,21098035,227.65,3.36409900,1
1505339418,21098032,229.70,40.69103137,0
1505339418,21098031,229.57,0.52000000,0
1505339417,21098029,229.21,0.31159500,0
1505339417,21098028,229.21,0.50000000,1
1505339416,21098027,228.75,0.09048061,0
1505339416,21098026,228.75,0.75773797,0
1505339415,21098025,228.74,0.50000000,0
1505339398,21098021,228.50,0.20000000,1
1505339397,21098020,228.50,0.09048061,1
1505339397,21098019,228.51,1.50251630,1
1505339361,21098002,228.75,0.15178142,0
1505339361,21098001,228.63,0.53000000,0
1505339359,21098000,228.62,0.19074538,0
1505339172,21097934,228.50,0.90951939,1
1505339172,21097933,228.75,0.31021261,1
1505339148,21097904,228.89,2.84233200,1
1505338949,21097768,229.53,0.30925462,0
1505338946,21097765,229.78,0.24650923,0
1505338946,21097764,229.78,0.17124395,1
1505338946,21097763,229.58,0.00007849,0
1505338946,21097762,229.58,0.20258400,0
1505338946,21097761,229.58,0.09000000,0
1505338946,21097760,229.58,0.01769797,0
1505338945,21097759,229.55,0.44158736,0
1505338945,21097758,229.49,0.31047518,0
1505338945,21097757,229.04,0.54000000,0
1505338943,21097756,229.03,0.48108382,0
1505338943,21097755,228.69,0.50000000,0
1505338901,21097743,229.03,1.28817059,0
1505338901,21097742,228.90,0.20000000,0
1505338900,21097741,228.83,1.45608941,0
1505338900,21097740,228.80,0.50000000,0
1505338900,21097739,228.78,0.33600000,1
1505338898,21097737,228.78,0.22100000,0
1505338872,21097693,228.96,0.04391059,0
1505338759,21097631,228.78,4.36059795,1
1505338759,21097630,228.78,0.55940205,1
1505338679,21097594,228.74,0.49864475,0
1505338677,21097590,228.74,0.49921309,1
1505338675,21097589,228.72,0.16395628,1
1505338675,21097588,228.73,0.33600000,1
1505338664,21097581,228.97,0.43564659,0
1505338655,21097574,228.69,3.74919500,1
1505338653,21097572,228.97,0.90000000,1
1505338652,21097570,228.97,1.17033900,1
1505338624,21097559,228.97,0.70876000,0
1505338624,21097558,228.96,0.33600000,0
1505338517,21097525,229.03,0.50126000,0
1505338366,21097471,228.71,1.21002000,1
1505338366,21097470,228.72,0.33600000,1
1505338366,21097468,228.74,0.22100000,1
1505338218,21097416,229.37,0.40207267,1
1505338215,21097415,229.37,0.65558154,1
1505338214,21097414,229.37,2.31607900,1
1505338209,21097413,229.37,0.08000000,1
1505338206,21097409,229.37,1.50910000,1
1505338201,21097407,229.37,0.16000000,1
1505338197,21097403,229.37,0.46332929,1
1505338195,21097402,229.37,0.46279834,1
1505338192,21097401,229.37,0.46279834,1
1505338192,21097400,229.37,1.19355182,1
1505338188,21097396,229.37,39.68768900,0
1505338188,21097395,228.94,0.33600000,0
1505338188,21097394,228.94,0.22100000,0
1505337992,21097296,229.09,0.02173818,0
1505337975,21097289,229.12,0.04351432,0
1505337972,21097288,228.17,0.50484869,0
1505337970,21097287,228.24,1.21529000,1
1505337891,21097239,228.56,1.36960000,1
1505337891,21097237,228.57,0.22100000,1
1505337891,21097235,228.57,0.33600000,1
1505337879,21097224,228.56,1.00000000,1
1505337879,21097223,229.21,2.36738516,1
1505337878,21097221,229.09,0.33500000,1
1505337878,21097220,228.93,0.54000000,0
1505337876,21097219,228.75,1.00000000,0
1505337843,21097211,228.56,1.03950000,1
1505337827,21097205,228.56,3.16500000,1
1505337827,21097204,228.57,0.33500000,1
1505337811,21097197,228.56,1.86730000,1
1505337807,21097195,228.56,1.03860000,1
1505337798,21097189,228.56,0.52000000,0
1505337633,21097096,228.72,4.36122770,0
1505337630,21097088,228.70,0.77167121,1
1505337630,21097084,228.70,1.21285000,0
1505337564,21097052,228.39,0.94654605,0
1505337564,21097051,228.50,0.05345395,1
1505337560,21097050,228.50,1.00000000,1
1505337553,21097040,228.51,9.56980820,1
1505337507,21097004,228.02,0.28289952,1
1505337498,21097003,229.12,0.00126000,0
1505337498,21097002,229.12,1.63646524,0
1505337496,21097001,228.77,1.00000000,0
1505337496,21097000,228.68,0.49000000,0
1505337495,21096999,228.00,0.18322500,1
1505337495,21096998,228.20,0.06555653,1
1505337494,21096997,228.22,0.46785099,1
1505337486,21096992,228.50,1.00000000,1
1505337485,21096991,228.51,0.00005000,1
1505337485,21096989,228.51,1.21280000,1
1505337419,21096933,229.29,0.30949775,0
1505337415,21096931,229.30,1.46498037,0
1505337415,21096930,228.98,4.42000000,0
1505337414,21096928,228.95,3.37766453,0
1505337414,21096927,228.91,0.53000000,0
1505337412,21096926,228.82,0.08938862,0
1505337412,21096925,228.82,0.13613924,0
1505337410,21096923,228.26,0.56370000,0
1505337407,21096919,228.25,0.22192151,1
1505337407,21096918,228.79,0.00007849,1
1505337401,21096913,228.79,0.20258400,1
1505337390,21096902,228.79,0.09000000,0
1505337390,21096900,228.79,0.01769797,0
1505337389,21096899,228.79,0.53230203,0
1505337377,21096885,228.82,0.08586076,0
1505337376,21096884,228.80,0.43381201,0
1505337376,21096883,228.77,0.03059917,0
1505337374,21096882,228.35,0.67242162,0
1505337326,21096863,228.35,0.32757838,0
1505337296,21096847,228.20,35.94974901,0
1505337296,21096846,228.20,0.46783000,0
1505337292,21096842,228.20,6.11623851,0
1505337286,21096838,228.20,7.22743563,0
1505337283,21096833,228.20,0.30836985,0
1505337262,21096827,228.20,13.25757592,0
1505337244,21096813,228.20,1.08768966,0
1505337244,21096811,228.20,9.24163348,0
1505337238,21096801,228.20,0.06370000,0
1505337236,21096798,228.20,1.61000000,0
1505337235,21096797,228.20,6.40272578,0
1505337234,21096796,228.20,1.70663150,0
1505337234,21096795,228.20,1.83566453,1
1505337233,21096794,228.25,1.00000000,1
1505337233,21096793,228.45,0.53000000,1
1505337233,21096792,228.48,3.21469977,0
1505337233,21096791,228.47,1.61000000,0
1505337225,21096774,228.47,0.53000000,1
1505337225,21096771,228.47,0.00000777,1
1505337224,21096765,228.48,18.83646000,0
1505337213,21096753,228.41,0.53000000,0
1505337152,21096730,228.18,0.09000000,1
1505337143,21096728,228.46,7.27151361,0
1505337132,21096726,228.14,0.01345000,0
1505337132,21096725,228.14,0.33251000,1
1505337132,21096724,228.43,0.00200000,1
1505337127,21096719,228.44,9.40000000,1
1505337080,21096704,228.43,0.52070000,1
1505337056,21096697,228.43,0.47730000,1
1505337056,21096696,228.44,1.00000000,1
1505337056,21096695,228.44,1.00000000,1
1505337056,21096694,228.45,0.00400000,1
1505337022,21096682,228.47,0.70000000,0
1505336989,21096667,228.47,0.25000000,0
1505336985,21096658,228.47,1.00000000,0
1505336984,21096657,228.45,0.99600000,1
1505336974,21096656,228.45,1.00000000,1
1505336961,21096652,228.47,2.54200000,0
1505336925,21096637,228.47,0.05000000,0
1505336912,21096632,228.47,3.88671576,0
1505336912,21096631,228.46,0.33500000,0
1505336889,21096624,228.47,0.41919577,0
1505336878,21096622,228.35,1.00000000,0
1505336877,21096620,228.16,1.00000000,1
1505336873,21096617,228.16,0.54200000,1
1505336873,21096616,228.25,1.00000000,1
1505336842,21096604,228.14,3.66500000,1
1505336842,21096603,228.22,0.33500000,1
1505336788,21096590,228.47,0.16850700,0
1505336780,21096587,228.47,0.75050900,0
1505336779,21096583,228.47,1.95395981,0
1505336779,21096582,228.35,0.00052519,0
1505336744,21096568,228.35,0.99947481,0
1505336728,21096547,228.11,8.83652315,1
1505336728,21096542,228.25,1.00000000,1
1505336728,21096537,228.46,0.72360000,1
1505336725,21096520,228.46,1.00200000,1
1505336716,21096517,228.47,1.50126000,0
1505336647,21096490,228.47,0.61405200,0
1505336621,21096462,228.47,0.04363811,0
1505336595,21096453,228.47,0.30559811,0
1505336578,21096447,228.47,1.51240000,0
1505336577,21096446,228.46,0.11000000,1
1505336564,21096440,228.46,0.13000000,1
1505336564,21096438,228.47,4.13043710,0
1505336551,21096434,228.46,0.16000000,1
1505336542,21096431,228.47,1.00000000,0
1505336538,21096427,228.46,0.19000000,1
1505336537,21096426,228.47,4.36599991,0
1505336531,21096422,228.47,4.61693001,0
1505336525,21096420,228.46,0.22000000,1
1505336523,21096419,228.47,7.00000000,0
1505336522,21096417,228.47,3.50000000,0
1505336511,21096413,228.46,0.27000000,1
1505336505,21096411,228.47,1.51240000,0
1505336499,21096408,228.46,0.00004036,0
1505336499,21096407,228.46,0.31995964,0
1505336499,21096406,228.46,2.48564036,0
1505336469,21096391,228.46,0.44050000,0
1505336469,21096390,228.46,0.38000000,0
1505336418,21096369,228.47,0.61930726,0
1505336418,21096368,228.47,1.51804119,0
1505336410,21096358,228.46,0.45000000,0
1505336242,21096276,228.47,0.34712000,0
1505336240,21096274,228.46,0.66000000,0
1505336230,21096269,228.46,0.22000000,0
1505336211,21096263,228.47,12.93167593,0
1505336209,21096262,228.46,0.83000000,0
1505336209,21096261,228.46,1.00000000,0
1505336098,21096233,227.88,3.08958964,1
1505336045,21096192,228.35,1.09753176,0
1505336018,21096157,228.35,1.66626000,0
1505336016,21096154,228.34,0.33500000,0
1505335989,21096101,228.35,0.35897454,0
1505335986,21096099,228.35,0.37723370,0
1505335983,21096095,228.34,1.21351000,0
1505335900,21096043,227.57,2.22216107,0
1505335899,21096042,228.05,0.17469352,1
1505335864,21096013,228.40,0.17469352,0
1505335831,21095995,228.47,6.54904364,0
1505335806,21095963,228.05,0.70069543,1
1505335805,21095961,228.05,2.79930457,1
1505335805,21095959,228.07,0.07218543,1
1505335805,21095958,228.08,1.21351000,1
1505335805,21095956,228.09,0.33500000,1
1505335774,21095928,228.47,1.81161640,0
1505335772,21095927,228.44,0.31230000,0
1505335772,21095926,228.44,0.27293819,0
1505335757,21095907,228.47,1.40144113,0
1505335756,21095905,228.46,0.14000000,0
1505335756,21095904,228.45,0.31248629,0
1505335754,21095902,228.44,0.18268083,0
1505335754,21095901,228.44,0.09063142,0
1505335731,21095880,228.01,0.18268083,1
1505335698,21095823,228.01,0.31248629,1
1505335697,21095822,228.44,0.31047518,0
1505335695,21095815,228.44,2.80000000,0
1505335675,21095794,228.44,15.62331466,0
1505335653,21095769,228.43,0.03620047,0
1505335636,21095743,228.43,0.33881200,0
1505335635,21095738,228.44,10.39112593,0
1505335634,21095737,228.43,4.02874000,0
1505335634,21095736,228.43,0.39126000,1
1505335633,21095734,228.43,0.11000000,0
1505335533,21095646,228.00,0.12614036,0
1505335488,21095598,228.00,0.87385964,0
1505335488,21095597,227.50,1.00000000,0
1505335486,21095593,227.49,1.21573000,0
1505335429,21095547,226.86,2.18158189,1
1505335429,21095545,226.95,0.00280834,1
1505335428,21095544,226.95,1.52290000,1
1505335418,21095538,227.00,1.00000000,1
1505335418,21095537,227.50,0.07218543,1
1505335418,21095536,227.50,1.00000000,1
1505335410,21095529,227.54,0.11068799,0
1505335410,21095525,227.54,1.21573000,1
1505335410,21095524,227.56,1.80287500,1
1505335409,21095523,227.56,0.21561701,1
1505335408,21095519,227.56,0.31311799,1
1505335406,21095516,228.03,0.08938862,1
1505335406,21095515,228.03,0.22200000,0
1505335375,21095486,227.01,1.58921423,1
1505335375,21095485,227.01,0.22200000,1
1505335364,21095468,228.14,0.94180832,0
1505335364,21095466,228.13,1.38000000,0
1505335364,21095465,228.05,1.80288030,0
1505335363,21095463,227.55,0.52874000,0
1505335353,21095442,227.55,0.00126000,0
1505335353,21095441,227.55,1.00000000,0
1505335244,21095290,226.96,1.00000000,1
1505335141,21095248,226.92,1.52290000,0
1505335133,21095233,227.94,7.48043344,0
1505335133,21095232,227.65,0.51000000,0
1505335131,21095231,227.00,3.71988900,0
1505335068,21095208,227.00,2.00000000,0
1505335039,21095189,227.00,2.00126000,0
1505335037,21095187,227.00,0.05956000,0
1505335037,21095186,226.94,1.21634000,0
1505335035,21095183,227.00,0.45030800,0
1505335035,21095182,226.95,6.57136600,0
1505335034,21095180,226.95,1.42863400,0
1505334937,21095127,226.00,5.40781457,1
1505334937,21095125,226.00,0.05000000,1
1505334937,21095123,226.14,4.42000000,1
1505334937,21095122,226.50,0.07218543,1
1505334937,21095121,226.50,0.05000000,1
1505334903,21095102,226.93,2.79000000,0
1505334903,21095100,226.93,1.63000000,0
1505334902,21095099,226.95,2.79000000,0
1505334902,21095098,226.94,1.63000000,0
1505334901,21095097,226.95,4.42000000,0
1505334900,21095096,226.95,2.68000000,0
1505334899,21095095,226.94,1.74000000,0
1505334898,21095094,226.95,4.42000000,0
1505334864,21095083,227.61,2.01612407,0
1505334862,21095081,227.03,0.00000011,0
1505334861,21095079,227.03,1.98058989,1
1505334860,21095078,227.03,1.28362000,1
1505334860,21095077,227.04,0.00004000,1
1505334851,21095074,227.04,1.21630000,1
1505334818,21095056,227.03,1.19999011,1
1505334818,21095055,227.05,0.00000989,1
1505334810,21095047,227.00,4.46419011,0
1505334808,21095044,227.00,0.05000000,0
1505334800,21095039,227.00,0.43673500,0
1505334793,21095035,227.00,0.04907489,0
1505334724,21095008,228.04,0.80551449,0
1505334674,21094976,227.81,3.00126000,0
1505334600,21094954,227.16,0.22200000,0
1505334595,21094936,226.47,10.00266400,0
1505334595,21094932,226.47,1.90738500,0
1505334595,21094931,226.47,2.41836004,0
1505334593,21094928,226.47,0.22200000,1
1505334593,21094927,226.48,0.30188096,1
1505334586,21094922,228.43,0.76088955,1
1505334585,21094919,228.41,0.25000000,0
1505334585,21094917,228.41,1.94000000,1
1505334585,21094913,228.30,0.22000000,0
1505334584,21094911,228.07,0.55000000,0
1505334584,21094909,228.07,0.15169315,1
1505334584,21094904,228.05,1.00000000,0
1505334584,21094902,228.05,0.10898458,0
1505334583,21094896,228.00,6.08280408,0
1505334583,21094893,228.00,0.15101015,1
1505334582,21094892,227.99,2.40000000,0
1505334582,21094891,227.98,1.21131000,0
1505334581,21094890,227.97,0.48000000,0
1505334436,21094801,228.04,0.32805648,0
1505334420,21094783,228.06,2.63212838,0
1505334420,21094782,228.06,1.28000000,0
1505334418,21094781,228.05,0.22000000,0
1505334418,21094780,228.05,0.33500000,0
1505334415,21094776,226.48,1.71788996,1
1505334415,21094775,226.48,8.63000000,1
1505334415,21094774,226.91,2.02248689,1
1505334415,21094773,226.93,0.93062315,1
1505334412,21094770,226.93,3.48687685,1
1505334412,21094769,226.93,4.41750000,1
1505334412,21094768,227.24,1.21131000,1
1505334386,21094751,227.00,7.22412000,1
1505334386,21094750,227.01,1.31250000,1
1505334386,21094749,227.01,1.31250000,1
1505334386,21094748,227.15,4.45000000,1
1505334386,21094747,227.16,0.22000000,1
1505334294,21094718,228.40,9.00380911,0
1505334243,21094701,228.41,0.21377943,0
1505334143,21094623,227.76,0.31500000,1
1505334141,21094622,227.77,0.33500000,1
1505334097,21094606,228.42,2.97653209,0
1505334060,21094584,228.42,1.18006900,0
1505334002,21094537,228.41,0.32752506,0
1505333997,21094526,228.20,0.22000000,1
1505333959,21094496,228.41,0.45328780,0
1505333932,21094482,228.42,1.72771206,0
1505333931,21094481,228.42,0.09228794,0
1505333931,21094480,228.41,2.18000000,0
1505333915,21094469,228.41,0.51200000,0
1505333915,21094468,228.41,0.21900000,0
1505333915,21094467,228.40,0.26900000,0
1505333915,21094466,228.40,3.00000000,0
1505333913,21094464,227.07,4.40000000,1
1505333855,21094430,227.07,0.92979024,1
1505333855,21094429,227.08,0.21900000,1
1505333851,21094394,227.08,6.11828555,1
1505333843,21094386,227.06,0.26900000,1
1505333842,21094382,228.44,43.84142181,0
1505333842,21094381,228.44,1.24000000,1
1505333840,21094377,228.42,0.21845005,0
1505333836,21094374,228.42,2.30154995,0
1505333835,21094371,228.12,1.91403600,0
1505333808,21094353,227.03,4.40000000,1
1505333774,21094336,227.94,0.20126000,0
1505333739,21094319,228.00,15.00000000,0
1505333737,21094316,226.91,0.12501311,1
1505333737,21094315,226.92,0.83498689,1
1505333736,21094314,226.88,1.31251311,0
1505333735,21094312,226.88,0.95748689,0
1505333735,21094311,226.88,1.19000000,0
1505333735,21094310,226.88,0.00001311,0
1505333735,21094308,226.88,0.79998689,0
1505333734,21094307,226.88,0.15751311,0
1505333731,21094302,226.88,0.37248689,0
1505333731,21094301,226.88,1.90187639,0
1505333731,21094300,226.88,1.18312361,0
1505333728,21094290,226.88,0.26700000,1
1505333728,21094289,226.88,0.26700000,1
1505333728,21094288,226.88,0.26700000,1
1505333728,21094287,226.88,0.26700000,1
1505333728,21094286,226.88,0.26700000,1
1505333727,21094285,228.11,2.02378054,0
1505333727,21094284,228.11,0.27438212,0
1505333726,21094283,228.11,1.56950917,0
1505333726,21094282,228.11,4.70799982,0
1505333725,21094280,228.11,0.60431912,0
1505333723,21094278,228.12,0.54611125,0
1505333722,21094277,226.40,0.26700000,0
1505333719,21094266,228.48,6.44285590,0
1505333718,21094264,228.12,0.54000000,0
1505333718,21094263,228.11,1.61096792,0
1505333715,21094259,228.10,0.33000000,0
1505333714,21094256,226.00,0.00004662,0
1505333713,21094251,226.00,41.30330000,0
1505333710,21094245,226.00,0.97264084,0
1505333710,21094243,226.00,1.58174462,0
1505333708,21094241,226.00,4.75004000,0
1505333703,21094227,226.00,38.23101700,0
1505333701,21094222,225.99,0.40000000,0
1505333698,21094219,226.00,25.96600000,0
1505333694,21094211,226.00,18.28700000,0
1505333688,21094209,226.00,49.65414159,0
1505333688,21094208,225.99,0.03685841,0
1505333688,21094207,225.99,0.43314159,0
1505333685,21094201,226.00,21.43058400,0
1505333684,21094199,226.00,22.94941600,0
1505333684,21094198,225.99,0.56000000,0
1505333673,21094192,226.00,0.95362833,0
1505333673,21094191,226.00,0.27473451,0
1505333663,21094182,226.00,0.10526800,0
1505333661,21094181,226.00,1.60163717,0
1505333661,21094180,226.00,3.66577132,0
1505333659,21094179,226.00,1.11308500,0
1505333658,21094178,226.00,1.00000000,0
1505333655,21094173,226.00,5.39513274,0
1505333653,21094171,226.00,1.10632743,0
1505333653,21094170,225.99,0.09367257,0
1505333652,21094168,225.99,0.57632743,0
1505333646,21094159,226.00,11.76195400,0
1505333642,21094152,226.00,1.94734000,0
1505333641,21094150,226.00,2.75766278,0
1505333638,21094149,226.00,0.35340000,0
1505333637,21094148,226.00,51.11000000,0
1505333637,21094147,225.99,0.79000000,0
1505333633,21094144,226.00,2.30000000,0
1505333631,21094135,226.00,6.66115044,0
1505333625,21094130,226.00,2.66429560,0
1505333625,21094129,225.99,0.94000000,0
1505333615,21094122,226.00,16.19166000,0
1505333614,21094121,226.00,99.28544248,0
1505333611,21094114,226.00,0.11889380,0
1505333608,21094106,226.00,6.21615044,0
1505333608,21094105,225.99,1.12000000,0
1505333606,21094100,226.00,4.98013274,0
1505333605,21094093,226.00,53.31040255,0
1505333605,21094092,226.00,19.57259745,0
1505333602,21094088,226.00,1.33000000,0
1505333600,21094084,226.00,7.33615044,0
1505333597,21094078,225.99,1.33000000,0
1505333595,21094076,226.00,0.51491265,0
1505333595,21094075,226.00,5.85798400,0
1505333594,21094074,226.00,0.90286062,0
1505333594,21094072,225.99,2.00000000,0
1505333594,21094071,225.98,0.75136238,0
1505333594,21094070,225.98,3.99790800,0
1505333593,21094069,225.98,7.79712100,0
1505333593,21094068,225.98,1.71071800,0
1505333593,21094067,225.98,1.11591600,0
1505333591,21094058,225.98,0.27200000,0
1505333589,21094053,225.98,1.46212179,0
1505333588,21094051,225.98,0.06688928,0
1505333587,21094047,225.98,0.79931852,0
1505333586,21094043,225.98,0.16240375,0
1505333584,21094039,225.98,1.33005891,0
1505333578,21094030,225.98,0.10353365,0
1505333576,21094025,225.96,1.23817641,0
1505333573,21094018,225.96,73.76182359,0
1505333572,21094017,225.94,3.86017641,0
1505333571,21094014,225.94,9.27368536,0
1505333571,21094009,225.94,2.08574500,0
1505333570,21094007,225.94,0.96587012,0
1505333569,21094005,225.94,0.23726997,0
1505333568,21094003,225.94,1.20527574,0
1505333568,21094002,225.94,0.17650703,0
1505333567,21094000,225.94,0.52531645,0
1505333566,21093998,225.94,13.08502257,0
1505333565,21093995,225.94,0.14800000,0
1505333562,21093979,225.94,43.43713135,0
1505333561,21093977,225.94,24.88172165,0
1505333560,21093973,225.94,41.83392900,0
1505333559,21093970,225.94,2.22604300,0
1505333558,21093968,225.94,2.53900000,0
1505333558,21093965,225.94,0.93180282,0
1505333550,21093957,225.94,0.07667000,0
1505333547,21093955,225.94,1.23076923,0
1505333540,21093948,225.94,1.28006430,0
1505333540,21093947,225.93,0.12308270,0
1505333540,21093946,225.93,1.10774424,0
1505333531,21093936,225.93,0.68917306,0
1505333530,21093935,225.93,4.30266011,0
1505333527,21093929,225.92,0.54000000,0
1505333491,21093882,225.92,1.52850000,0
1505333470,21093864,225.93,4.24924103,1
1505333470,21093861,225.87,3.60614097,0
1505333470,21093859,225.93,0.81385903,1
1505333469,21093856,224.16,4.43924418,1
1505333469,21093854,224.17,0.17692205,1
1505333468,21093853,224.19,0.22000000,1
1505333468,21093850,225.88,1.83000000,0
1505333460,21093834,225.42,0.17639645,0
1505333460,21093832,225.42,1.63104427,0
1505333455,21093828,225.42,0.17638993,0
1505333455,21093826,225.42,0.10320000,0
1505333455,21093825,225.42,0.82000000,0
1505333452,21093820,225.41,1.12256350,0
1505333445,21093808,225.44,3.58371800,0
1505333445,21093807,225.42,0.96000000,0
1505333444,21093806,225.42,2.64000000,0
1505333444,21093805,225.42,0.81628200,0
1505333426,21093794,225.43,0.96371800,1
1505333426,21093792,225.42,0.26335600,0
1505333425,21093791,225.42,2.37664400,0
1505333425,21093790,225.42,1.77707500,0
1505333424,21093785,225.42,2.64292500,0
1505333424,21093784,225.41,0.55000000,0
1505333423,21093781,225.44,0.14000000,0
1505333423,21093780,225.42,2.74000000,0
1505333422,21093776,225.43,0.42628200,0
1505333422,21093774,225.42,4.42000000,0
1505333406,21093762,225.12,0.85032043,0
1505333400,21093753,225.12,0.77490997,0
1505333398,21093751,224.85,0.18583598,0
1505333397,21093750,224.85,0.83216629,0
1505333394,21093748,224.53,3.57000000,0
1505333388,21093741,223.94,1.94529859,0
1505333387,21093739,223.94,1.75886398,0
1505333386,21093733,223.94,1.18624040,0
1505333386,21093731,223.92,0.85656960,0
1505333384,21093726,223.92,0.18545146,0
1505333384,21093723,223.92,0.18563865,0
1505333381,21093717,223.93,0.18545975,0
1505333379,21093703,223.93,0.76961550,0
1505333378,21093698,223.93,2.04492475,0
1505333367,21093684,223.90,2.73038717,0
1505333309,21093584,223.94,1.22719901,0
1505333268,21093534,223.96,1.10489373,0
1505333245,21093523,224.08,0.22200000,1
1505333244,21093522,223.96,0.22200000,0
1505333243,21093518,223.95,0.22200000,0
1505333238,21093512,222.56,0.71496645,0
1505333238,21093511,222.56,0.40000000,0
1505333238,21093509,222.56,0.94316764,0
1505333237,21093506,222.56,0.44725491,0
1505333237,21093504,222.56,1.06000000,1
1505333236,21093503,222.57,1.00000000,1
1505333230,21093495,222.01,1.03141067,0
1505333230,21093494,222.03,0.50000000,1
1505333230,21093493,222.03,4.42000000,0
1505333229,21093492,222.07,2.00000000,1
1505333229,21093491,222.10,25.35300000,1
1505333229,21093490,222.10,4.42000000,0
1505333228,21093489,222.55,0.68400000,1
1505333228,21093487,223.06,0.71010000,1
1505333228,21093485,223.14,6.52900000,1
1505333228,21093484,223.14,0.22200000,1
1505333227,21093482,223.16,0.63048933,0
1505333221,21093479,223.14,4.56544783,0
1505333218,21093477,223.13,0.96736629,1
1505333218,21093476,223.13,0.10000000,0
1505333218,21093475,223.14,1.05000000,1
1505333217,21093474,224.00,0.50000000,1
1505333217,21093473,224.00,0.09075000,1
1505333217,21093472,224.00,0.10000000,0
1505333217,21093471,224.08,0.14282521,1
1505333215,21093468,224.10,1.03305850,1
1505333215,21093467,224.10,0.55000000,1
1505333180,21093452,224.50,1.00126000,0
1505333180,21093450,224.11,0.34094000,1
1505333166,21093438,224.54,0.03985927,0
1505333147,21093431,224.53,0.34032029,0
1505333143,21093428,224.10,1.80000000,1
1505333104,21093363,224.11,0.11150000,1
1505333098,21093353,224.60,0.11126000,0
1505333092,21093350,224.60,0.52720393,0
1505333082,21093343,224.10,1.00000000,1
1505333077,21093339,224.10,6.61694150,1
1505333077,21093338,224.32,22.22325850,1
1505333077,21093337,224.33,1.22680000,1
1505333057,21093333,224.59,1.28671200,1
1505333045,21093325,224.62,34.04434155,0
1505333045,21093323,224.61,4.16000000,0
1505333044,21093322,224.60,1.22533000,0
1505333044,21093321,224.57,0.22000000,0
1505333043,21093319,224.56,6.99552042,0
1505333014,21093284,224.24,0.36801849,1
1505332977,21093261,224.35,0.07531672,1
1505332976,21093260,224.35,0.67785042,1
1505332907,21093188,224.35,4.24683286,1
1505332907,21093187,224.48,5.44000000,1
1505332907,21093186,224.51,1.22533000,1
1505332907,21093185,224.56,0.22000000,1
1505332907,21093184,224.58,18.59700000,1
1505332907,21093183,224.59,9.70000000,1
1505332907,21093182,224.59,7.07083714,1
1505332872,21093144,225.15,1.22185000,0
1505332861,21093137,224.74,0.86211997,1
1505332822,21093123,225.17,1.61574000,0
1505332808,21093118,225.18,0.11075584,0
1505332769,21093090,225.24,1.22190000,0
1505332757,21093083,225.25,7.92101600,0
1505332753,21093080,225.26,2.98999500,0
1505332751,21093078,225.26,1.04554200,0
1505332742,21093068,224.53,7.09573084,1
1505332741,21093061,224.52,3.56148451,1
1505332739,21093060,224.54,7.09573084,0
1505332729,21093057,225.28,0.65836200,1
1505332729,21093056,225.28,7.99163800,1
1505332650,21093019,225.42,1.22190000,0
1505332645,21093015,225.44,1.61387100,0
1505332645,21093014,225.18,0.10000000,0
1505332615,21093004,224.94,0.22000000,1
1505332613,21093001,224.93,0.00020600,1
1505332613,21093000,224.93,1.59662200,1
1505332581,21092982,224.89,1.36423600,1
1505332575,21092974,224.89,1.59682800,1
1505332463,21092894,224.44,1.71854094,1
1505332463,21092893,224.96,0.03096797,1
1505332462,21092892,225.00,1.00000000,1
1505332462,21092891,225.00,1.84764109,1
1505332462,21092890,225.01,1.22185000,1
1505332462,21092889,225.01,0.22000000,1
1505332453,21092883,225.00,2.15235891,1
1505332452,21092882,225.01,0.79427000,1
1505332452,21092881,225.04,0.04452541,1
1505332452,21092880,225.18,0.70390418,1
1505332451,21092879,225.23,4.89000000,0
1505332450,21092878,225.23,6.39520000,1
1505332449,21092875,225.23,1.53680000,1
1505332435,21092845,225.96,0.88289963,0
1505332422,21092831,225.72,0.00003994,1
1505332421,21092830,225.61,1.17396006,0
1505332410,21092823,225.61,0.22093573,0
1505332390,21092799,225.50,3.02700000,1
1505332372,21092770,225.50,1.36700000,1
1505332334,21092762,225.50,42.10600000,1
1505332334,21092761,225.54,1.00000000,1
1505332276,21092732,225.95,0.04423994,0
1505332216,21092705,225.96,0.43105937,0
1505332213,21092700,225.96,1.80050500,0
1505332213,21092699,225.95,0.04403000,0
1505332190,21092688,225.18,6.72208253,1
1505332190,21092687,225.18,4.84628150,0
1505332189,21092686,225.18,1.21820000,0
1505332189,21092685,225.19,0.04400000,1
1505332187,21092682,225.92,0.00003000,1
1505332186,21092681,225.98,2.83064872,0
1505332186,21092680,225.97,3.31000000,0
1505332186,21092679,225.95,1.00000000,0
1505332186,21092677,225.95,2.99298000,0
1505332184,21092675,225.94,4.84628150,0
1505332162,21092670,225.89,1.21467000,0
1505332112,21092625,225.89,1.98711762,0
1505332100,21092620,225.95,2.00702000,0
1505332055,21092593,225.19,0.00003000,1
1505332055,21092591,225.27,1.21467000,1
1505332049,21092582,225.94,2.00000000,0
1505331964,21092527,225.99,1.49993362,0
1505331948,21092517,225.99,0.04464799,0
1505331935,21092512,226.00,15.20845132,0
1505331934,21092510,225.99,3.41000000,0
1505331865,21092490,225.99,0.56211586,1
1505331861,21092486,226.00,2.27704352,0
1505331859,21092485,225.99,4.15000000,0
1505331859,21092484,225.96,1.37068822,0
1505331832,21092459,225.97,1.34177546,0
1505331731,21092421,226.30,1.20914000,0
1505331729,21092418,226.29,1.20914000,0
1505331601,21092309,226.65,3.14312495,0
1505331590,21092296,225.18,3.57401329,1
1505331590,21092295,225.20,0.50000000,1
1505331590,21092294,225.22,5.77000000,0
1505331589,21092292,225.48,3.24310346,1
1505331589,21092289,226.00,0.88575221,1
1505331589,21092287,226.00,0.66799104,1
1505331587,21092279,226.01,1.20914000,1
1505331454,21092189,226.68,1.88745225,0
1505331453,21092188,226.45,0.00173563,0
1505331452,21092187,226.45,1.20508437,0
1505331333,21092103,226.01,4.20000000,1
1505331322,21092062,226.00,8.28166507,1
1505331259,21091993,226.49,1.35565121,0
1505331250,21091984,226.00,5.81517702,1
1505331250,21091983,226.02,3.07582298,1
1505331249,21091982,226.03,4.42000000,0
1505331249,21091981,226.03,5.35000000,1
1505331129,21091850,226.52,0.08807169,0
1505331127,21091846,226.63,0.00000389,1
1505331082,21091774,226.63,0.24000000,1
1505331075,21091769,226.63,1.25587429,1
1505331075,21091768,226.65,0.24000000,1
1505331065,21091748,226.65,0.96000000,1
1505331031,21091682,227.01,0.37800103,1
1505331029,21091678,226.92,1.14329897,0
1505330993,21091664,226.90,2.99729088,0
1505330992,21091663,226.90,4.42000000,0
1505330991,21091661,226.90,1.20682000,1
1505330881,21091584,227.87,1.09435204,0
1505330876,21091574,226.82,0.25000000,1
1505330868,21091568,227.89,0.02185265,0
1505330705,21091505,227.87,0.04375302,0
1505330657,21091447,228.31,0.93752040,1
1505330656,21091445,227.44,0.67383083,1
1505330655,21091444,227.44,0.53000000,0
1505330651,21091440,226.66,0.49163874,1
1505330618,21091431,227.43,0.87675113,0
1505330537,21091379,227.38,0.50126000,1
1505330535,21091376,226.84,0.50000000,0
1505330477,21091336,226.83,4.01310000,0
1505330425,21091308,226.46,0.00252182,0
1505330421,21091303,226.46,1.19747818,0
1505330404,21091289,226.82,0.00914362,0
1505330403,21091288,226.47,1.49590776,0
1505330402,21091287,226.04,0.03096797,1
1505330392,21091274,226.55,0.03079224,1
1505330385,21091262,226.57,6.97572490,1
1505330371,21091242,227.33,0.22600000,0
1505330361,21091232,226.91,0.96000000,0
1505330352,21091230,227.03,0.12000000,1
1505330337,21091223,227.01,0.96000000,1
1505330319,21091218,227.33,0.00530882,1
1505330267,21091200,227.33,0.03079224,1
1505330266,21091197,227.89,0.03059917,0
1505330231,21091164,227.34,0.24000000,1
1505330226,21091162,227.33,0.20000000,1
1505330209,21091156,227.33,0.30000000,1
1505330205,21091155,227.57,4.02000000,0
1505330201,21091151,227.00,5.40773722,0
1505330201,21091150,226.98,0.74046172,0
1505330200,21091149,226.98,0.53612653,0
1505330181,21091141,226.98,2.03731606,0
1505330180,21091139,226.97,0.81425986,0
1505330169,21091137,226.02,0.81425986,0
1505330168,21091136,226.42,2.50000000,1
1505330168,21091135,226.67,0.53613150,1
1505330166,21091134,226.97,0.00004310,1
1505330124,21091094,226.98,0.18609569,0
1505330107,21091090,226.97,1.20585690,1
1505330069,21091071,226.68,4.31015000,1
1505330069,21091070,226.84,0.10985000,1
1505330063,21091065,227.00,0.59226278,0
1505330020,21091041,227.20,0.10968310,0
1505330003,21091029,227.32,0.45809883,1
1505330001,21091028,227.32,0.50000000,1
1505329993,21091024,227.32,0.24808636,1
1505329993,21091023,227.37,0.95809883,1
1505329993,21091021,227.37,0.24759117,1
1505329992,21091020,227.82,2.61214994,0
1505329990,21091019,227.60,0.55000000,0
1505329961,21091003,227.82,0.46000000,0
1505329960,21091002,227.82,0.54000000,0
1505329881,21090980,227.99,0.21477964,0
1505329870,21090977,228.03,2.48552916,0
1505329869,21090976,228.01,4.42000000,0
1505329869,21090975,228.00,6.09447084,0
1505329760,21090925,228.22,1.00126000,0
1505329745,21090919,227.27,0.00001481,0
1505329744,21090918,227.27,1.20620000,0
1505329616,21090833,227.03,2.62132474,1
1505329616,21090832,227.04,1.73867526,1
1505329599,21090827,227.04,4.00000000,1
1505329590,21090819,227.02,2.68000000,1
1505329536,21090791,228.54,4.00126000,0
1505329506,21090773,228.50,0.41690050,0
1505329494,21090769,227.54,2.64000000,0
1505329494,21090768,227.67,1.32000000,1
1505329480,21090759,228.67,1.30931036,0
1505329467,21090747,227.59,0.71459394,1
1505329467,21090746,227.59,0.04410000,1
1505329458,21090742,227.58,2.56871564,1
1505329407,21090716,228.75,0.04388519,0
1505329366,21090656,229.03,0.42520384,0
1505329189,21090579,227.93,0.99170428,0
1505329189,21090578,227.94,4.11000000,1
1505329188,21090577,228.84,4.92900792,1
1505329188,21090576,228.84,0.61709780,1
1505329187,21090575,228.84,4.84723477,0
1505329185,21090574,228.64,2.08008782,1
1505329185,21090573,228.64,1.87000000,1
1505329138,21090530,229.00,1.88000000,0
1505329137,21090529,228.63,1.87400000,1
1505329137,21090528,228.63,0.04600000,1
1505329127,21090526,228.63,0.92000000,1
1505329090,21090511,228.62,0.12000000,1
1505329081,21090509,228.61,0.20000000,1
1505329072,21090496,228.60,0.04000000,1
1505329064,21090493,228.61,0.04000000,1
1505329055,21090487,228.60,1.20550000,1
1505329053,21090485,228.60,0.04000000,1
1505329052,21090484,229.07,0.28165500,0
1505329044,21090480,228.60,0.04000000,1
1505329044,21090479,228.47,0.75000000,0
1505329043,21090477,228.60,0.69000000,1
1505329036,21090474,228.59,0.67000000,0
1505329035,21090473,228.47,1.36000000,1
1505329032,21090471,228.47,1.60720173,1
1505329021,21090465,228.00,0.06509990,1
1505329017,21090461,228.48,1.20550000,0
1505329010,21090450,229.55,0.49698793,1
1505329010,21090449,229.55,1.20050000,1
1505329008,21090448,229.32,0.50000000,0
1505329008,21090447,229.18,0.21600000,0
1505329008,21090446,229.18,0.58651207,0
1505329008,21090445,229.18,3.00000000,0
1505329007,21090444,228.59,4.24725000,1
1505329004,21090436,228.60,1.44000000,1
1505328924,21090385,229.73,0.08684107,0
1505328917,21090373,228.64,1.72317818,1
1505328917,21090372,228.76,0.21600000,1
1505328917,21090371,228.76,1.70082182,1
1505328894,21090324,228.73,0.84000000,1
1505328841,21090299,228.71,1.86333389,1
1505328840,21090298,228.72,7.09573084,0
1505328840,21090297,229.27,1.20050000,1
1505328840,21090296,229.39,6.12000000,1
1505328839,21090294,230.01,1.84000000,1
1505328835,21090289,230.39,0.84422743,0
1505328833,21090288,230.00,1.00000000,1
1505328831,21090287,230.01,3.47000000,1
1505328829,21090286,230.01,7.96000000,1
1505328789,21090275,230.40,0.00247395,0
1505328787,21090274,230.39,0.21400000,0
1505328736,21090263,230.40,0.10712308,0
1505328735,21090262,230.15,0.22000000,0
1505328735,21090261,230.02,1.19657693,1
1505328735,21090260,230.02,0.33200000,0
1505328734,21090258,230.01,0.21420723,1
1505328734,21090257,230.01,1.95447276,0
1505328696,21090239,230.10,0.51156019,0
1505328616,21090157,229.52,2.46110829,1
1505328606,21090154,229.50,0.04000000,1
1505328597,21090144,229.61,2.28000000,1
1505328590,21090142,229.62,3.64000000,1
1505328576,21090136,229.76,0.08278203,1
1505328576,21090135,229.80,0.03346616,1
1505328568,21090124,229.80,0.40034585,1
1505328567,21090123,229.80,0.43965415,1
1505328552,21090111,230.00,3.78934391,1
1505328537,21090104,230.00,0.56065609,1
1505328536,21090103,230.05,0.22000000,1
1505328536,21090102,230.06,0.01934391,1
1505328529,21090101,230.06,0.80000000,1
1505328520,21090097,230.06,0.02364609,1
1505328520,21090096,230.10,0.01635391,1
1505328502,21090087,230.25,0.00195028,1
1505328500,21090086,230.49,0.84069307,0
1505328482,21090080,230.50,1.03861171,0
1505328481,21090068,230.25,0.49790000,1
1505328466,21090051,230.10,0.88000000,1
1505328457,21090046,230.10,2.10364609,1
1505328457,21090045,230.11,0.89635391,1
1505328430,21090033,230.62,0.28813632,0
1505328428,21090032,230.13,0.08000000,0
1505328417,21090027,230.25,0.32000000,1
1505328404,21090011,230.25,1.54800000,1
1505328404,21090010,230.26,0.33200000,1
1505328395,21090008,230.13,1.63172000,0
1505328392,21090006,230.13,0.86228000,0
1505328392,21090005,230.12,0.33200000,0
1505328390,21090004,230.13,0.21400000,0
1505328389,21090003,230.25,0.33200000,1
1505328377,21089996,231.32,0.20829486,0
1505328377,21089995,231.32,0.71000000,0
1505328376,21089992,231.04,1.50868242,0
1505328376,21089991,230.91,0.35162272,0
1505328376,21089990,230.90,0.22014972,0
1505328374,21089988,230.70,0.01985028,0
1505328356,21089982,230.20,0.12000000,1
1505328343,21089978,230.18,0.10014972,1
1505328343,21089977,230.25,0.01985028,1
1505328337,21089976,230.91,0.16837728,1
1505328335,21089975,230.70,0.26383182,0
1505328328,21089974,230.70,0.21616818,0
1505328319,21089964,230.25,0.48000000,1
1505328319,21089962,231.30,0.00013684,0
1505328319,21089961,231.29,0.71127157,1
1505328317,21089959,231.29,0.28985159,0
1505328316,21089957,231.29,0.71274256,1
1505328316,21089956,231.29,0.29000000,0
1505328294,21089949,231.34,0.41795625,0
1505328294,21089948,231.26,4.42000000,0
1505328294,21089947,231.25,1.77000000,0
1505328293,21089945,231.00,0.43159965,0
1505328293,21089944,230.99,0.35000000,0
1505328293,21089943,230.75,13.73149955,0
1505328291,21089942,230.74,0.48000000,0
1505328268,21089937,230.26,0.48000000,1
1505328196,21089895,230.75,0.72986319,0
1505328171,21089881,230.88,0.63725744,0
1505328169,21089878,230.57,0.36000000,0
1505328157,21089876,230.72,0.37933425,0
1505328155,21089874,230.69,0.04000000,0
1505328044,21089824,230.72,0.43193400,0
1505328042,21089822,230.73,4.50971200,0
1505328013,21089794,230.78,0.86445966,0
1505328011,21089793,230.79,2.50000000,0
1505327924,21089755,230.00,0.04000000,1
1505327884,21089686,230.91,0.36999500,0
1505327858,21089681,230.93,0.63115260,0
1505327858,21089680,230.91,0.11720595,0
1505327853,21089678,230.91,0.26279405,0
1505327850,21089675,230.95,0.22662914,0
1505327849,21089669,230.95,0.11804138,0
1505327848,21089668,230.94,0.21400000,0
1505327848,21089667,230.92,0.30251148,0
1505327847,21089664,230.92,0.88661852,0
1505327841,21089655,229.02,2.98799954,0
1505327841,21089653,229.42,0.10657706,1
1505327840,21089652,229.59,7.78000000,0
1505327840,21089650,229.59,0.21400000,0
1505327840,21089649,229.59,4.45295721,0
1505327840,21089647,229.72,1.18913000,1
1505327839,21089645,229.76,0.98493237,0
1505327839,21089643,229.76,4.42000000,0
1505327838,21089641,229.80,2.76440382,0
1505327837,21089638,230.95,1.91759000,0
1505327837,21089637,230.94,0.78000000,0
1505327836,21089635,230.93,0.19696800,0
1505327801,21089616,230.87,0.00303200,0
1505327799,21089614,230.86,0.21300000,0
1505327796,21089606,230.22,0.25958014,0
1505327771,21089571,230.20,0.07119896,1
1505327771,21089569,230.20,1.10388866,1
1505327771,21089567,230.21,0.98000771,0
1505327766,21089555,230.21,0.26088000,0
1505327764,21089546,230.20,0.08275561,1
1505327762,21089542,230.20,0.92578100,0
1505327762,21089540,230.20,0.26087900,0
1505327750,21089522,230.21,1.26071847,0
1505327726,21089482,230.00,1.14751165,0
1505327724,21089479,229.99,1.49960000,0
1505327699,21089443,230.00,1.87781918,0
1505327687,21089417,229.98,1.49960000,0
1505327636,21089379,229.08,2.76000000,1
1505327610,21089359,229.05,0.69443041,1
1505327582,21089340,229.65,4.35000000,0
1505327550,21089316,229.05,0.21907000,1
1505327540,21089313,229.05,1.03868400,1
1505327506,21089269,229.05,1.89825005,1
1505327506,21089268,229.06,7.09569495,1
1505327491,21089259,229.96,0.99765177,0
1505327472,21089249,229.39,4.99343400,1
1505327447,21089228,230.20,2.01368375,0
1505327445,21089226,229.99,0.50000000,0
1505327365,21089130,229.23,0.21962728,1
1505327354,21089104,230.04,5.07980600,1
1505327353,21089102,230.22,0.06101501,1
1505327353,21089100,230.22,0.20000000,1
1505327336,21089088,230.22,0.89898499,1
1505327336,21089087,230.23,0.21300000,1
1505327308,21089052,230.24,0.04000000,1
1505327303,21089046,230.94,0.30722247,0
1505327303,21089045,230.93,0.24789145,0
1505327302,21089042,230.93,0.02210855,0
1505327301,21089041,230.68,3.67152055,0
1505327299,21089040,230.23,0.76000000,1
1505327298,21089039,230.30,0.24000000,1
1505327291,21089038,230.30,3.76000000,1
1505327258,21089021,230.14,0.15885982,0
1505327246,21089003,230.27,0.20000000,1
1505327239,21088991,230.95,0.43191167,0
1505327233,21088980,230.26,0.04000000,1
1505327226,21088973,230.23,0.88847945,1
1505327226,21088972,230.24,3.67152055,1
1505327217,21088963,230.18,4.48000000,1
1505327200,21088905,230.94,0.49856156,1
1505327199,21088904,230.94,0.10000000,1
1505327198,21088902,230.94,0.50632195,1
1505327193,21088897,230.94,0.34000000,1
1505327192,21088896,230.94,1.70000000,1
1505327190,21088892,230.94,0.04000000,1
1505327180,21088886,230.94,0.04000000,1
1505327171,21088881,230.94,0.04000000,1
1505327163,21088874,230.94,0.04000000,1
1505327162,21088873,230.94,0.20253400,1
1505327154,21088866,230.94,0.04000000,1
1505327153,21088864,230.94,0.42000000,1
1505327152,21088863,230.94,2.09000000,1
1505327147,21088857,230.94,0.42525781,1
1505327145,21088854,230.94,0.04000000,1
1505327142,21088850,230.94,0.42504075,1
1505327136,21088844,230.94,0.04000000,1
1505327135,21088842,230.94,0.42480822,1
1505327128,21088832,230.93,0.20857300,1
1505327127,21088826,230.93,0.04000000,1
1505327125,21088821,230.93,0.42403480,1
1505327124,21088814,230.93,0.57408557,1
1505327122,21088805,230.93,0.40000000,1
1505327120,21088793,230.93,0.04000000,1
1505327114,21088776,230.93,0.43000000,1
1505327110,21088773,230.92,0.45000000,0
1505327090,21088708,230.93,0.81213700,0
1505327090,21088705,230.91,0.40000000,0
1505327055,21088661,230.75,0.00017987,1
1505327048,21088649,230.75,0.35967702,1
1505327044,21088637,230.75,1.55009213,1
1505327043,21088633,230.75,0.04000000,1
1505327043,21088631,230.75,1.55005098,0
1505327040,21088627,230.94,0.97425965,0
1505327040,21088626,230.86,3.02700000,0
1505327040,21088625,230.37,0.00000035,0
1505327038,21088619,230.37,0.92778900,0
1505327038,21088618,230.36,0.44000000,0
1505327037,21088617,230.18,0.21300000,0
1505327031,21088605,229.30,3.02700000,1
1505327031,21088603,229.41,0.21300000,1
1505327028,21088591,230.37,0.07221065,1
1505327027,21088587,230.37,0.92778935,1
1505327003,21088539,229.88,0.50000000,0
1505326986,21088529,229.67,0.50000000,0
1505326807,21088276,229.20,0.43520942,0
1505326772,21088255,228.80,0.18559775,1
1505326771,21088254,228.80,0.24600190,0
1505326698,21088154,228.88,0.21787396,1
1505326694,21088152,228.90,0.87155963,0
1505326642,21088097,229.00,0.10890830,0
1505326584,21088054,228.37,0.25861540,0
1505326582,21088051,227.57,1.92772422,0
1505326581,21088050,227.56,0.87669186,0
1505326570,21088040,227.57,1.57867808,0
1505326560,21088027,227.57,0.85971863,0
1505326558,21088017,227.57,4.39419582,0
1505326549,21088006,227.56,1.13980000,0
1505326503,21087909,227.57,1.51540000,0
1505326480,21087899,227.67,0.21908903,1
1505326417,21087844,226.85,1.52000000,0
1505326407,21087835,226.86,1.98508500,0
1505326381,21087777,226.87,1.08035312,0
1505326381,21087776,226.87,0.43954688,0
1505326377,21087767,226.87,0.43967911,0
1505326349,21087727,227.05,1.00000000,0
1505326297,21087654,226.22,13.04086293,1
1505326297,21087653,226.23,11.40000000,1
1505326294,21087651,226.24,6.08000000,1
1505326293,21087649,226.23,6.07500165,0
1505326291,21087648,226.22,0.01952366,0
1505326288,21087643,226.22,4.42047634,0
1505326288,21087642,226.22,6.65887266,0
1505326288,21087640,226.22,2.39373241,0
1505326287,21087637,226.22,0.85739493,0
1505326287,21087635,226.19,1.00000000,0
1505326287,21087633,226.18,6.45963607,0
1505326255,21087590,226.22,1.48109771,0
1505326255,21087589,226.20,0.04320229,0
1505326246,21087579,226.23,0.22525748,1
1505326245,21087578,226.23,0.00000031,1
1505326218,21087543,226.92,0.63609465,0
1505326177,21087495,226.23,0.99999969,1
1505326177,21087494,226.26,0.85741431,1
1505326131,21087425,227.00,0.00000012,1
1505326130,21087423,227.00,4.39427300,1
1505326121,21087421,227.11,30.00000000,1
1505326106,21087414,227.11,4.42000000,1
1505326100,21087388,227.11,4.42000000,1
1505326088,21087358,227.11,0.30000000,1
1505326088,21087355,227.11,4.12000000,1
1505326087,21087350,227.12,0.29900003,1
1505326087,21087346,227.12,0.30000000,0
1505326087,21087345,227.12,3.82049997,0
1505326086,21087342,227.12,0.29950000,0
1505326085,21087340,227.12,0.00000003,0
1505326085,21087339,227.12,0.29949997,0
1505326083,21087330,227.12,1.90050003,1
1505326083,21087329,227.12,2.22000000,1
1505326050,21087302,227.12,1.24646736,1
1505326050,21087301,227.14,1.03000000,1
1505326049,21087300,227.63,14.46136274,1
1505326049,21087296,227.64,4.47027000,1
1505326047,21087295,227.66,0.79189990,1
1505326024,21087258,228.70,2.06938909,0
1505326022,21087250,228.71,0.92185839,0
1505326019,21087248,228.69,0.79189990,0
1505326017,21087246,228.70,1.28374390,0
1505326008,21087231,227.11,27.40939365,0
1505326006,21087223,227.17,1.70194998,1
1505326006,21087222,227.18,0.88865637,1
1505325963,21087176,229.36,0.88865637,0
1505325886,21087091,227.20,0.44000000,1
1505325885,21087090,227.20,0.56000000,1
1505325841,21087047,230.98,0.15158219,0
1505325840,21087044,230.97,0.55050057,0
1505325839,21087041,229.21,0.68000000,0
1505325839,21087039,229.21,0.16967781,0
1505325834,21087037,229.21,1.09886964,0
1505325834,21087036,229.21,1.72220431,0
1505325833,21087035,229.22,0.42924824,1
1505325831,21087030,231.00,1.41750253,0
1505325831,21087029,230.90,0.84000000,0
1505325831,21087028,230.90,4.22000000,0
1505325830,21087027,226.24,30.50085146,1
1505325830,21087026,226.24,0.52000000,0
1505325830,21087025,226.24,49.93400000,0
1505325829,21087024,226.30,72.33900000,1
1505325829,21087023,226.30,1.61779639,0
1505325829,21087021,226.30,0.58763143,0
1505325829,21087017,226.31,3.50000000,0
1505325828,21087016,226.56,0.06422140,1
1505325828,21087015,226.56,0.35868200,1
1505325828,21087012,227.37,0.51000000,1
1505325828,21087010,228.28,0.79600000,1
1505325827,21087008,229.08,0.50607976,1
1505325827,21087007,229.21,0.17700000,1
1505325827,21087006,229.21,0.14300672,0
1505325825,21087002,229.22,7.09573084,1
1505325651,21086718,231.35,3.26801168,0
1505325651,21086717,231.30,0.38465867,0
1505325645,21086712,231.34,0.13534133,1
1505325643,21086709,231.34,0.83517864,0
1505325641,21086706,231.35,0.98000000,0
1505325629,21086686,231.36,0.02161134,0
1505325624,21086674,231.37,0.68308540,0
1505325624,21086673,231.36,1.00000000,0
1505325622,21086672,231.37,0.32691460,0
1505325617,21086663,231.39,0.19221552,0
1505325616,21086660,230.01,1.00000000,1
1505325614,21086657,230.00,3.00839169,1
1505325611,21086651,229.99,3.44163000,0
1505325611,21086649,225.01,0.94019747,1
1505325611,21086648,225.01,4.77354270,1
1505325611,21086647,225.01,21.54403000,1
1505325610,21086646,225.01,21.54260500,1
1505325610,21086644,225.01,0.33857100,0
1505325610,21086642,225.48,4.50000000,1
1505325609,21086641,225.56,72.19029522,1
1505325609,21086639,225.56,0.60000000,1
1505325609,21086636,225.56,0.29261484,1
1505325609,21086634,225.56,1.00000000,1
1505325609,21086632,225.56,0.66408994,1
1505325609,21086629,225.56,0.16752361,0
1505325608,21086627,225.56,0.16838645,0
1505325608,21086626,225.56,0.67552451,0
1505325608,21086624,225.56,0.99727319,0
1505325608,21086623,225.56,0.99720230,0
1505325607,21086617,225.57,0.21000000,1
1505325607,21086614,226.56,0.52000000,0
1505325606,21086613,226.56,0.03129612,0
1505325606,21086609,226.56,0.15608904,0
1505325602,21086598,231.40,0.02597515,0
1505325600,21086593,225.56,3.81307404,0
1505325600,21086592,225.56,5.07495800,0
1505325600,21086590,225.56,14.92451100,0
1505325599,21086589,229.11,0.53000000,1
1505325599,21086588,229.11,0.33398500,0
1505325598,21086587,230.00,8.38100000,1
1505325598,21086584,230.01,6.99000000,0
1505325598,21086583,230.01,8.42124700,0
1505325597,21086580,230.10,2.17292481,1
1505325597,21086578,230.11,25.41928633,0
1505325597,21086577,230.11,0.90571367,0
1505325597,21086576,230.11,0.09428633,0
1505325595,21086571,230.15,0.03124729,0
1505325595,21086569,230.95,0.99977898,1
1505325595,21086568,230.99,3.36689291,1
1505325594,21086566,230.11,3.00839169,1
1505325593,21086565,230.68,3.00000000,1
1505325593,21086564,230.98,0.86754734,1
1505325591,21086563,230.99,0.12406097,1
1505325587,21086559,230.99,1.00000000,1
1505325585,21086556,230.99,0.03130291,1
1505325569,21086545,230.99,0.03129612,1
1505325509,21086503,230.98,5.90000000,1
1505325508,21086501,231.51,4.39221950,1
1505325508,21086499,231.40,2.77562429,0
1505325507,21086497,231.38,0.03124729,1
1505325506,21086495,231.38,1.18465755,0
1505325500,21086487,230.98,4.46585266,1
1505325499,21086486,230.99,6.29197600,1
1505325499,21086485,230.99,1.28817134,1
1505325461,21086467,230.99,9.94522866,1
1505325461,21086466,230.99,11.23340000,1
1505325460,21086465,230.99,4.30340359,1
1505325460,21086464,231.00,1.12000000,1
1505325460,21086463,231.00,6.57924200,1
1505325460,21086462,231.01,2.40472575,1
1505325446,21086448,231.40,1.83039593,0
1505325446,21086447,231.39,4.24460572,0
1505325426,21086427,231.01,1.00000000,1
1505325420,21086421,231.01,3.21414300,1
1505325419,21086412,231.01,0.75193300,1
1505325404,21086404,231.52,2.85101552,0
1505325394,21086399,231.32,0.49000000,0
1505325394,21086398,231.23,0.50000000,0
1505325392,21086397,231.01,4.00000000,1
1505325381,21086382,231.01,0.03136525,1
1505325377,21086368,231.22,0.20500000,0
1505325377,21086367,231.08,0.00604915,0
1505325376,21086363,231.05,0.20126000,0
1505325376,21086362,231.01,3.00000000,1
1505325368,21086346,231.01,0.27524600,1
1505325295,21086261,231.08,0.75220152,0
1505325295,21086260,231.08,1.39832334,0
1505325260,21086206,231.08,1.00415000,0
1505325242,21086188,231.01,1.10000000,1
1505325236,21086178,231.01,2.38598700,1
1505325234,21086176,231.02,6.51401300,1
1505325171,21086150,231.02,0.48547100,1
1505325133,21086120,231.02,4.98892135,1
1505325132,21086119,231.02,2.40252165,1
1505325132,21086118,231.03,0.00004989,1
1505325132,21086116,231.03,4.99597455,1
1505325121,21086099,231.03,8.92234775,1
1505325120,21086096,231.03,4.24502781,1
1505325119,21086094,231.04,0.00013516,1
1505325119,21086092,231.04,4.67274066,1
1505325118,21086089,231.04,2.26289820,1
1505325117,21086087,231.05,5.65023235,1
1505325113,21086079,231.16,0.12762810,0
1505325113,21086075,231.17,0.79119263,1
1505325113,21086073,231.17,0.20988883,0
1505325110,21086072,231.17,0.03162175,0
1505325109,21086070,231.05,0.75835965,1
1505325109,21086069,231.05,0.24164035,0
1505325108,21086067,231.05,0.99999500,1
1505325101,21086055,231.04,6.93708700,1
1505325098,21086033,231.04,4.29053898,1
1505325098,21086028,231.40,1.00000000,1
1505325097,21086023,231.40,5.93577423,1
1505325097,21086017,231.41,6.93708679,1
1505325081,21085982,231.42,2.75797252,1
1505325079,21085981,231.85,2.75808212,0
1505325029,21085924,231.41,0.26754900,1
1505325024,21085920,231.41,0.49670221,1
1505325016,21085913,231.41,5.65224520,1
1505325015,21085911,231.43,0.52551000,1
1505325015,21085908,231.44,0.20500000,1
1505325014,21085902,231.45,0.74013915,1
1505324987,21085890,231.63,0.50426000,0
1505324965,21085873,231.45,4.64463755,1
1505324937,21085842,231.99,0.52424018,1
1505324937,21085840,231.89,0.47700548,0
1505324936,21085839,231.60,0.00001434,0
1505324919,21085819,231.41,2.98791643,1
1505324884,21085769,231.40,0.43449213,1
1505324884,21085767,231.40,0.43141664,1
1505324882,21085763,231.40,2.93751700,1
1505324882,21085762,231.40,3.13080000,1
1505324881,21085761,231.40,5.47955700,1
1505324881,21085759,231.41,1.19653300,1
1505324881,21085756,231.41,5.76346700,1
1505324881,21085755,231.42,5.91000000,1
1505324850,21085725,231.60,0.49609961,1
1505324844,21085719,231.89,0.04299452,0
1505324835,21085709,231.87,4.17911172,0
1505324830,21085699,231.42,0.72845908,1
1505324829,21085698,231.42,3.86500762,1
1505324818,21085688,231.49,0.04740011,1
1505324818,21085685,231.49,0.81511077,1
1505324818,21085684,231.49,0.21642400,1
1505324786,21085658,231.42,1.01161600,1
1505324786,21085657,231.42,0.03642000,1
1505324784,21085649,231.77,0.94019747,0
1505324779,21085636,232.08,0.51126000,0
1505324779,21085633,231.79,0.49000000,0
1505324773,21085627,231.77,0.03637227,0
1505324730,21085539,231.40,1.12884300,1
1505324730,21085538,231.40,8.22060500,1
1505324730,21085537,231.40,1.51859500,1
1505324730,21085536,231.40,9.73920000,1
1505324730,21085535,231.41,7.39000000,1
1505324730,21085534,231.44,9.73920000,1
1505324730,21085533,231.45,2.20570000,1
1505324730,21085532,231.45,7.53350000,1
1505324729,21085531,231.45,4.62851900,1
1505324729,21085527,231.45,4.11068100,1
1505324729,21085525,231.46,5.83240900,1
1505324716,21085513,232.10,1.67226000,1
1505324716,21085510,232.11,0.79626000,0
1505324715,21085508,232.10,0.32900000,0
1505324714,21085503,232.09,0.20500000,0
1505324712,21085492,232.01,3.87108314,0
1505324710,21085491,231.49,0.22970977,0
1505324710,21085490,231.49,0.20000000,0
1505324705,21085487,231.45,0.50000000,1
1505324704,21085486,231.47,0.50000000,1
1505324703,21085483,231.45,0.50000000,1
1505324703,21085482,231.45,9.73920000,1
1505324703,21085481,231.46,9.73920000,1
1505324703,21085480,231.47,9.65533300,1
1505324666,21085453,231.71,7.17573000,1
1505324650,21085443,231.71,3.00000000,1
1505324627,21085430,231.76,0.50000000,1
1505324624,21085429,231.71,0.80000000,1
1505324623,21085427,231.74,2.16000000,1
1505324622,21085426,231.73,0.82112800,0
1505324602,21085415,231.71,1.00128700,1
1505324544,21085364,231.71,10.46934700,1
1505324494,21085342,231.73,0.03214000,1
1505324440,21085259,231.63,7.64000000,1
1505324431,21085237,231.65,7.72000000,1
1505324421,21085233,231.69,3.64000000,1
1505324405,21085215,231.66,7.92000000,1
1505324390,21085160,231.74,3.44000000,1
1505324383,21085145,231.53,8.12000000,0
1505324370,21085127,232.51,0.67130215,1
1505324370,21085126,232.51,0.20500000,1
1505324369,21085125,232.51,0.20708783,0
1505324369,21085124,232.50,0.09995002,0
1505324367,21085121,232.44,0.20500000,1
1505324365,21085115,232.44,4.14760000,1
1505324364,21085114,232.45,0.20500000,1
1505324364,21085111,232.45,0.32900000,1
1505324363,21085107,232.50,0.10000000,1
1505324361,21085094,232.51,4.98660000,1
1505324359,21085088,232.68,0.05032332,1
1505324355,21085085,232.68,0.32000000,1
1505324334,21085066,232.68,0.37968191,1
1505324322,21085050,232.83,0.03936323,1
1505324316,21085035,232.83,0.48000000,1
1505324307,21085026,232.83,0.48063677,1
1505324307,21085025,232.83,1.00000000,1
1505324307,21085024,232.84,1.86000000,1
1505324307,21085023,232.84,1.00000000,1
1505324307,21085022,232.84,0.57936323,1
1505324298,21085017,232.87,3.00126000,0
1505324297,21085016,232.84,0.42063677,1
1505324297,21085015,232.84,1.86000000,1
1505324296,21085011,232.85,1.71936323,1
1505324295,21085009,232.85,5.00000000,1
1505324291,21085006,232.85,0.30951252,1
1505324287,21084994,232.85,0.16063800,1
1505324286,21084989,232.85,0.40000000,1
1505324286,21084985,232.85,3.42838600,1
1505324285,21084983,232.85,0.15955286,1
1505324285,21084982,232.85,0.42953239,1
1505324285,21084981,232.85,0.35746761,1
1505324284,21084978,232.85,0.64837683,1
1505324283,21084975,232.85,0.78069319,1
1505324281,21084967,232.85,0.07346237,1
1505324280,21084965,232.85,0.39670046,1
1505324280,21084963,232.85,0.12000000,1
1505324276,21084953,232.85,0.39257029,1
1505324275,21084952,232.85,0.23150789,1
1505324272,21084942,232.85,0.71922136,1
1505324272,21084939,232.85,1.84497864,1
1505324271,21084938,232.85,0.01502136,1
1505324271,21084936,232.85,0.00497864,1
1505324271,21084935,232.88,0.10000000,1
1505324270,21084932,232.88,7.63539800,1
1505324269,21084929,232.88,0.91991400,1
1505324269,21084926,232.89,0.01760000,1
1505324262,21084913,232.89,0.45210000,1
1505324262,21084912,232.89,0.46790000,1
1505324230,21084887,232.97,0.28081000,0
1505324230,21084886,232.96,0.59000000,0
1505324174,21084801,232.97,3.54699755,0
1505324172,21084799,232.96,0.69000000,0
1505324154,21084786,232.89,0.00180000,1
1505324154,21084785,232.90,0.10000000,1
1505324154,21084784,232.90,0.46970000,1
1505324154,21084783,232.90,0.46970000,1
1505324153,21084782,232.90,0.46970000,1
1505324153,21084781,232.90,0.04910000,1
1505324140,21084771,232.90,0.42060000,1
1505324140,21084770,232.91,0.01940000,1
1505324131,21084764,232.91,0.44000000,1
1505324122,21084752,232.91,0.01030000,1
1505324122,21084751,232.92,0.46970000,1
1505324114,21084746,232.87,0.46992188,1
1505324114,21084745,232.87,1.43090000,1
1505324113,21084744,232.89,0.46970000,1
1505324113,21084743,232.90,0.46970000,1
1505324113,21084742,232.91,0.46970000,1
1505324112,21084741,232.90,0.46969312,1
1505324111,21084740,232.87,0.00000688,0
1505324111,21084739,232.87,0.46970000,0
1505324110,21084737,232.86,1.47159200,1
1505324109,21084734,232.86,0.62451388,1
1505324106,21084722,232.86,0.08000000,1
1505324105,21084715,232.87,1.43009080,1
1505324104,21084711,232.87,0.42990920,1
1505324104,21084710,232.87,1.00001468,1
1505324103,21084704,232.87,0.85998532,1
1505324102,21084702,232.85,0.99074949,1
1505324100,21084701,232.84,0.85997187,0
1505324100,21084700,232.75,1.00000000,0
1505324097,21084691,232.81,0.14000000,1
1505324097,21084690,232.84,0.86000000,1
1505324093,21084689,232.82,0.14000000,1
1505324093,21084688,232.82,0.00001464,1
1505324093,21084687,232.82,0.13998536,1
1505324093,21084685,232.82,0.14000000,1
1505324093,21084683,232.82,0.14000000,1
1505324092,21084682,232.82,0.14000000,1
1505324092,21084680,232.82,0.14000000,1
1505324092,21084678,232.82,0.14000000,1
1505324092,21084677,232.82,0.02000000,1
1505324086,21084669,232.82,0.12000000,1
1505324086,21084668,232.82,0.12000000,1
1505324079,21084667,232.82,0.02000000,1
1505324079,21084666,232.83,0.14000000,1
1505324079,21084665,232.83,0.12000000,1
1505324069,21084658,232.83,0.02000000,1
1505324068,21084656,232.84,0.14000000,1
1505324063,21084653,232.79,0.14000000,0
1505324061,21084652,232.90,0.10000000,1
1505324052,21084644,232.97,3.00000000,0
1505324045,21084640,232.97,1.56669000,0
1505324014,21084607,232.82,0.10435050,0
1505324012,21084606,232.94,0.01564950,1
1505324003,21084595,232.94,0.41257235,1
1505324003,21084594,232.94,0.70742765,1
1505324000,21084583,232.97,0.90125746,0
1505323998,21084580,232.95,0.00000254,0
1505323990,21084528,232.95,4.47505000,0
1505323971,21084494,232.95,0.12853000,0
1505323970,21084487,232.95,2.85000000,0
1505323965,21084478,232.95,0.14263846,0
1505323955,21084471,232.95,0.14263846,0
1505323952,21084466,232.95,4.42000000,0
1505323945,21084454,232.95,0.14263846,0
1505323938,21084448,232.95,0.17286971,0
1505323937,21084443,232.95,0.55500600,0
1505323935,21084438,232.95,3.35471933,0
1505323935,21084437,232.95,0.17288102,0
1505323928,21084427,232.95,0.08250698,0
1505323926,21084423,232.95,20.00000000,0
1505323923,21084419,232.95,1.16988000,0
1505323919,21084416,232.94,0.11000000,1
1505323913,21084409,232.95,4.42000000,0
1505323910,21084406,232.95,0.73425627,0
1505323905,21084399,232.94,0.16000000,1
1505323900,21084390,232.94,0.02257235,0
1505323893,21084362,232.94,0.12742765,0
1505323892,21084359,232.94,0.16000000,1
1505323891,21084355,232.94,0.04000000,1
1505323888,21084344,232.95,0.02142091,0
1505323882,21084334,232.95,0.04820776,0
1505323880,21084331,232.94,0.38000000,0
1505323878,21084329,232.69,0.55872235,1
1505323877,21084328,232.95,0.46102083,0
1505323877,21084327,232.94,0.07509917,0
1505323873,21084321,232.94,0.36490083,0
1505323869,21084314,232.69,0.04000000,1
1505323855,21084303,232.95,1.47920000,0
1505323854,21084301,232.95,2.15334020,0
1505323854,21084300,232.94,0.13200000,0
1505323853,21084296,232.94,0.39800000,1
1505323850,21084292,232.95,0.47209840,0
1505323849,21084290,232.95,1.45590437,0
1505323848,21084289,232.94,0.04000000,1
1505323846,21084282,232.95,2.58317235,0
1505323846,21084279,232.94,0.00385000,0
1505323845,21084276,232.94,0.76615000,0
1505323822,21084254,232.94,0.33000000,1
1505323819,21084250,232.95,1.47920000,0
1505323816,21084246,232.95,2.71564755,0
1505323815,21084245,232.95,6.25126000,0
1505323814,21084241,232.95,0.47203695,0
1505323814,21084240,232.95,9.74406476,0
1505323814,21084237,232.94,0.34000000,0
1505323812,21084230,232.95,1.66754776,0
1505323811,21084227,232.95,3.51569006,0
1505323810,21084226,232.94,0.00200000,0
1505323810,21084223,232.94,0.39800000,0
1505323799,21084210,232.95,3.05601500,0
1505323795,21084205,232.95,0.66574000,0
1505323795,21084204,232.94,0.58000000,0
1505323786,21084195,232.95,3.30128490,0
1505323786,21084193,232.94,0.58000000,0
1505323784,21084189,232.80,0.11997510,0
1505323779,21084187,232.92,0.00002490,1
1505323771,21084181,232.90,6.27257510,0
1505323769,21084164,232.68,0.04000000,1
1505323750,21084154,232.68,0.04000000,1
1505323737,21084142,232.44,0.04000000,1
1505323729,21084126,232.44,0.04000000,1
1505323729,21084125,232.49,3.86575767,0
1505323726,21084120,232.48,0.10723503,0
1505323721,21084104,232.44,0.04000000,1
1505323706,21084043,232.45,0.04000000,1
1505323701,21084038,232.49,4.18281905,0
1505323698,21084037,232.44,0.04000000,1
1505323696,21084036,232.45,0.40240000,0
1505323689,21084031,232.44,0.04000000,1
1505323677,21084025,232.44,1.18367000,1
1505323666,21084011,232.08,0.00003000,0
1505323666,21084010,232.08,5.73630000,0
1505323664,21084009,232.14,0.12000000,1
1505323664,21084008,232.15,0.04000000,1
1505323664,21084007,232.20,0.58367000,1
1505323655,21084001,232.49,0.10590257,0
1505323633,21083987,232.49,2.51632594,0
1505323633,21083986,232.48,6.15568326,0
1505323633,21083985,232.47,0.03474080,0
1505323624,21083954,232.47,0.29425920,0
1505323603,21083947,232.15,0.08000000,1
1505323603,21083946,232.16,0.12000000,1
1505323603,21083945,232.16,0.12000000,1
1505323603,21083944,232.18,0.12000000,1
1505323603,21083943,232.18,0.12000000,1
1505323590,21083934,232.20,0.56000000,1
1505323587,21083930,232.48,3.48232032,0
1505323585,21083928,232.47,0.60000000,0
1505323582,21083923,232.19,0.04000000,1
1505323573,21083920,232.19,0.24000000,1
1505323561,21083914,232.19,0.36000000,1
1505323550,21083903,232.18,0.12000000,1
1505323542,21083897,231.91,0.12000000,0
1505323528,21083887,231.47,4.87995244,1
1505323528,21083886,232.03,0.00004756,1
1505323526,21083885,231.98,0.44400121,0
1505323526,21083884,231.97,7.43999123,0
1505323526,21083883,231.94,1.18426000,0
1505323526,21083882,231.93,3.14000000,0
1505323519,21083875,231.50,3.04000000,1
1505323477,21083828,231.95,4.14900055,1
1505323475,21083826,231.95,7.44000000,1
1505323466,21083817,231.98,0.08599879,0
1505323465,21083816,231.95,0.03999945,1
1505323465,21083815,231.96,0.00000055,1
1505323464,21083814,231.96,1.84574000,1
1505323462,21083811,231.96,8.76810145,1
1505323451,21083799,231.67,0.32900000,0
1505323451,21083798,231.66,11.30000000,0
1505323445,21083784,231.27,9.73920000,0
1505323442,21083781,231.27,4.42000000,0
1505323441,21083780,231.27,10.35000000,0
1505323440,21083779,231.77,4.42000000,1
1505323440,21083778,231.80,0.32900000,1
1505323420,21083740,231.74,0.47496216,1
1505323403,21083718,231.66,0.95090000,1
1505323402,21083716,232.35,3.98277223,1
1505323398,21083712,232.34,0.36864079,0
1505323394,21083708,232.34,8.93703194,0
1505323333,21083639,231.84,0.70785227,1
1505323317,21083619,231.82,11.23974000,1
1505323317,21083618,231.83,1.18426000,1
1505323309,21083609,232.43,10.19381345,0
1505323281,21083575,232.45,3.00126000,0
1505323271,21083560,231.82,4.65838500,1
1505323240,21083513,232.48,56.04589642,0
1505323240,21083512,232.47,94.56233700,0
1505323240,21083511,232.46,0.65000000,0
1505323238,21083508,231.77,17.38455116,0
1505323232,21083498,231.77,29.53252084,0
1505323232,21083497,231.76,0.47496216,0
1505323224,21083471,231.66,0.60795608,0
1505323218,21083458,231.66,1.21207805,0
1505323173,21083382,231.66,1.03906587,0
1505323173,21083381,231.64,0.14397341,1
1505323171,21083379,231.64,1.18530537,0
1505323147,21083363,231.64,0.10601000,0
1505323147,21083362,231.63,1.18529000,0
1505323139,21083358,231.05,1.85471000,1
1505323137,21083357,231.36,1.14529000,1
1505323123,21083346,231.36,0.04000000,1
1505323117,21083336,231.64,1.56778463,0
1505323111,21083332,231.35,0.00005484,0
1505323111,21083329,231.35,1.56964516,0
1505323111,21083328,231.34,0.00004984,0
1505323101,21083314,231.34,0.62890000,0
1505323095,21083312,231.34,0.04410646,0
1505323089,21083307,231.34,0.89664370,0
1505323089,21083306,231.34,1.43588000,0
1505323088,21083305,231.34,0.13382000,0
1505323075,21083286,230.92,6.93000000,0
1505323070,21083282,230.93,2.03230359,0
1505323058,21083279,230.81,1.97600960,0
1505323058,21083278,230.81,0.08626481,0
1505323056,21083275,230.82,4.33370000,1
1505323055,21083273,230.82,0.00003519,1
1505323054,21083270,230.81,4.33366481,0
1505323052,21083266,230.81,0.08633519,0
1505323052,21083264,230.80,0.14097420,0
1505323043,21083256,230.80,2.13682300,0
1505323009,21083200,230.41,0.23000000,1
1505323008,21083192,230.41,0.23000000,1
1505323007,21083179,230.81,0.23672421,0
1505322998,21083149,230.80,4.42000000,0
1505322903,21082960,230.89,0.16433159,0
1505322892,21082958,230.89,0.28892209,0
1505322888,21082949,230.89,0.42354428,0
1505322813,21082870,230.57,1.16653637,0
1505322813,21082869,230.57,1.38122701,0
1505322811,21082865,230.56,1.39000000,0
1505322811,21082864,230.53,0.28000000,0
1505322807,21082861,230.54,0.19514574,0
1505322807,21082860,230.12,4.50000000,0
1505322797,21082851,230.11,1.65000000,0
1505322797,21082850,230.10,2.51229618,0
1505322796,21082849,230.10,0.21677532,0
1505322686,21082740,230.04,0.03601808,0
1505322678,21082730,229.93,0.38537788,0
1505322664,21082710,229.96,0.20700000,0
1505322664,21082708,229.96,0.33100000,0
1505322653,21082699,229.99,0.34000000,0
1505322653,21082698,229.81,0.13571000,0
1505322640,21082687,229.45,1.19516138,0
1505322621,21082658,229.46,2.94412097,1
1505322618,21082656,229.94,1.20429000,1
1505322616,21082650,229.94,1.34000170,1
1505322614,21082645,229.94,2.49256320,1
1505322599,21082623,230.32,4.42000000,0
1505322595,21082617,229.96,0.42193406,1
1505322588,21082612,229.94,2.72000000,1
1505322587,21082611,229.94,0.66791547,1
1505322587,21082610,229.95,2.72907953,1
1505322563,21082570,229.95,0.27432047,1
1505322561,21082564,229.95,0.99660000,1
1505322542,21082513,229.94,3.55001301,1
1505322542,21082511,229.94,2.70939609,1
1505322539,21082504,229.95,3.00000000,1
1505322526,21082490,229.94,5.73332600,1
1505322526,21082489,229.95,4.76000000,1
1505322526,21082488,229.95,22.79710000,1
1505322526,21082487,229.97,0.39059800,1
1505322526,21082486,229.99,0.47632000,1
1505322526,21082485,230.01,0.20000000,1
1505322525,21082483,230.57,1.94415418,1
1505322525,21082482,230.57,1.50020000,1
1505322523,21082473,230.57,13.58221955,1
1505322521,21082470,230.57,7.09571927,1
1505322516,21082466,230.57,1.00000000,1
1505322512,21082457,230.57,29.91300000,1
1505322511,21082454,230.92,8.42652659,0
1505322488,21082424,231.02,1.19516138,1
1505322483,21082408,231.01,2.07998126,1
1505322481,21082402,231.01,2.34000000,1
1505322481,21082401,231.01,2.08192963,1
1505322473,21082389,230.81,2.33807037,0
1505322470,21082384,230.81,1.49780000,1
1505322469,21082379,231.60,1.03894645,1
1505322469,21082377,231.54,0.53000000,0
1505322468,21082376,231.47,0.76826261,0
1505322468,21082375,231.46,0.42461000,1
1505322466,21082371,231.00,1.54999962,0
1505322461,21082364,230.81,1.34774962,1
1505322461,21082363,230.82,0.42461000,1
1505322461,21082362,231.00,0.00000038,1
1505322460,21082359,231.00,1.54999962,1
1505322454,21082351,231.47,0.42339739,0
1505322449,21082342,230.81,0.55611258,1
1505322433,21082312,230.79,1.49750000,1
1505322397,21082231,230.80,0.10000000,1
1505322378,21082196,231.76,2.85908844,1
1505322377,21082195,231.76,4.16580800,0
1505322358,21082156,230.75,4.86974000,1
1505322355,21082155,230.76,3.95883096,1
1505322352,21082150,231.90,3.67939656,1
1505322352,21082149,231.90,0.50000000,0
1505322349,21082138,230.58,3.52102100,1
1505322349,21082136,230.74,4.42000000,1
1505322345,21082126,230.57,3.24870700,1
1505322345,21082125,230.58,13.67616300,1
1505322344,21082124,230.71,0.57790000,1
1505322344,21082123,230.72,0.57790000,1
1505322344,21082122,230.73,7.84000000,1
1505322344,21082121,230.74,4.42000000,1
1505322334,21082082,231.07,0.33100000,1
1505322334,21082081,231.15,1.87601276,1
1505322333,21082075,231.15,0.12398724,1
1505322333,21082073,231.18,0.20700000,1
1505322333,21082072,231.20,0.20697704,1
1505322332,21082070,231.19,3.32996635,0
1505322327,21082046,232.16,1.28898174,0
1505322322,21082031,232.18,2.69984495,0
1505322317,21082011,232.02,0.33156621,0
1505322315,21082009,232.01,3.64166000,0
1505322315,21082007,231.50,0.35834000,0
1505322314,21082003,231.50,11.29000000,0
1505322314,21081999,231.54,1.19166000,1
1505322313,21081993,232.89,0.05766670,0
1505322312,21081991,232.88,0.80000000,0
1505322311,21081990,232.20,0.07362539,0
1505322311,21081988,232.03,0.29521900,0
1505322309,21081980,232.02,0.06000000,0
1505322303,21081967,232.03,0.21478100,0
1505322285,21081923,232.20,0.40000000,0
1505322282,21081902,232.95,13.52342669,0
1505322282,21081900,232.95,65.26073300,1
1505322281,21081899,232.93,5.68165742,0
1505322281,21081897,232.92,1.00000000,0
1505322281,21081896,232.92,0.18459000,1
1505322279,21081894,232.20,6.18837095,1
1505322278,21081892,232.18,0.18449773,0
1505322277,21081881,231.53,13.24089300,1
1505322277,21081880,231.53,9.33196700,1
1505322276,21081877,232.19,0.05983527,1
1505322276,21081874,231.51,1.77688138,1
1505322276,21081873,231.52,6.18837095,1
1505322276,21081871,232.18,0.18459000,1
1505322273,21081862,232.93,8.98376083,1
1505322272,21081860,232.93,12.78500000,1
1505322271,21081854,232.93,1.34000000,0
1505322271,21081853,232.62,0.50000000,0
1505322271,21081852,232.61,0.90735989,0
1505322255,21081754,232.04,1.00000000,0
1505322226,21081671,232.14,0.15000000,1
1505322218,21081663,231.75,0.15000000,1
1505322218,21081662,232.14,0.05000000,1
1505322217,21081655,231.75,0.32535989,1
1505322216,21081654,232.95,0.07408027,0
1505322216,21081653,232.94,0.14000000,0
1505322215,21081650,232.95,0.92425668,0
1505322214,21081649,232.95,0.19265936,0
1505322214,21081647,232.95,0.77910797,0
1505322214,21081646,232.94,0.14000000,0
1505322213,21081644,232.14,0.00001604,0
1505322208,21081638,232.14,8.30030000,0
1505322204,21081623,232.14,2.01282000,0
1505322189,21081616,232.14,0.17110364,0
1505322183,21081609,232.14,0.81001550,0
1505322167,21081549,232.85,3.79015213,0
1505322166,21081547,232.94,4.04267193,1
1505322166,21081546,232.93,0.16000000,0
1505322164,21081544,232.85,0.08000000,0
1505322133,21081473,231.25,0.32000000,1
1505322118,21081441,232.77,2.14267302,0
1505322112,21081428,232.77,5.76257510,0
1505322112,21081427,232.58,0.51000000,0
1505322086,21081374,232.81,0.63703449,0
1505322086,21081373,232.80,0.20000000,0
1505322079,21081363,232.81,31.34550000,0
1505322079,21081362,232.79,0.23000000,0
1505322079,21081361,232.30,0.50000000,0
1505322044,21081255,232.02,0.57753642,1
1505322037,21081247,231.54,0.26200000,1
1505322035,21081246,232.94,1.55962908,0
1505322035,21081244,232.85,0.28000000,0
1505322034,21081238,231.98,0.52000000,0
1505322034,21081237,231.50,1.94760260,0
1505322034,21081236,231.50,0.05239740,0
1505322033,21081235,231.38,0.12545609,0
1505322033,21081233,231.33,0.40565427,0
1505322025,21081224,231.33,0.59434573,0
1505322023,21081223,231.00,0.40000000,0
1505322023,21081221,231.00,0.50000000,0
1505322023,21081220,231.00,0.50000000,0
1505321980,21081149,229.99,0.18726526,0
1505321980,21081147,229.99,44.25023300,0
1505321978,21081145,229.99,13.19597000,0
1505321978,21081144,229.99,0.25996782,0
1505321976,21081140,229.97,0.39060300,0
1505321959,21081115,229.97,0.44723300,0
1505321953,21081099,229.98,0.16216400,1
1505321953,21081096,229.99,2.53931636,0
1505321948,21081082,229.99,3.61854900,0
1505321946,21081073,229.99,0.92334878,0
1505321936,21081028,229.99,5.04174100,0
1505321935,21081025,229.99,4.71481938,0
1505321935,21081023,229.98,0.16216962,0
1505321926,21081010,229.99,0.67004100,0
1505321926,21081009,229.98,0.39000000,0
1505321925,21081007,229.99,4.50000000,0
1505321925,21081004,229.99,2.16857255,0
1505321915,21080991,229.99,2.22946652,0
1505321914,21080989,229.98,0.47000000,0
1505321909,21080983,229.98,0.86542175,0
1505321908,21080982,229.98,0.32989825,0
1505321904,21080978,229.99,1.30126000,0
1505321904,21080975,229.98,0.12000000,0
1505321904,21080974,229.98,0.58000000,0
1505321901,21080970,229.46,2.37959453,0
1505321901,21080968,229.46,1.19532000,0
1505321900,21080966,229.46,12.27785800,0
1505321900,21080965,229.46,6.94433100,0
1505321897,21080956,229.46,2.24152442,0
1505321886,21080942,229.98,0.84000000,0
1505321885,21080939,229.99,5.00000000,0
1505321877,21080918,229.99,0.21687899,0
1505321876,21080916,229.98,0.21000000,0
1505321875,21080915,229.98,1.04000000,0
1505321872,21080913,229.86,0.16000000,1
1505321864,21080901,229.98,0.26000000,0
1505321864,21080900,229.98,1.28000000,0
1505321856,21080892,229.86,0.24000000,1
1505321854,21080889,229.98,1.53000000,0
1505321843,21080880,229.98,0.38000000,0
1505321843,21080879,229.98,1.49000000,0
1505321842,21080875,229.46,0.16216962,1
1505321841,21080874,229.53,0.64999500,1
1505321841,21080872,229.53,0.38783538,1
1505321835,21080864,229.98,0.40000000,0
1505321827,21080836,229.99,6.94000000,0
1505321827,21080835,229.98,2.55000000,0
1505321827,21080833,229.97,0.51000000,0
1505321799,21080797,229.99,2.24257034,0
1505321799,21080795,229.94,9.93649781,0
1505321798,21080792,229.94,1.20126000,0
1505321798,21080790,229.94,3.01860000,0
1505321797,21080789,229.94,0.43944219,0
1505321797,21080787,229.93,3.15000000,0
1505321796,21080785,229.86,0.55000000,0
1505321796,21080784,229.85,0.63000000,0
1505321781,21080762,229.85,0.65000000,1
1505321781,21080761,229.85,2.21215962,1
1505321775,21080753,229.46,1.00000000,0
1505321774,21080749,229.45,0.33300000,0
1505321759,21080722,229.45,0.22700000,0
1505321640,21080585,229.74,0.70944869,0
1505321618,21080559,229.77,3.60000000,0
1505321589,21080524,225.03,3.00554245,1
1505321589,21080523,225.04,3.35565500,1
1505321589,21080521,225.04,6.19130500,1
1505321589,21080520,225.05,0.51673355,1
1505321587,21080517,225.04,3.35565500,1
1505321586,21080515,226.03,0.30000000,1
1505321586,21080514,226.89,0.52000000,1
1505321586,21080512,226.90,1.15000000,1
1505321586,21080511,227.77,8.00000000,1
1505321586,21080510,227.79,5.75000000,1
1505321586,21080509,228.58,6.73862200,1
1505321586,21080508,228.59,0.20000000,1
1505321581,21080503,229.93,3.80761000,1
1505321575,21080498,229.93,1.19239000,1
1505321573,21080497,229.18,0.78362085,1
1505321571,21080496,229.21,4.29107000,1
1505321566,21080491,229.18,4.27663200,0
1505321565,21080485,229.18,7.00585100,1
1505321560,21080479,229.20,7.13336800,1
1505321554,21080473,228.57,37.29675958,1
1505321554,21080472,229.16,0.27000000,1
1505321554,21080470,229.19,0.33300000,1
1505321554,21080468,229.20,7.13358100,1
1505321554,21080466,229.94,1.03144298,1
1505321553,21080465,229.93,0.77000000,0
1505321553,21080462,229.93,1.55000000,0
1505321551,21080454,229.90,0.98690000,0
1505321550,21080452,229.89,0.34712253,1
1505321548,21080420,228.55,20.20260416,0
1505321548,21080406,228.76,1.00000000,1
1505321547,21080402,229.00,0.10000000,1
1505321547,21080401,229.16,2.00000000,1
1505321547,21080400,229.16,1.19239000,0
1505321546,21080398,229.26,6.50500584,0
1505321538,21080378,229.90,2.01310000,0
1505321527,21080361,229.90,1.45027883,1
1505321526,21080359,229.90,1.54972117,1
1505321510,21080335,229.90,1.00000000,1
1505321510,21080334,229.90,7.09688726,1
1505321507,21080327,229.90,23.54598400,1
1505321499,21080314,229.90,3.73131796,1
1505321495,21080310,229.93,0.32535989,0
1505321492,21080306,229.90,5.08592387,1
1505321492,21080305,229.90,0.00003013,1
1505321478,21080289,229.90,1.51432700,1
1505321477,21080288,229.90,3.48564287,1
1505321466,21080271,229.92,9.65480427,1
1505321463,21080260,229.92,0.97000000,1
1505321461,21080255,229.92,0.02260351,1
1505321458,21080250,229.92,13.24121434,1
1505321457,21080248,229.92,1.15000000,0
1505321456,21080247,229.12,5.55333204,1
1505321449,21080233,229.93,12.34854086,0
1505321447,21080226,229.92,0.84860000,0
1505321443,21080222,229.92,0.52140000,0
1505321427,21080168,229.94,5.17000000,0
1505321427,21080166,229.92,2.77000000,0
1505321426,21080164,229.90,0.50000000,0
1505321426,21080161,229.89,0.56000000,0
1505321415,21080116,228.77,0.55644923,0
1505321414,21080114,229.90,0.99578077,1
1505321413,21080111,229.36,0.03051880,0
1505321413,21080108,229.15,0.24000000,0
1505321412,21080103,228.76,0.03635690,0
1505321404,21080085,228.76,15.73364310,0
1505321377,21080015,228.75,19.55165027,0
1505321377,21080014,228.70,0.03060746,0
1505321377,21080013,228.51,2.04000000,1
1505321376,21080012,228.51,0.16000000,1
1505321375,21080010,228.51,0.03000000,0
1505321374,21080004,228.50,0.26894277,0
1505321363,21079990,227.84,0.85966777,1
1505321363,21079989,228.50,0.10000000,1
1505321354,21079981,228.50,2.42313311,0
1505321341,21079939,228.50,2.91000000,0
1505321341,21079937,228.38,0.03065145,0
1505321335,21079911,228.29,4.42000000,0
1505321335,21079909,228.28,0.20900000,0
1505321333,21079900,227.79,5.37346716,1
1505321332,21079893,227.77,0.03073331,0
1505321332,21079892,227.71,1.20047000,0
1505321291,21079808,227.77,1.72226368,1
1505321291,21079807,227.76,0.09000000,0
1505321291,21079803,227.10,1.38000000,0
1505321289,21079800,227.03,0.00000583,0
1505321288,21079795,226.86,4.36062489,1
1505321288,21079794,226.87,6.52739711,1
1505321236,21079626,226.69,4.12453700,1
1505321230,21079614,225.19,9.55890157,1
1505321229,21079613,225.20,5.52898100,1
1505321229,21079612,225.20,0.40633000,1
1505321229,21079610,225.62,0.51959100,1
1505321229,21079609,225.97,20.74907824,1
1505321229,21079608,226.20,1.29151193,1
1505321229,21079606,226.23,1.14000000,1
1505321229,21079605,226.56,0.20000000,1
1505321228,21079604,226.69,5.68000000,1
1505321228,21079603,226.69,0.20900000,1
1505321228,21079602,226.70,0.33249800,1
1505321228,21079601,226.71,1.20047000,1
1505321214,21079577,227.03,0.33250300,0
1505321212,21079571,227.01,0.33249800,1
1505321211,21079569,227.03,3.11749117,0
1505321211,21079568,227.03,0.33900000,0
1505321211,21079567,227.03,0.21100000,0
1505321211,21079565,227.00,0.33250367,0
1505321175,21079534,226.79,2.19978207,1
1505321175,21079532,226.79,0.00000593,0
1505321174,21079529,226.79,5.01142000,0
1505321168,21079509,226.77,0.43987300,0
1505321160,21079481,226.77,0.71795400,0
1505321160,21079479,226.60,0.00000500,0
1505321159,21079473,226.60,0.27461500,0
1505321158,21079471,226.60,0.02538000,0
1505321123,21079398,226.40,1.00013251,0
1505321119,21079391,226.41,1.29011696,0
1505321119,21079388,226.40,2.36000000,0
