date,tid,price,amount,type
1505347264,21103291,275.01,9.77000000,1
1505347264,21103290,275.32,0.23000000,1
1505347202,21103264,275.79,0.36200000,0
1505347132,21103219,275.25,7.38000000,1
1505347131,21103216,275.25,6.60087054,1
1505347125,21103211,275.21,0.13000000,1
1505347123,21103209,275.21,4.49611626,0
1505347123,21103208,275.21,0.33388374,1
1505347119,21103205,275.68,4.83999970,1
1505347119,21103203,276.04,0.13746130,1
1505347119,21103201,276.05,0.23000000,1
1505347076,21103176,275.91,0.32253870,0
1505347067,21103161,275.63,7.38000000,1
1505347059,21103148,275.68,4.94000000,0
1505347058,21103143,275.68,2.44000000,0
1505347056,21103124,275.68,4.94000000,1
1505347055,21103122,275.68,2.44000000,1
1505347055,21103118,275.64,4.58000000,0
1505347055,21103117,275.64,0.23000000,0
1505347054,21103116,275.67,0.13000000,1
1505347054,21103115,275.92,2.44000000,1
1505347052,21103112,275.91,7.38000000,1
1505347051,21103107,275.67,0.23000000,1
1505347050,21103106,275.67,7.15000000,1
1505347050,21103105,275.90,0.23000000,1
1505347019,21103094,275.89,1.04553353,1
1505347018,21103092,275.89,3.36338385,1
1505347008,21103079,276.05,0.23000000,1
1505346965,21103066,275.58,17.86531600,1
1505346965,21103065,276.04,0.23000000,1
1505346950,21103059,276.03,0.23000000,1
1505346950,21103058,276.04,1.01013000,1
1505346886,21103043,275.98,18.54186600,0
1505346884,21103041,275.99,2.16775443,1
1505346778,21103015,276.05,0.11054254,0
1505346778,21103014,276.03,0.42945746,0
1505346774,21103011,276.02,0.36822700,0
1505346770,21103008,275.63,2.17683126,0
1505346764,21103006,275.63,1.92404400,0
1505346763,21103003,275.63,4.52733600,0
1505346762,21103002,275.63,2.27550800,0
1505346762,21103001,275.63,0.26799300,0
1505346754,21102999,275.63,0.50000000,0
1505346750,21102996,275.63,0.24365700,0
1505346749,21102995,275.59,0.23634300,0
1505346748,21102994,275.59,2.17682600,0
1505346746,21102991,275.59,0.29683100,0
1505346746,21102990,275.59,1.88000000,0
1505346707,21102966,275.21,1.01165000,1
1505346700,21102963,275.64,0.12910000,0
1505346700,21102962,275.64,0.12920000,0
1505346700,21102961,275.64,0.12910000,0
1505346699,21102960,275.64,0.12910000,0
1505346699,21102959,275.64,0.12920000,0
1505346699,21102958,275.64,0.11234929,0
1505346698,21102957,275.62,0.01685071,0
1505346698,21102956,275.62,0.12920000,0
1505346697,21102953,275.62,0.12910000,0
1505346697,21102952,275.62,0.12910000,0
1505346697,21102951,275.62,0.06316316,0
1505346697,21102950,275.62,0.12920000,0
1505346696,21102948,275.62,0.12910000,0
1505346696,21102947,275.62,0.12920000,0
1505346695,21102946,275.62,0.02612613,0
1505346695,21102944,275.62,0.12910000,0
1505346651,21102926,275.58,4.13400000,0
1505346651,21102924,275.58,2.84600000,0
1505346651,21102923,275.58,0.30000000,0
1505346592,21102887,275.68,10.31601566,0
1505346591,21102886,275.68,0.08186048,0
1505346577,21102871,275.69,1.79795578,0
1505346577,21102870,275.69,0.63881165,0
1505346553,21102855,275.12,6.24795250,1
1505346553,21102854,275.25,0.23000000,1
1505346488,21102767,275.64,0.25653119,0
1505346483,21102735,275.85,7.38000000,1
1505346480,21102728,275.23,2.85000000,1
1505346480,21102725,275.23,1.49000000,1
1505346480,21102722,275.21,1.38178100,0
1505346480,21102720,275.21,0.79634200,0
1505346479,21102719,275.21,1.35998100,1
1505346479,21102717,275.21,1.10820600,1
1505346479,21102716,275.21,1.87181300,1
1505346479,21102715,275.22,2.02000000,1
1505346475,21102689,275.01,1.86726473,1
1505346475,21102687,275.01,0.15273527,1
1505346475,21102686,275.02,0.07181296,1
1505346475,21102684,275.20,0.50000000,1
1505346475,21102683,275.25,0.49000000,1
1505346474,21102682,275.36,0.08545177,1
1505346474,21102680,275.63,1.34408200,0
1505346474,21102679,275.63,2.15591800,0
1505346473,21102670,275.64,4.61200000,1
1505346473,21102669,275.64,1.64303100,1
1505346473,21102667,275.64,0.56972000,1
1505346473,21102664,275.80,2.50851700,1
1505346469,21102651,275.80,0.99148300,1
1505346465,21102633,275.93,0.41691789,1
1505346465,21102632,275.94,0.23000000,1
1505346461,21102616,275.89,2.90064600,1
1505346460,21102613,275.85,1.35408035,1
1505346460,21102612,275.87,6.97189665,1
1505346459,21102609,275.85,0.41020100,1
1505346459,21102608,275.91,4.84000000,1
1505346459,21102606,275.92,1.01014000,1
1505346459,21102603,275.93,0.23000000,1
1505346434,21102576,276.74,1.83000000,0
1505346402,21102566,276.51,2.16990344,0
1505346402,21102565,276.51,0.23000000,0
1505346332,21102548,276.52,6.97189665,1
1505346332,21102547,276.52,9.07000000,0
1505346332,21102546,276.42,0.23000000,0
1505346332,21102545,276.42,9.22020800,0
1505346331,21102544,276.40,4.67000000,0
1505346313,21102536,276.30,1.94170000,0
1505346313,21102535,276.31,7.38000000,1
1505346307,21102532,276.12,1.00941000,1
1505346214,21102487,275.52,5.09476500,1
1505346214,21102486,275.52,2.06023500,1
1505346214,21102485,275.53,0.23000000,1
1505346206,21102479,275.52,0.03976500,1
1505346206,21102478,275.52,0.23000000,1
1505346185,21102458,276.11,1.85000000,0
1505346185,21102457,276.11,0.26000000,0
1505346184,21102456,276.12,1.85000000,0
1505346183,21102455,276.12,0.26000000,0
1505346183,21102454,276.12,1.85000000,0
1505346182,21102453,276.12,0.26000000,0
1505346181,21102452,276.13,1.85000000,0
1505346180,21102451,276.13,0.26000000,0
1505346180,21102450,276.13,1.85000000,0
1505346179,21102449,276.14,0.26000000,0
1505346178,21102447,276.14,1.85000000,0
1505346178,21102446,276.14,0.26000000,0
1505346177,21102445,276.14,1.86000000,0
1505346176,21102444,276.14,0.26000000,0
1505346176,21102443,276.16,1.86000000,0
1505346175,21102442,275.51,0.25861130,1
1505346174,21102441,275.51,1.84628787,1
1505346174,21102440,275.51,0.00000013,1
1505346174,21102439,275.52,0.23000000,1
1505346146,21102422,275.51,7.37999987,1
1505346145,21102421,275.51,2.17109713,1
1505346145,21102420,275.52,0.23000000,1
1505346089,21102390,275.50,0.00002016,0
1505346082,21102386,275.50,4.84473749,0
1505346080,21102384,275.69,0.15524235,1
1505345972,21102269,275.69,0.00000437,0
1505345971,21102267,275.69,0.15532000,0
1505345968,21102258,275.64,1.39700105,1
1505345966,21102252,275.68,0.27154818,1
1505345945,21102231,275.72,0.82840927,0
1505345943,21102228,275.96,0.08526598,1
1505345913,21102134,275.97,5.93294381,0
1505345910,21102131,275.97,0.49967277,1
1505345907,21102125,276.00,3.50000000,1
1505345907,21102124,275.99,4.84000000,0
1505345902,21102119,275.99,6.14809214,1
1505345902,21102118,276.00,1.13905786,1
1505345901,21102116,277.11,4.32000000,0
1505345895,21102104,275.97,0.00007735,0
1505345893,21102098,275.97,9.06514620,0
1505345891,21102094,277.06,0.86909521,0
1505345888,21102089,276.01,0.72433787,0
1505345888,21102088,276.01,1.44949641,0
1505345878,21102075,276.02,2.87000000,0
1505345878,21102074,276.02,0.23000000,0
1505345876,21102072,276.34,0.23000000,1
1505345876,21102071,276.56,0.10316025,1
1505345870,21102067,277.12,2.87500000,0
1505345868,21102065,276.89,0.13000000,0
1505345835,21102052,275.68,0.25845182,1
1505345830,21102050,275.59,0.87195191,1
1505345829,21102049,275.59,0.77451165,0
1505345828,21102048,275.96,0.08407016,1
1505345828,21102047,276.10,0.50000000,1
1505345828,21102046,276.12,0.23000000,1
1505345821,21102043,276.29,0.50000000,1
1505345820,21102042,276.40,0.07145441,1
1505345820,21102041,276.56,0.08388776,1
1505345820,21102040,276.66,0.25668275,1
1505345820,21102039,276.67,0.23000000,1
1505345706,21101990,277.10,0.50000000,1
1505345706,21101989,277.16,0.08370616,1
1505345705,21101987,277.58,0.16651056,1
1505345678,21101976,277.93,1.04448650,0
1505345676,21101973,277.94,1.04447430,0
1505345670,21101969,277.58,1.74085400,1
1505345666,21101964,277.56,0.23000000,0
1505345665,21101963,277.56,0.53000000,1
1505345664,21101961,277.58,0.00310361,1
1505345664,21101960,277.58,0.52997551,1
1505345663,21101959,277.60,0.23000000,1
1505345631,21101919,277.58,2.74105839,0
1505345631,21101918,277.58,2.50400589,0
1505345630,21101917,277.65,0.29133047,1
1505345629,21101916,277.66,0.23000000,1
1505345629,21101915,277.66,0.80152864,1
1505345629,21101914,277.68,16.17313500,1
1505345620,21101910,277.65,2.90000000,0
1505345620,21101909,277.65,0.13000000,1
1505345609,21101905,278.37,0.23000000,0
1505345607,21101904,278.37,0.23000000,1
1505345576,21101883,278.35,3.49999986,1
1505345576,21101882,278.52,0.00000014,1
1505345576,21101881,278.53,0.23000000,1
1505345482,21101835,279.03,0.04533237,0
1505345460,21101833,279.07,17.46561733,0
1505345460,21101832,279.06,11.03000000,0
1505345452,21101826,278.51,7.33983700,0
1505345452,21101825,278.51,2.44000000,1
1505345451,21101824,278.76,0.23000000,1
1505345443,21101822,278.75,0.23000000,1
1505345423,21101813,279.23,0.29929000,1
1505345418,21101812,279.24,1.00941000,1
1505345367,21101805,279.23,0.20071000,1
1505345214,21101776,279.50,0.23000000,0
1505345124,21101741,279.19,1.00961000,0
1505344985,21101708,278.65,0.31000000,1
1505344983,21101707,278.66,0.23000000,1
1505344950,21101695,278.66,0.23000000,1
1505344939,21101684,278.65,5.90460000,1
1505344939,21101683,278.66,1.47540000,1
1505344908,21101659,278.63,1.47000000,1
1505344907,21101658,278.63,1.47000000,1
1505344906,21101656,278.63,1.47000000,1
1505344905,21101655,278.63,1.47000000,1
1505344904,21101654,278.63,1.47000000,1
1505344903,21101653,278.64,1.47470000,0
1505344898,21101651,278.65,0.23000000,1
1505344888,21101634,278.64,1.29561435,1
1505344886,21101633,278.65,1.00961000,1
1505344863,21101617,278.63,7.19942400,1
1505344862,21101614,278.63,9.94889500,1
1505344862,21101613,278.64,3.00000000,1
1505344862,21101612,278.64,0.25000000,1
1505344861,21101609,278.84,4.84000000,0
1505344856,21101607,278.84,1.47360000,0
1505344834,21101602,278.63,7.38000000,1
1505344833,21101601,278.63,7.38000000,1
1505344832,21101599,278.64,7.38000000,1
1505344831,21101598,278.63,7.38000000,1
1505344820,21101595,278.86,1.47350000,0
1505344818,21101594,278.64,1.25602100,1
1505344797,21101585,278.63,11.00003300,1
1505344789,21101584,278.63,0.95502900,1
1505344789,21101583,278.64,3.32000000,1
1505344785,21101581,278.86,1.47350000,0
1505344784,21101580,278.64,0.79928200,1
1505344784,21101579,278.64,2.87071800,1
1505344780,21101578,278.86,29.77000000,0
1505344779,21101577,278.85,0.23000000,0
1505344757,21101574,278.63,30.00000000,1
1505344754,21101572,278.63,7.20970100,1
1505344747,21101569,278.62,0.23000000,0
1505344747,21101568,278.61,0.64769803,0
1505344747,21101567,278.61,0.13137778,0
1505344718,21101561,278.66,1.47540000,0
1505344698,21101547,277.63,0.64769803,0
1505344695,21101541,277.63,0.94101629,0
1505344695,21101540,277.63,0.42000851,0
1505344695,21101538,277.63,1.04434222,0
1505344693,21101536,277.63,1.04440503,0
1505344690,21101534,277.63,0.23000000,1
1505344679,21101529,277.76,0.08352535,1
1505344672,21101528,277.77,1.48010000,0
1505344654,21101516,277.79,0.07109687,1
1505344651,21101509,277.80,0.23000000,0
1505344650,21101507,277.80,2.50291730,0
1505344640,21101496,278.14,1.00917116,0
1505344640,21101494,278.00,0.00007898,0
1505344636,21101492,277.81,1.35090000,0
1505344636,21101491,277.80,0.12900000,0
1505344631,21101486,277.81,4.65932586,0
1505344631,21101485,277.81,1.87634200,0
1505344631,21101484,277.81,2.79141300,0
1505344630,21101482,277.81,0.78153176,0
1505344618,21101477,278.00,1.44618902,0
1505344616,21101476,278.10,1.24000000,1
1505344616,21101475,278.11,16.81373200,1
1505344616,21101474,278.13,0.50000000,1
1505344593,21101470,278.17,4.26799201,1
1505344593,21101469,278.18,0.29297450,1
1505344592,21101468,278.19,0.23000000,1
1505344592,21101467,278.20,0.20903349,1
1505344517,21101441,278.53,1.86187900,1
1505344517,21101440,278.76,0.49000000,1
1505344517,21101439,278.77,0.28600000,1
1505344517,21101438,278.77,0.12900000,1
1505344404,21101364,279.56,0.23000000,0
1505344403,21101363,279.55,0.12900000,0
1505343997,21101261,279.40,11.00015900,1
1505343997,21101260,279.51,0.89602000,1
1505343987,21101259,279.52,2.14142100,1
1505343987,21101258,279.51,0.23000000,1
1505343986,21101257,279.51,17.65715000,1
1505343986,21101256,279.52,7.07083714,1
1505343964,21101251,279.41,7.15659600,1
1505343964,21101250,279.41,0.12900000,1
1505343955,21101248,280.36,0.82229484,0
1505343944,21101245,280.36,2.14010558,0
1505343938,21101244,280.36,0.07100000,0
1505343935,21101239,280.05,0.90394000,1
1505343932,21101234,279.06,4.84000000,0
1505343931,21101233,279.06,4.05000000,1
1505343931,21101232,279.26,0.38065346,1
1505343931,21101231,280.04,0.53000000,1
1505343887,21101215,279.72,0.10250600,1
1505343731,21101178,279.96,0.28000000,0
1505343729,21101177,279.95,1.21997779,0
1505343720,21101170,279.94,2.32000000,0
1505343719,21101169,279.94,1.46000000,0
1505343718,21101168,279.94,2.51594130,0
1505343645,21101139,279.00,0.76573342,1
1505343639,21101138,279.00,1.01009710,1
1505343637,21101135,279.63,0.03207810,0
1505343610,21101124,279.63,1.46970000,0
1505343574,21101102,279.65,1.46960000,0
1505343564,21101099,279.43,4.84000000,0
1505343547,21101093,279.42,0.44063845,0
1505343537,21101091,279.42,0.23212000,0
1505343537,21101090,279.40,1.00868000,0
1505343536,21101089,279.40,0.23000000,0
1505343536,21101087,279.39,1.30063170,0
1505343536,21101086,279.39,2.85121456,0
1505343524,21101076,278.40,4.32610995,0
1505343523,21101075,278.41,1.00868000,0
1505343523,21101074,278.41,4.48000000,1
1505343523,21101073,278.41,0.23000000,1
1505343521,21101072,278.92,6.37352000,1
1505343520,21101071,278.92,1.00648000,1
1505343510,21101068,278.92,0.50000000,1
1505343510,21101067,279.01,0.50000000,1
1505343507,21101066,279.42,29.67772434,0
1505343501,21101063,279.42,1.47080000,0
1505343487,21101051,279.04,0.90000000,1
1505343486,21101050,279.07,0.10000000,1
1505343470,21101049,279.45,8.63339983,0
1505343470,21101048,279.24,4.84000000,0
1505343470,21101047,279.22,15.84948000,0
1505343470,21101046,279.21,0.67712017,0
1505343464,21101038,279.21,1.47180000,0
1505343458,21101035,279.22,29.44000000,0
1505343457,21101034,279.21,0.56000000,0
1505343419,21101028,279.21,1.29190000,0
1505343419,21101027,279.21,0.18000000,0
1505343403,21101017,279.21,1.21997779,0
1505343382,21101009,279.22,0.79440000,0
1505343366,21100996,279.22,3.91612000,0
1505343366,21100995,279.21,0.21000000,0
1505343356,21100988,279.22,1.04110815,0
1505343356,21100985,279.22,3.24598810,0
1505343346,21100982,279.21,1.47190000,0
1505343339,21100980,279.21,0.26733975,1
1505343332,21100976,279.21,0.99900000,1
1505343320,21100971,279.21,1.26643991,0
1505343314,21100968,279.22,0.23220364,0
1505343312,21100966,279.22,7.38000000,0
1505343311,21100965,279.22,0.25513854,0
1505343310,21100963,279.21,1.47170000,0
1505343310,21100961,279.22,0.12692045,0
1505343305,21100937,279.22,3.46020342,0
1505343305,21100936,279.17,0.10000000,0
1505343247,21100919,279.21,29.77000000,0
1505343247,21100918,279.20,0.23000000,0
1505343207,21100904,278.50,0.35284554,1
1505343207,21100903,278.50,0.23000000,1
1505343193,21100894,279.26,1.00559000,0
1505343193,21100893,279.26,0.23000000,0
1505343193,21100892,279.25,0.12900000,0
1505343175,21100883,279.27,0.15536936,0
1505343159,21100876,279.29,0.24768022,0
1505343141,21100862,278.27,5.82337581,1
1505343141,21100861,278.36,0.08334531,1
1505343141,21100860,278.40,0.53000000,1
1505343141,21100859,278.41,0.23000000,1
1505343091,21100783,278.67,0.15622530,1
1505343043,21100775,278.57,1.87847034,1
1505343043,21100774,278.57,0.12900000,1
1505343043,21100773,278.58,5.37503161,1
1505343043,21100771,278.96,0.08316605,1
1505343039,21100768,279.19,1.69580000,0
1505343039,21100767,279.19,3.07029063,0
1505343038,21100765,279.19,0.07074036,1
1505343034,21100761,279.56,0.08298755,1
1505343034,21100760,279.61,5.00000000,1
1505343033,21100759,279.62,2.30483046,1
1505343026,21100742,279.72,1.00000000,0
1505343026,21100741,279.71,0.12900000,0
1505342991,21100731,279.71,0.00173473,1
1505342991,21100730,279.74,1.52200480,1
1505342903,21100689,280.32,1.19785460,1
1505342903,21100688,280.32,5.40214540,1
1505342863,21100673,280.32,1.97785460,1
1505342863,21100672,280.59,0.07038740,1
1505342844,21100661,280.70,4.61000000,1
1505342844,21100660,280.70,2.76900000,1
1505342814,21100651,280.70,4.61100000,0
1505342811,21100650,280.70,0.22900000,1
1505342811,21100648,280.70,7.15100000,1
1505342796,21100635,280.69,0.35781467,1
1505342789,21100630,280.60,2.32664444,0
1505342788,21100629,280.60,7.38000000,0
1505342787,21100628,280.69,6.73000000,1
1505342758,21100623,280.60,0.12515399,1
1505342758,21100622,280.77,0.48000000,1
1505342755,21100621,280.84,4.28038700,1
1505342737,21100618,280.85,1.21283687,1
1505342734,21100617,280.82,2.12777800,1
1505342725,21100613,280.80,4.00406338,0
1505342725,21100612,280.80,2.12777800,0
1505342722,21100608,280.80,7.56215813,0
1505342721,21100607,280.80,0.12900000,0
1505342709,21100598,281.71,7.07083714,0
1505342709,21100597,281.58,0.24536544,0
1505342706,21100594,281.97,1.57789835,0
1505342706,21100593,281.73,4.84000000,0
1505342704,21100591,281.58,0.31000000,0
1505342704,21100590,281.55,10.98000000,0
1505342703,21100588,280.78,2.28123601,0
1505342703,21100587,280.78,0.08887000,0
1505342703,21100586,280.78,1.39182900,0
1505342701,21100585,280.78,6.60000000,0
1505342683,21100570,281.59,6.23000000,0
1505342680,21100568,281.59,10.02100000,1
1505342678,21100567,281.59,3.80198227,1
1505342678,21100566,281.62,1.01961773,1
1505342677,21100565,281.62,0.84670001,1
1505342670,21100563,282.02,8.29960400,0
1505342663,21100553,281.62,0.26422129,1
1505342650,21100544,282.03,0.00000235,1
1505342648,21100541,282.04,4.47483000,0
1505342645,21100536,282.03,0.39258000,1
1505342633,21100528,282.05,1.00559000,1
1505342558,21100481,282.30,0.09282687,0
1505342557,21100480,282.30,0.29938000,0
1505342541,21100474,282.09,0.05722585,0
1505342540,21100473,282.02,5.66112699,0
1505342536,21100471,282.02,1.45710000,0
1505342529,21100463,282.00,25.24230184,1
1505342517,21100456,282.02,32.80077300,0
1505342513,21100453,282.02,7.11822700,0
1505342511,21100452,282.02,39.91900000,1
1505342511,21100451,282.02,0.09346448,1
1505342503,21100445,282.02,0.29938000,1
1505342481,21100438,282.00,2.62996313,0
1505342481,21100437,281.99,2.12773503,0
1505342478,21100436,282.00,1.21283687,0
1505342466,21100426,281.38,0.66797252,1
1505342463,21100422,282.00,0.15720000,0
1505342462,21100421,282.00,1.00000000,0
1505342462,21100420,282.00,0.30000000,0
1505342432,21100394,281.24,0.21089000,1
1505342426,21100390,281.99,1.45730000,0
1505342423,21100387,281.19,3.02904186,1
1505342423,21100386,281.20,7.07083714,1
1505342422,21100384,281.19,7.07083714,1
1505342422,21100383,281.19,1.25185600,1
1505342392,21100313,281.79,1.45890000,1
1505342382,21100300,281.26,4.37775671,1
1505342381,21100296,281.99,0.60626868,0
1505342380,21100294,281.36,0.06116733,0
1505342380,21100293,281.36,0.33256399,0
1505342377,21100290,281.23,4.37554819,0
1505342373,21100279,281.23,1.02923408,1
1505342372,21100276,281.22,1.02932424,1
1505342361,21100257,281.21,0.29002445,1
1505342358,21100254,281.21,0.10000000,1
1505342357,21100252,281.07,0.09997555,0
1505342354,21100250,281.07,0.34460000,0
1505342354,21100249,281.06,0.10000000,0
1505342316,21100212,280.71,1.12288498,0
1505342272,21100196,280.71,0.09555139,1
1505342267,21100193,281.04,2.13485100,0
1505342260,21100187,281.08,0.06116733,1
1505342260,21100185,281.07,0.33256399,0
1505342256,21100182,281.06,9.13996000,0
1505342256,21100180,280.57,0.39444861,0
1505342248,21100178,280.56,0.26716500,1
1505342247,21100176,280.56,0.33258500,1
1505342231,21100167,280.55,1.01097000,1
1505342218,21100160,280.00,28.38928000,0
1505342217,21100158,280.00,0.51600000,0
1505342215,21100156,280.00,77.70000000,0
1505342215,21100155,280.00,69.49100000,0
1505342214,21100154,279.99,0.75000000,0
1505342208,21100151,280.00,1.46750000,0
1505342205,21100148,279.71,5.68613941,1
1505342204,21100147,279.71,9.43369858,1
1505342203,21100145,279.70,1.10150521,1
1505342203,21100144,279.70,2.58346517,1
1505342195,21100141,280.51,1.01097000,1
1505342193,21100140,280.16,0.09723015,1
1505342193,21100139,280.29,0.39444861,1
1505342193,21100138,280.33,2.14034318,1
1505342179,21100132,280.51,3.92553789,0
1505342179,21100131,280.50,4.54000000,0
1505342150,21100106,280.50,3.51000000,0
1505342142,21100101,281.43,3.04480453,0
1505342141,21100100,281.42,3.25832861,0
1505342141,21100099,280.48,0.21187814,0
1505342138,21100095,280.48,3.51112005,1
1505342135,21100089,280.47,0.22998571,1
1505342131,21100084,280.46,3.25832847,0
1505342130,21100083,280.46,0.25210687,0
1505342128,21100077,280.27,0.23808848,1
1505342127,21100074,280.27,0.45345838,1
1505342126,21100073,280.27,1.03295291,1
1505342126,21100072,281.50,15.95282415,1
1505342125,21100070,281.26,1.14722753,0
1505342125,21100069,280.45,0.08736059,0
1505342124,21100068,280.25,0.27970000,1
1505342124,21100067,280.25,0.25424458,0
1505342122,21100065,280.24,1.30000000,0
1505342112,21100045,280.00,66.35537612,0
1505342112,21100044,280.00,17.81260714,0
1505342108,21100040,280.00,10.19232643,0
1505342107,21100039,280.00,0.10000000,0
1505342102,21100034,280.00,5.00000000,0
1505342101,21100032,280.00,4.00000000,0
1505342095,21100015,280.00,10.12767357,0
1505342095,21100014,279.99,0.58000000,0
1505342091,21100011,280.00,178.57475000,0
1505342090,21100009,280.00,48.04385618,0
1505342086,21100004,280.00,1.46750000,0
1505342085,21100003,280.00,15.00089200,0
1505342085,21100002,280.00,112.91317800,0
1505342083,21099998,280.00,17.52107142,0
1505342081,21099997,279.99,0.29156363,0
1505342081,21099996,279.99,0.39843637,1
1505342079,21099992,280.00,72.33900000,0
1505342078,21099991,280.00,30.00000000,0
1505342078,21099989,280.00,77.70000000,0
1505342077,21099987,280.00,5.87893500,0
1505342075,21099986,280.00,70.00800000,0
1505342069,21099969,279.99,0.82000000,0
1505342066,21099966,280.00,140.79200000,0
1505342062,21099961,280.00,72.50106700,0
1505342061,21099960,279.99,0.97000000,0
1505342040,21099952,280.00,40.89086800,0
1505342040,21099951,279.99,1.15000000,0
1505342040,21099950,279.98,10.81338000,0
1505342023,21099937,280.00,2.78089914,0
1505342023,21099936,280.00,0.12500000,0
1505342023,21099935,279.99,1.30116686,0
1505342018,21099933,279.99,0.06883314,0
1505342018,21099932,279.98,11.03111200,0
1505342018,21099931,279.95,2.14323986,0
1505342012,21099927,279.96,2.20961800,0
1505342003,21099923,280.00,0.20000000,0
1505342003,21099922,280.00,0.07800000,0
1505342003,21099921,280.00,15.00000000,0
1505342003,21099920,280.00,0.40000000,0
1505342003,21099919,280.00,0.02407407,0
1505342003,21099918,279.99,1.63000000,0
1505342002,21099917,279.98,11.24784300,0
1505342002,21099916,279.84,0.07000000,0
1505342002,21099915,279.66,0.05502023,0
1505341933,21099865,279.60,7.07083700,1
1505341927,21099858,279.49,0.01820000,0
1505341927,21099857,279.40,0.60230179,0
1505341927,21099856,279.40,0.00505111,0
1505341907,21099825,279.40,0.99494889,0
1505341907,21099821,279.38,0.39575642,0
1505341907,21099819,279.37,0.60735269,0
1505341899,21099809,278.57,2.96160956,1
1505341887,21099801,278.75,0.34589528,1
1505341882,21099796,278.55,2.15398470,1
1505341878,21099788,278.53,1.42517360,1
1505341873,21099775,279.01,0.39575642,1
1505341869,21099769,279.30,4.79000000,1
1505341869,21099768,279.30,0.71000000,1
1505341867,21099762,278.72,27.00000000,1
1505341867,21099761,278.90,3.00000000,1
1505341862,21099754,279.31,2.11000000,0
1505341862,21099753,279.31,4.78000000,0
1505341861,21099752,279.31,0.25424458,0
1505341859,21099747,279.00,0.12000000,0
1505341858,21099746,279.00,1.58000000,0
1505341858,21099745,279.00,1.92000000,0
1505341856,21099743,279.00,4.58000000,0
1505341856,21099742,279.00,3.50000000,0
1505341854,21099740,278.91,0.05722585,0
1505341853,21099739,278.77,1.32720000,1
1505341849,21099736,278.77,2.57560000,0
1505341849,21099734,278.77,0.10000000,0
1505341846,21099732,278.59,0.25575952,0
1505341845,21099729,278.51,0.05442104,0
1505341841,21099727,278.35,41.63498356,0
1505341810,21099708,278.35,3.79990900,0
1505341745,21099672,278.35,3.00000000,0
1505341729,21099666,278.38,0.15622530,0
1505341649,21099600,277.45,0.50000000,1
1505341645,21099597,278.03,0.47205100,0
1505341645,21099596,278.00,0.13000000,0
1505341645,21099595,278.00,0.50000000,0
1505341601,21099531,277.99,1.66854923,0
1505341590,21099525,277.65,0.25575952,0
1505341584,21099523,277.65,0.57999963,0
1505341584,21099522,277.65,0.25662437,0
1505341583,21099521,277.63,4.84000000,0
1505341580,21099520,277.59,3.50000000,0
1505341580,21099519,277.59,0.39000000,0
1505341580,21099517,277.58,0.25668275,0
1505341580,21099515,277.44,1.52578700,0
1505341551,21099494,277.58,3.31421300,1
1505341551,21099493,277.58,1.65578700,1
1505341551,21099492,277.58,1.84421300,1
1505341550,21099491,277.58,3.50000000,0
1505341550,21099490,277.44,4.84000000,0
1505341550,21099489,277.31,0.13000000,0
1505341518,21099472,277.21,2.16442400,0
1505341496,21099447,277.21,0.51599963,0
1505341496,21099446,276.80,0.00000037,0
1505341488,21099434,276.80,9.66679100,0
1505341487,21099433,276.80,0.36347300,0
1505341470,21099425,276.80,7.61773100,0
1505341458,21099414,276.80,1.99066900,0
1505341457,21099412,276.80,1.70217500,0
1505341231,21099298,276.58,1.48650000,1
1505341116,21099248,276.41,1.35870000,1
1505341115,21099247,276.41,0.13000000,1
1505341067,21099218,276.16,1.75265462,1
1505341067,21099217,276.67,0.25662437,1
1505341066,21099216,277.12,0.86000000,1
1505341065,21099215,276.73,0.50000000,0
1505341055,21099210,276.72,10.28609411,0
1505341055,21099209,276.62,0.13000000,0
1505341055,21099208,276.59,0.22914989,0
1505341033,21099199,276.59,0.02845178,0
1505341033,21099198,276.56,0.61438322,0
1505341033,21099197,276.55,0.23000000,0
1505340945,21099129,275.88,1.87927899,0
1505340945,21099125,275.88,0.13000000,1
1505340922,21099114,275.80,5.06155815,1
1505340912,21099112,276.56,0.32477415,0
1505340911,21099111,276.41,7.38000000,0
1505340911,21099110,276.36,0.05722585,0
1505340905,21099109,275.74,20.10567322,1
1505340905,21099108,275.75,11.14000000,1
1505340903,21099102,275.74,1.49100000,1
1505340867,21099088,276.00,0.15137401,0
1505340867,21099087,276.00,0.50000000,0
1505340867,21099086,275.94,0.13000000,0
1505340867,21099085,275.69,0.25130699,0
1505340845,21099069,275.39,0.23000000,0
1505340844,21099068,275.40,2.17156631,1
1505340823,21099061,275.33,2.98789489,1
1505340823,21099059,275.33,0.13000000,1
1505340765,21099018,275.67,0.25760167,0
1505340758,21099015,275.67,0.10338448,0
1505340756,21099014,275.42,0.25869965,0
1505340735,21099009,275.00,14.91399971,0
1505340723,21099007,275.00,38.96450300,0
1505340723,21099006,275.00,3.31627500,0
1505340717,21098996,275.00,14.91400000,0
1505340713,21098994,275.00,0.51600000,0
1505340709,21098986,275.00,18.96406830,0
1505340709,21098985,274.99,1.03000000,0
1505340706,21098979,275.00,0.29066100,0
1505340701,21098964,275.00,0.09979700,0
1505340699,21098961,275.00,0.28000000,0
1505340699,21098960,274.99,1.22000000,0
1505340689,21098944,275.00,1.89640200,0
1505340689,21098942,275.00,0.51600000,0
1505340688,21098939,275.00,2.43664421,0
1505340688,21098933,275.00,11.49906100,0
1505340688,21098931,275.00,5.02000000,0
1505340687,21098926,275.00,11.23784900,0
1505340686,21098918,275.00,1.49410000,0
1505340685,21098911,275.00,33.18142000,0
1505340683,21098904,275.00,38.96450300,0
1505340680,21098896,275.00,3.94522800,0
1505340679,21098894,275.00,0.25784900,0
1505340676,21098887,275.00,9.01000000,0
1505340675,21098885,275.00,19.99439400,0
1505340675,21098881,275.00,30.71369035,0
1505340674,21098879,275.00,10.19950500,0
1505340674,21098878,275.00,0.14824400,0
1505340672,21098873,275.00,10.20527600,0
1505340672,21098872,275.00,3.77765200,0
1505340672,21098869,275.00,13.59528300,0
1505340671,21098868,275.00,2.00000000,0
1505340671,21098866,275.00,34.42820600,0
1505340670,21098865,275.00,0.27439500,0
1505340669,21098855,275.00,13.98032200,0
1505340666,21098851,275.00,11.04137600,0
1505340666,21098850,275.00,18.11790000,0
1505340666,21098849,275.00,59.69800000,0
1505340665,21098848,275.00,37.74892000,0
1505340664,21098845,275.00,0.27439500,0
1505340663,21098844,275.00,14.92823900,0
1505340660,21098842,275.00,0.22000000,0
1505340658,21098840,275.00,5.01000000,0
1505340657,21098839,275.00,2.07055600,0
1505340656,21098838,275.00,12.50429200,0
1505340656,21098837,275.00,5.79413800,0
1505340654,21098836,275.00,5.01000000,0
1505340654,21098835,275.00,25.83689500,0
1505340652,21098833,275.00,0.27435800,0
1505340649,21098829,275.00,0.52000000,0
1505340648,21098828,275.00,14.74517514,0
1505340648,21098827,274.99,0.23000000,0
1505340645,21098825,275.00,5.01925500,0
1505340642,21098823,275.00,92.32900000,0
1505340641,21098822,275.00,4.51000000,0
1505340636,21098820,275.00,3.97000000,0
1505340636,21098819,274.99,0.23000000,0
1505340635,21098818,275.00,0.89139653,0
1505340631,21098812,275.00,8.00000000,0
1505340630,21098811,275.00,74.75000000,0
1505340630,21098810,274.99,0.23000000,0
1505340624,21098807,275.00,6.05118700,0
1505340620,21098801,275.00,2.05582014,0
1505340620,21098800,275.00,69.15600000,0
1505340619,21098799,274.98,0.23000000,0
1505340616,21098797,275.00,5.67560400,0
1505340616,21098795,275.00,70.55499970,0
1505340616,21098794,274.99,0.23000030,0
1505340609,21098784,274.99,8.61585300,0
1505340609,21098783,274.98,0.23000000,0
1505340606,21098780,274.99,0.84166400,0
1505340606,21098779,274.98,0.23000000,0
1505340584,21098759,274.99,0.31248270,0
1505340584,21098758,274.99,0.29643730,0
1505340584,21098757,274.99,0.23000000,0
1505340519,21098723,274.31,14.09741019,1
1505340518,21098722,275.00,1.77000000,0
1505340518,21098720,274.91,0.23000000,0
1505340511,21098711,275.00,3.15889100,0
1505340510,21098709,275.00,53.98895200,0
1505340510,21098708,274.99,15.78904800,0
1505340510,21098707,274.92,0.23000000,0
1505340493,21098694,274.93,1.77000000,0
1505340493,21098693,274.92,0.23000000,0
1505340478,21098675,275.00,8.74824800,0
1505340478,21098674,274.95,16.86438200,0
1505340476,21098672,275.00,24.54107492,0
1505340476,21098671,275.00,0.19100000,0
1505340476,21098670,274.99,28.10619200,0
1505340476,21098669,274.99,0.20000000,0
1505340476,21098668,274.96,4.07093517,0
1505340475,21098667,274.91,0.40164591,0
1505340475,21098666,274.81,0.23000000,0
1505340403,21098564,274.61,1.56293109,1
1505340403,21098563,274.62,0.40164591,1
1505340388,21098562,274.70,0.09772828,0
1505340373,21098555,274.61,0.23000000,1
1505340373,21098554,274.61,0.20706877,0
1505340365,21098551,274.61,3.44750737,0
1505340364,21098550,274.48,0.23000000,1
1505340364,21098549,274.61,1.18542386,0
1505340363,21098547,274.59,1.99486514,0
1505340363,21098546,274.50,9.92000000,0
1505340363,21098545,274.49,10.45175800,0
1505340363,21098544,274.48,0.23000000,0
1505340355,21098543,274.49,3.42000000,0
1505340353,21098542,274.49,3.27000000,0
1505340349,21098541,274.49,1.54270000,0
1505340349,21098540,274.48,0.23000000,0
1505340343,21098536,274.49,4.44000000,0
1505340342,21098534,274.49,3.34000000,1
1505340341,21098533,274.50,0.08000000,0
1505340341,21098531,274.50,0.02000000,0
1505340339,21098526,274.49,0.23000000,0
1505340330,21098523,274.40,0.25869965,0
1505340330,21098521,274.22,1.49970000,1
1505340329,21098520,274.30,4.26000000,1
1505340324,21098517,274.22,0.16856068,0
1505340321,21098515,274.21,0.25984594,0
1505340320,21098514,274.09,0.08500887,0
1505340319,21098513,274.08,0.23000000,0
1505340303,21098498,274.00,0.45000000,0
1505340303,21098497,274.00,0.50000000,0
1505340303,21098496,274.00,0.95000000,0
1505340294,21098490,274.00,0.05000000,0
1505340293,21098467,274.00,4.00000000,0
1505340292,21098466,274.00,4.50000000,0
1505340292,21098465,273.97,7.38000000,0
1505340291,21098463,273.63,3.50000000,0
1505340284,21098453,273.70,27.03000000,0
1505340283,21098452,273.63,2.97000000,0
1505340278,21098445,273.63,0.53000000,0
1505340271,21098441,273.52,3.50000000,0
1505340271,21098440,273.50,0.00001000,0
1505340269,21098437,273.50,0.49999000,0
1505340269,21098435,273.39,0.00000500,0
1505340268,21098433,273.39,0.31999500,0
1505340258,21098426,273.39,0.52000000,0
1505340245,21098401,273.39,4.00000000,0
1505340240,21098398,273.39,4.84000000,0
1505340184,21098360,273.23,4.26830500,0
1505340156,21098342,273.22,7.38000000,0
1505340141,21098321,272.99,0.33000000,0
1505340141,21098320,272.99,1.00000000,0
1505340141,21098319,272.99,0.25000000,0
1505340140,21098318,272.99,0.29000000,0
1505340139,21098316,272.99,0.67000000,0
1505340139,21098315,272.99,0.33000000,0
1505340134,21098311,272.99,1.00000000,0
1505340130,21098309,272.99,0.25000000,0
1505340118,21098298,272.99,4.84000000,0
1505340114,21098297,272.99,0.96000000,0
1505340104,21098295,273.00,6.75000000,0
1505340104,21098294,273.00,0.50000000,0
1505340104,21098293,272.99,7.38000000,0
1505340089,21098291,272.98,2.19796322,0
1505340088,21098290,272.95,4.09015406,0
1505340088,21098289,272.95,0.49000000,0
1505340082,21098285,272.95,0.25984594,0
1505340069,21098280,272.94,7.33127131,0
1505340069,21098279,272.88,0.26110535,0
1505340069,21098277,272.74,0.00000034,0
1505340055,21098268,272.74,0.40440899,0
1505340055,21098266,272.50,0.88654201,0
1505340012,21098252,272.50,9.11345799,0
1505340012,21098251,272.49,0.88654201,0
1505340006,21098248,272.49,3.16237400,0
1505340005,21098247,272.49,0.02201916,0
1505339946,21098225,272.43,5.07597200,0
1505339767,21098179,272.42,0.99761397,0
1505339765,21098176,272.23,0.03576637,0
1505339765,21098175,272.23,1.04173000,0
1505339765,21098174,272.22,0.29400000,0
1505339593,21098129,271.52,7.02903600,1
1505339592,21098128,271.53,1.26344500,1
1505339592,21098127,271.66,0.23000000,1
1505339585,21098090,271.60,0.29400000,1
1505339584,21098088,271.64,0.23000000,1
1505339584,21098087,271.65,1.04173000,1
1505339473,21098057,271.52,1.12314900,0
1505339471,21098054,272.18,0.23000000,1
1505339461,21098049,271.59,0.18656608,1
1505339461,21098048,272.15,0.40440933,1
1505339461,21098046,272.16,0.03000000,1
1505339461,21098045,272.17,0.16699700,1
1505339420,21098034,272.46,0.52000000,0
1505339407,21098024,272.46,0.12623363,0
1505339401,21098022,272.17,0.06300300,1
1505339373,21098009,272.51,0.28622425,0
1505339362,21098003,272.18,0.40435470,0
1505339351,21097999,272.15,1.03979073,0
1505339339,21097995,271.15,0.96598000,0
1505339339,21097994,271.35,0.54000000,1
1505339339,21097993,271.51,0.23000000,0
1505339337,21097992,271.51,1.03402000,1
1505339337,21097991,271.51,0.23000000,1
1505339329,21097990,271.49,2.02294700,1
1505339329,21097989,271.50,0.13200000,1
1505339297,21097983,272.17,1.03154927,0
1505339279,21097970,271.83,0.52292457,0
1505339278,21097969,271.83,1.68433732,0
1505339271,21097965,271.80,2.00000000,0
1505339257,21097960,271.80,0.52000000,0
1505339235,21097956,271.84,0.38900000,0
1505339235,21097955,271.83,0.13100000,0
1505339219,21097952,271.84,0.52000000,0
1505339164,21097920,271.78,0.52000000,1
1505339164,21097919,271.89,0.40435470,1
1505339163,21097918,271.94,0.23000000,1
1505339146,21097903,271.93,1.03732000,1
1505339088,21097851,272.64,0.98414100,1
1505339070,21097836,272.64,1.01585900,1
1505339034,21097798,272.64,0.13100000,0
1505339034,21097797,272.65,1.05842500,1
1505339033,21097796,272.65,35.22680000,1
1505339033,21097795,272.66,0.23000000,1
1505339009,21097790,272.65,0.71477500,1
1505338985,21097784,272.86,7.55614600,0
1505338984,21097783,272.65,8.86216395,0
1505338950,21097769,272.65,0.54000000,0
1505338799,21097649,272.32,0.23000000,1
1505338720,21097614,272.65,0.59783605,0
1505338719,21097613,272.50,0.50000000,0
1505338652,21097571,272.00,0.90000000,0
1505338566,21097544,272.34,18.90990000,0
1505338551,21097537,272.33,2.00000000,1
1505338537,21097532,272.34,4.69704181,0
1505338535,21097531,272.34,14.89523139,0
1505338535,21097530,272.12,0.40402180,0
1505338455,21097510,271.89,0.11063000,0
1505338417,21097497,271.75,0.00000037,0
1505338386,21097490,271.75,0.99999963,0
1505338386,21097489,271.74,0.15404437,0
1505338368,21097474,271.74,0.61297563,0
1505338334,21097451,271.74,0.27100000,0
1505338275,21097430,271.63,1.03802000,1
1505338265,21097424,271.50,1.00000000,1
1505338265,21097423,271.52,0.40402180,1
1505338265,21097422,271.62,0.23000000,1
1505338207,21097411,272.26,1.50910000,1
1505338183,21097392,272.19,0.75987362,1
1505338046,21097333,271.89,0.11777477,0
1505338023,21097313,271.89,47.91358773,0
1505338023,21097311,271.85,0.40353006,0
1505337947,21097281,271.49,19.99629500,1
1505337931,21097274,271.49,3.57460679,0
1505337907,21097257,271.49,9.27160752,0
1505337901,21097250,271.49,1.84375068,0
1505337898,21097248,271.49,4.08000000,0
1505337894,21097247,271.49,0.39000000,0
1505337886,21097229,271.49,4.84000000,0
1505337880,21097228,271.24,0.00002000,0
1505337879,21097222,271.24,1.00000000,0
1505337844,21097214,271.34,0.03950000,1
1505337842,21097210,271.25,1.00000000,0
1505337829,21097208,270.88,0.53000000,1
1505337829,21097207,270.89,0.74450000,1
1505337829,21097206,270.89,0.23000000,1
1505337807,21097194,271.21,0.74360000,0
1505337806,21097193,271.20,0.29500000,0
1505337698,21097148,270.48,9.34424480,1
1505337698,21097147,270.57,6.98083714,1
1505337636,21097101,270.17,6.50428150,0
1505337636,21097100,270.56,0.08500887,1
1505337635,21097099,270.61,7.38000000,1
1505337635,21097098,270.73,0.29500000,1
1505337635,21097097,270.90,0.50570963,1
1505337633,21097095,270.91,0.23000000,1
1505337625,21097080,270.90,12.47100000,1
1505337612,21097074,270.90,0.10359500,1
1505337604,21097071,270.90,0.26301218,1
1505337602,21097069,270.90,0.12461461,1
1505337591,21097065,270.77,3.33000000,1
1505337591,21097064,270.78,0.23000000,1
1505337582,21097061,271.00,3.33000000,0
1505337581,21097060,271.00,3.33000000,0
1505337580,21097059,270.76,3.33000000,1
1505337580,21097058,270.77,0.23000000,1
1505337560,21097049,271.00,1.00000000,0
1505337553,21097043,270.99,9.57000000,0
1505337514,21097008,270.76,4.05000000,1
1505337511,21097007,271.00,1.00000000,1
1505337510,21097006,271.03,0.23000000,0
1505337510,21097005,271.03,0.55000000,1
1505337484,21096987,271.40,1.21280000,0
1505337480,21096986,270.73,7.15200000,1
1505337480,21096985,271.30,0.23000000,1
1505337421,21096935,271.75,0.55000000,0
1505337373,21096881,272.03,0.53130169,1
1505337372,21096880,271.50,0.13200000,1
1505337371,21096879,271.50,1.00000000,0
1505337231,21096790,270.87,9.30915293,0
1505337231,21096788,270.87,1.17900029,0
1505337230,21096787,270.98,0.06747678,1
1505337230,21096786,271.03,2.49000000,1
1505337230,21096785,271.14,3.50000000,1
1505337230,21096784,271.14,0.53000000,1
1505337229,21096783,271.25,1.00000000,1
1505337229,21096782,271.26,0.23000000,1
1505337229,21096781,271.27,0.53083000,1
1505337221,21096758,271.70,0.53000000,0
1505337208,21096751,271.71,0.05502023,0
1505337051,21096693,271.90,2.48130000,0
1505337004,21096673,271.19,0.19207300,1
1505336821,21096600,271.46,0.09800000,1
1505336821,21096599,271.46,0.38800000,1
1505336678,21096504,271.63,0.13200000,1
1505336635,21096470,271.74,9.55957922,1
1505336635,21096469,271.93,0.10000000,1
1505336634,21096468,271.94,0.10000000,1
1505336634,21096467,271.94,3.74853747,1
1505336634,21096466,271.95,0.10000000,1
1505336579,21096450,271.94,0.07107994,1
1505336579,21096449,271.95,1.03779000,1
1505336579,21096448,271.95,0.40353006,1
1505336492,21096402,272.14,16.26102100,0
1505336491,21096401,272.00,0.50000000,0
1505336469,21096389,271.94,1.86652200,1
1505336425,21096376,272.00,19.24547553,0
1505336425,21096375,271.99,23.50198200,0
1505336424,21096374,271.94,0.33294000,0
1505336414,21096361,271.47,0.33294000,1
1505336397,21096346,272.00,15.75452447,0
1505336397,21096345,271.98,5.07990041,0
1505336397,21096344,271.95,4.28416086,0
1505336397,21096343,271.94,0.11000000,0
1505336397,21096342,271.86,0.56000000,0
1505336397,21096341,271.82,24.05113900,0
1505336397,21096340,271.81,0.40373426,0
1505336396,21096336,271.33,0.13200000,0
1505336377,21096330,271.01,0.09000000,1
1505336372,21096328,271.00,0.01000000,0
1505336369,21096325,271.00,0.09000000,0
1505336263,21096288,271.00,0.09890909,0
1505336261,21096286,271.00,0.36000000,0
1505336189,21096256,271.54,0.08967272,0
1505336090,21096226,271.15,1.04027294,0
1505336080,21096222,270.85,19.99992665,1
1505336079,21096220,270.84,0.72000000,1
1505336077,21096216,270.84,0.13200000,1
1505336072,21096213,270.83,3.39025763,0
1505336072,21096212,270.83,2.31000000,1
1505336068,21096206,270.80,20.00000000,1
1505336053,21096200,271.16,0.09772828,1
1505336052,21096198,271.19,0.13200000,0
1505336046,21096196,271.20,0.40000000,1
1505336041,21096189,271.33,1.00000000,0
1505336033,21096178,271.33,2.37518704,1
1505336029,21096172,271.33,2.33481296,1
1505336029,21096170,271.35,0.13200000,1
1505336029,21096167,271.54,0.22604404,1
1505336028,21096165,271.54,0.17769022,1
1505336027,21096163,271.55,0.11437000,1
1505336013,21096149,271.55,0.69990794,1
1505336005,21096148,271.55,0.22599500,1
1505335992,21096138,271.97,0.85715911,0
1505335992,21096137,271.91,0.15604809,0
1505335962,21096084,271.94,3.49554700,0
1505335957,21096067,271.95,0.02004000,0
1505335949,21096066,271.96,0.26110535,0
1505335946,21096065,271.98,4.92009959,0
1505335946,21096064,271.98,0.26197262,0
1505335945,21096063,271.59,0.02577455,0
1505335945,21096062,271.52,0.26241087,0
1505335943,21096060,271.51,0.23000000,0
1505335935,21096056,271.07,0.10000000,0
1505335921,21096052,271.00,9.02013055,0
1505335910,21096050,271.00,36.02100000,0
1505335909,21096048,271.00,25.01770972,0
1505335902,21096044,271.00,33.00000000,0
1505335898,21096041,271.00,29.18440561,0
1505335896,21096040,271.00,3.81559400,0
1505335887,21096037,271.00,5.87020800,0
1505335885,21096036,271.00,1.83812700,0
1505335864,21096015,271.00,12.92835800,0
1505335860,21096011,271.00,0.52000000,0
1505335860,21096010,271.00,3.31858400,0
1505335848,21096004,271.00,0.52000000,0
1505335841,21096002,271.00,0.10979800,0
1505335840,21096001,271.00,1.08344400,0
1505335839,21096000,271.00,0.60464700,0
1505335838,21095999,271.00,0.02944400,0
1505335837,21095998,271.00,6.38293944,0
1505335832,21095997,271.00,16.62387000,0
1505335825,21095992,271.00,1.33860000,0
1505335824,21095990,271.00,0.42373700,0
1505335823,21095988,271.00,25.21630900,0
1505335822,21095987,271.00,1.27479400,0
1505335820,21095985,271.00,0.06392000,0
1505335819,21095982,271.00,2.57822000,0
1505335818,21095981,271.00,3.83104900,0
1505335817,21095980,271.00,5.14490400,0
1505335816,21095979,271.00,1.31586500,0
1505335811,21095974,271.00,1.27450000,0
1505335810,21095973,271.00,1.25150600,0
1505335808,21095971,271.00,1.50254500,0
1505335807,21095970,271.00,4.28416086,0
1505335807,21095969,271.00,0.52000000,0
1505335807,21095968,270.95,0.20317000,1
1505335806,21095967,271.00,0.33604385,0
1505335806,21095966,270.96,0.66795915,0
1505335806,21095965,270.96,1.33820000,0
1505335806,21095964,270.96,3.15775800,0
1505335806,21095962,270.96,1.36608285,1
1505335805,21095960,271.00,0.26993800,0
1505335805,21095957,270.96,0.84827500,1
1505335804,21095955,270.98,6.53172500,1
1505335804,21095954,271.00,1.30000000,0
1505335803,21095951,271.00,3.97404100,0
1505335802,21095950,271.00,1.27816800,0
1505335801,21095949,271.00,9.97500000,0
1505335801,21095948,271.00,0.24000000,0
1505335799,21095947,271.00,14.39116700,0
1505335799,21095946,271.00,0.06370000,0
1505335797,21095944,271.00,1.27470000,0
1505335797,21095942,271.00,0.06370000,0
1505335797,21095941,271.00,1.27450000,0
1505335796,21095940,271.00,14.54640700,0
1505335795,21095938,271.00,0.06370000,0
1505335793,21095936,271.00,6.66937269,0
1505335775,21095929,271.00,6.37277100,0
1505335769,21095924,271.00,4.08111200,0
1505335769,21095923,271.00,17.83907400,0
1505335768,21095921,271.00,0.06370000,0
1505335768,21095920,271.00,1.27410000,0
1505335767,21095919,271.00,31.33477400,0
1505335767,21095918,271.00,0.31230000,0
1505335762,21095917,271.00,5.20182000,0
1505335760,21095915,271.00,77.70000000,0
1505335760,21095914,271.00,0.52000000,0
1505335758,21095913,271.00,19.88000000,0
1505335758,21095911,270.99,0.12000000,0
1505335756,21095903,271.00,74.58210800,0
1505335753,21095900,271.00,0.52000000,0
1505335753,21095899,271.00,0.07135200,0
1505335751,21095897,271.00,0.97840000,0
1505335751,21095896,270.99,0.36000000,0
1505335747,21095894,271.00,0.21015500,0
1505335747,21095893,270.99,0.14000000,0
1505335747,21095892,270.99,0.27300000,0
1505335747,21095889,270.99,0.17600200,0
1505335743,21095885,271.00,20.00000000,0
1505335740,21095883,271.00,0.10000000,0
1505335740,21095882,270.99,0.23000000,0
1505335740,21095881,270.99,0.17000000,0
1505335730,21095879,271.00,1.00000000,0
1505335729,21095878,271.00,3.19545100,0
1505335727,21095875,271.00,2.77000000,0
1505335727,21095874,270.99,0.23000000,0
1505335725,21095870,271.00,1.27490000,0
1505335725,21095869,271.00,0.20000000,0
1505335724,21095868,271.00,4.17165100,0
1505335723,21095867,270.99,0.06370000,0
1505335722,21095866,271.00,0.50599031,0
1505335722,21095865,270.99,0.20000000,0
1505335722,21095864,270.99,0.23000000,0
1505335716,21095861,271.00,17.00000000,0
1505335716,21095860,271.00,7.14144000,0
1505335715,21095856,271.00,0.18382467,0
1505335714,21095855,271.00,5.23737900,0
1505335712,21095854,271.00,32.59750000,0
1505335711,21095852,271.00,0.77778400,0
1505335710,21095851,271.00,24.12860000,0
1505335710,21095850,271.00,20.00000000,0
1505335709,21095849,271.00,4.64035000,0
1505335709,21095848,271.00,0.54567960,0
1505335708,21095847,271.00,12.99433140,0
1505335707,21095846,270.99,0.23000000,0
1505335707,21095845,271.00,11.60926041,0
1505335707,21095844,271.00,3.68473828,0
1505335706,21095842,271.00,13.34083100,0
1505335706,21095841,270.99,0.24000000,0
1505335703,21095839,271.00,0.54512000,0
1505335703,21095838,271.00,0.36024300,0
1505335702,21095835,271.00,0.19902000,0
1505335702,21095834,271.00,0.53000000,0
1505335701,21095833,271.00,0.35711259,0
1505335701,21095831,271.00,0.31595289,0
1505335701,21095830,270.99,0.26292483,0
1505335699,21095825,270.99,0.26197262,0
1505335692,21095809,270.99,0.29000000,1
1505335690,21095806,271.00,30.00000000,0
1505335689,21095805,271.00,0.07158400,0
1505335687,21095803,270.99,0.23000000,1
1505335687,21095801,271.00,70.00000000,0
1505335684,21095799,271.00,2.10547800,0
1505335683,21095798,271.00,11.50708600,0
1505335682,21095797,270.99,0.23000000,0
1505335682,21095796,270.99,0.34000000,0
1505335674,21095793,271.00,1.04215200,0
1505335672,21095792,271.00,44.08961700,0
1505335672,21095791,270.98,0.23000000,0
1505335668,21095788,271.00,2.88675800,0
1505335668,21095787,270.99,0.41000000,0
1505335661,21095781,271.00,1.86534000,0
1505335661,21095778,270.99,0.15732200,0
1505335661,21095776,270.98,0.23000000,0
1505335657,21095773,270.99,0.33267800,0
1505335654,21095771,270.99,0.36440900,0
1505335654,21095770,270.98,0.13559100,0
1505335652,21095768,270.98,0.09440900,0
1505335629,21095732,271.00,4.34000000,0
1505335629,21095731,270.99,0.58000000,0
1505335612,21095723,271.00,0.96706572,0
1505335612,21095722,270.99,0.42605900,0
1505335610,21095721,270.99,0.13893000,0
1505335605,21095715,270.99,0.04060600,0
1505335603,21095714,270.99,0.08440500,0
1505335603,21095712,270.99,0.23000000,0
1505335583,21095692,271.00,22.13000000,0
1505335583,21095691,270.99,7.64000000,0
1505335583,21095690,270.98,0.23000000,0
1505335578,21095676,271.00,64.88300000,0
1505335578,21095675,270.99,0.82000000,0
1505335569,21095665,270.95,2.45976556,0
1505335569,21095664,270.94,4.98460255,0
1505335568,21095663,270.95,4.60000000,1
1505335543,21095650,271.00,13.02259000,0
1505335543,21095649,270.99,0.97000000,0
1505335493,21095602,270.99,2.08264783,1
1505335492,21095601,270.99,1.16000000,0
1505335492,21095599,270.99,1.01735217,0
1505335487,21095595,270.96,2.08623459,1
1505335486,21095594,270.42,0.40542441,0
1505335454,21095568,270.40,0.23000000,0
1505335410,21095527,269.79,0.00169321,1
1505335405,21095513,270.36,2.16850500,0
1505335405,21095512,270.20,0.94640500,0
1505335405,21095511,270.19,0.23000000,0
1505335378,21095492,270.25,1.00233300,0
1505335378,21095489,270.24,0.11200000,0
1505335378,21095487,270.24,0.23000000,0
1505335366,21095474,270.27,0.53000000,0
1505335344,21095438,270.30,0.02000000,0
1505335336,21095424,269.55,0.00000865,0
1505335332,21095420,269.55,2.84083714,1
1505335286,21095360,269.85,2.22345705,0
1505335286,21095359,269.82,0.53217295,0
1505335281,21095355,269.36,4.16000000,1
1505335245,21095292,269.03,3.73000000,1
1505335243,21095289,269.50,0.88693400,0
1505335243,21095288,269.50,0.11306600,0
1505335235,21095284,269.00,3.50000000,1
1505335235,21095283,269.00,0.10000000,1
1505335235,21095282,269.09,4.15453500,1
1505335234,21095281,269.25,0.88693400,1
1505335234,21095280,269.26,0.23000000,1
1505335227,21095277,269.25,0.11306600,1
1505335212,21095273,269.09,0.68546500,1
1505335212,21095272,269.13,0.13200000,1
1505335212,21095270,269.19,0.23000000,1
1505335150,21095253,269.07,0.50000000,1
1505335140,21095244,269.57,0.51000000,0
1505335137,21095240,269.57,1.52290000,0
1505335136,21095238,269.02,3.60000000,1
1505335134,21095236,269.03,2.00532900,1
1505335133,21095235,269.03,4.61000000,1
1505335133,21095234,269.03,0.23000000,1
1505335116,21095230,269.03,3.60000000,1
1505335105,21095228,269.09,0.10000000,1
1505335105,21095227,269.10,4.84000000,1
1505335105,21095226,269.17,0.10000000,1
1505335105,21095225,269.37,0.10000000,1
1505335105,21095224,269.37,0.10000000,1
1505335105,21095223,269.52,0.10000000,1
1505335095,21095219,269.52,0.10000000,1
1505335095,21095218,269.62,0.10000000,1
1505335095,21095217,269.62,0.10000000,1
1505335017,21095162,269.67,0.60800000,1
1505335013,21095160,269.67,3.69200000,0
1505335011,21095159,269.67,6.75000000,0
1505334963,21095140,269.67,3.69896540,0
1505334947,21095136,269.20,7.56600000,1
1505334947,21095135,269.20,0.10000000,1
1505334946,21095134,269.24,0.10000000,1
1505334946,21095133,269.34,0.10000000,1
1505334946,21095132,269.35,0.10000000,1
1505334946,21095131,269.41,0.23000000,1
1505334864,21095084,269.63,7.64000000,0
1505334863,21095082,269.64,7.64000000,0
1505334851,21095073,269.69,1.08430000,0
1505334851,21095072,269.67,0.13200000,0
1505334787,21095034,269.39,0.47000000,1
1505334787,21095033,269.50,0.10000000,1
1505334787,21095032,269.51,0.10000000,1
1505334787,21095031,269.52,0.10000000,1
1505334787,21095030,269.52,0.23000000,1
1505334740,21095018,269.46,2.87875447,1
1505334740,21095017,269.47,7.64000000,1
1505334740,21095016,269.55,0.23000000,1
1505334735,21095015,269.85,0.35500000,0
1505334607,21094964,269.39,5.29000000,1
1505334607,21094963,269.54,0.23000000,1
1505334606,21094962,269.55,7.29000000,1
1505334600,21094947,269.45,0.10000000,1
1505334600,21094944,269.49,0.10000000,1
1505334599,21094943,269.50,0.10000000,1
1505334599,21094941,269.51,0.10000000,1
1505334599,21094940,269.51,0.23000000,1
1505334599,21094939,269.53,5.81457105,1
1505334595,21094934,269.53,1.04217295,1
1505334594,21094929,269.52,1.04217295,1
1505334591,21094926,270.03,0.55000000,0
1505334589,21094925,270.03,1.80288030,0
1505334588,21094924,270.05,13.85038832,0
1505334588,21094923,270.04,1.00190168,0
1505334586,21094921,270.04,0.04348832,1
1505334585,21094918,270.05,0.69671100,0
1505334583,21094901,270.04,0.10820483,0
1505334583,21094895,270.04,0.04356417,0
1505334507,21094825,269.50,0.69671100,1
1505334507,21094824,269.51,0.10000000,1
1505334507,21094823,269.51,0.23000000,1
1505334431,21094798,269.60,0.13200000,1
1505334430,21094797,269.69,0.02283000,1
1505334430,21094796,269.69,0.03849949,1
1505334430,21094795,269.70,0.23000000,1
1505334421,21094786,269.69,0.07048509,0
1505334420,21094785,269.69,0.03855402,0
1505334413,21094771,269.58,0.09211500,1
1505334394,21094757,269.69,2.22238389,0
1505334389,21094753,269.69,1.45857700,0
1505334388,21094752,269.69,4.47416100,0
1505334375,21094743,269.69,0.13583900,0
1505334363,21094734,269.69,0.23000000,1
1505334311,21094727,269.42,4.07162963,0
1505334310,21094726,270.28,0.23000000,1
1505334295,21094722,270.24,4.84000000,1
1505334295,21094721,270.26,0.40542441,1
1505334294,21094719,270.27,0.23000000,1
1505334218,21094697,270.49,1.04539000,1
1505334215,21094696,270.28,4.84000000,1
1505334155,21094626,270.99,0.77000000,0
1505334155,21094625,270.98,0.23000000,0
1505334130,21094616,270.99,0.02000000,0
1505334130,21094615,270.99,0.23000000,0
1505334060,21094585,271.00,9.11169741,0
1505334060,21094582,270.99,1.71000000,0
1505334060,21094581,270.99,2.21410384,0
1505334059,21094580,270.86,0.10000000,0
1505334059,21094579,270.84,0.40455335,0
1505334058,21094577,270.62,0.52667118,0
1505334044,21094564,270.62,2.75000000,0
1505334003,21094541,270.62,0.17907983,0
1505334003,21094540,270.59,0.00230000,0
1505333998,21094528,270.59,0.45770000,0
1505333992,21094519,270.61,0.10000000,0
1505333992,21094518,270.60,0.10000000,0
1505333991,21094517,270.59,1.00000000,0
1505333982,21094510,270.60,3.65000000,0
1505333956,21094495,270.57,0.40455335,1
1505333911,21094461,270.61,4.19000000,0
1505333903,21094459,270.65,1.54424899,1
1505333897,21094455,270.62,0.40290000,1
1505333843,21094387,271.01,0.23000000,1
1505333841,21094378,270.96,0.23000000,0
1505333831,21094369,270.30,0.26900000,1
1505333831,21094366,271.45,18.80740467,1
1505333830,21094365,271.00,0.00000001,0
1505333828,21094363,270.97,0.23000000,0
1505333813,21094357,270.98,1.03121000,0
1505333812,21094356,270.98,0.23000000,0
1505333778,21094343,271.00,0.88884300,0
1505333778,21094342,270.99,0.23000000,0
1505333766,21094335,270.16,0.61124499,1
1505333766,21094334,270.18,4.58000000,1
1505333757,21094331,271.00,1.28505700,0
1505333757,21094330,270.44,0.23000000,0
1505333749,21094328,270.08,1.73555842,1
1505333745,21094324,270.05,0.38543992,1
1505333745,21094323,270.13,6.54141100,1
1505333745,21094322,270.07,1.00000000,1
1505333738,21094318,270.60,0.01300000,1
1505333736,21094313,270.60,0.26700000,1
1505333734,21094306,270.46,0.23000000,0
1505333730,21094297,271.00,4.52609999,0
1505333730,21094296,270.99,1.48398992,0
1505333730,21094295,270.72,0.87385109,0
1505333729,21094294,270.72,1.34246097,0
1505333729,21094293,270.47,7.64000000,0
1505333729,21094292,270.47,0.23000000,0
1505333728,21094291,270.46,1.18784103,0
1505333723,21094279,270.04,4.30282300,1
1505333722,21094276,270.05,0.22593400,1
1505333721,21094275,270.48,2.17390000,0
1505333720,21094269,270.48,0.66889697,0
1505333720,21094268,270.48,0.40000000,0
1505333713,21094252,270.02,4.75004000,1
1505333702,21094224,270.15,0.06823128,1
1505333702,21094223,270.02,0.43176872,0
1505333689,21094210,270.05,0.00137328,1
1505333682,21094197,270.05,0.27328339,1
1505333674,21094194,270.05,0.95362800,1
1505333653,21094169,270.05,0.57632700,1
1505333632,21094140,270.02,1.26705112,1
1505333632,21094139,270.02,3.96790955,1
1505333631,21094137,270.03,1.04421000,1
1505333631,21094136,270.04,6.71786900,1
1505333618,21094123,270.04,1.45909622,1
1505333613,21094120,270.02,0.11889300,0
1505333610,21094108,270.03,3.76321163,1
1505333602,21094089,270.00,1.33000000,1
1505333599,21094083,270.61,3.30788127,0
1505333599,21094081,270.60,0.23000000,0
1505333599,21094079,270.59,0.86211873,0
1505333556,21093963,269.73,0.07667000,1
1505333544,21093952,270.75,5.81980194,0
1505333544,21093951,270.75,1.81000000,0
1505333543,21093950,270.73,1.22722990,0
1505333543,21093949,270.73,0.23000000,0
1505333534,21093940,270.75,2.38980000,0
1505333534,21093939,269.86,0.23000000,0
1505333527,21093932,269.85,0.54000000,1
1505333525,21093925,270.00,4.30162963,0
1505333521,21093919,270.00,3.20000000,0
1505333521,21093918,269.99,0.23000000,0
1505333516,21093911,269.74,0.00008226,0
1505333515,21093909,269.74,0.09991774,0
1505333514,21093908,269.73,0.10000000,0
1505333514,21093907,269.72,0.23000000,0
1505333508,21093900,269.99,2.54220500,0
1505333508,21093897,269.73,0.23000000,0
1505333500,21093892,269.74,0.40579499,0
1505333496,21093888,269.44,3.50000000,0
1505333493,21093886,269.43,0.23000000,1
1505333491,21093883,269.43,0.23000000,0
1505333470,21093863,269.44,22.00683731,0
1505333470,21093860,269.44,3.50000000,0
1505333463,21093838,269.46,0.51684998,1
1505333461,21093837,269.46,0.23000000,0
1505333461,21093836,269.08,0.17635888,0
1505333457,21093831,269.46,1.63020800,0
1505333455,21093829,269.08,0.92320000,1
1505333455,21093827,269.07,0.17635888,1
1505333452,21093823,269.07,0.17680381,1
1505333452,21093822,269.08,0.18676485,1
1505333452,21093821,269.08,7.64000000,1
1505333450,21093818,269.06,7.64000000,0
1505333449,21093817,268.74,4.36595400,1
1505333448,21093816,268.75,3.27404600,1
1505333448,21093815,268.74,7.07083714,1
1505333447,21093814,269.07,2.25040375,0
1505333447,21093813,269.07,4.84000000,0
1505333447,21093812,269.07,0.54452537,0
1505333447,21093811,268.75,4.84000000,0
1505333447,21093810,268.58,7.64000000,0
1505333438,21093801,268.36,1.18930800,0
1505333436,21093800,268.36,0.04463300,0
1505333424,21093788,268.39,2.04707500,0
1505333424,21093787,268.36,0.23000000,0
1505333424,21093786,268.36,0.29800000,0
1505333406,21093761,267.54,1.47934117,1
1505333406,21093760,267.81,0.29800000,1
1505333406,21093759,267.90,0.29552659,1
1505333401,21093754,268.01,5.00000000,0
1505333391,21093747,267.51,2.04281000,1
1505333389,21093744,267.51,2.03602764,1
1505333389,21093742,267.51,0.29256773,1
1505333387,21093740,267.51,1.07410610,1
1505333386,21093736,267.51,1.07201356,1
1505333384,21093724,267.51,0.18545974,1
1505333383,21093721,267.50,1.94157747,0
1505333380,21093712,267.50,0.18519874,1
1505333379,21093710,267.50,4.00000000,0
1505333379,21093708,267.48,1.05414813,0
1505333377,21093695,267.49,2.26056682,0
1505333375,21093694,267.49,0.55000000,0
1505333366,21093682,267.23,0.20310909,1
1505333366,21093681,267.23,0.29689091,1
1505333364,21093679,267.10,0.00001577,0
1505333332,21093621,267.09,3.69481141,1
1505333330,21093614,267.09,0.29800000,0
1505333242,21093516,266.61,0.96200436,1
1505333241,21093514,266.61,0.79637158,1
1505333238,21093508,266.61,0.94316764,1
1505333234,21093501,267.10,0.51664459,1
1505333231,21093497,267.10,0.63047541,1
1505333085,21093348,267.11,2.18298954,1
1505333083,21093346,267.11,1.00000000,1
1505333050,21093328,267.10,0.38968000,1
1505333050,21093327,267.28,1.04000000,1
1505332955,21093243,267.55,0.29800000,1
1505332941,21093224,268.00,2.87890687,1
1505332922,21093199,268.00,3.50000000,1
1505332900,21093170,268.00,3.50000000,1
1505332893,21093161,268.00,1.12109313,1
1505332893,21093160,268.00,0.10000000,1
1505332893,21093159,268.00,0.00075687,1
1505332871,21093143,268.37,28.36548801,1
1505332854,21093136,268.02,0.75781000,1
1505332742,21093065,268.00,0.15061747,1
1505332733,21093058,267.77,0.29633813,1
1505332576,21092976,268.22,1.05310000,0
1505332576,21092975,268.21,0.13300000,0
1505332508,21092917,268.19,1.04161229,0
1505332440,21092867,267.00,3.43577188,0
1505332440,21092866,267.00,1.43257400,0
1505332437,21092862,267.00,1.00000000,1
1505332437,21092861,267.00,1.00000000,1
1505332437,21092860,267.00,1.00000000,1
1505332437,21092859,267.00,0.50000000,1
1505332437,21092858,267.00,4.00000000,1
1505332437,21092857,267.00,4.50000000,1
1505332437,21092856,267.00,0.50000000,1
1505332437,21092855,267.00,1.00000000,1
1505332436,21092854,267.00,0.45000000,1
1505332436,21092853,267.02,0.33000000,1
1505332436,21092852,267.04,0.05422409,1
1505332436,21092851,267.12,15.90520076,1
1505332436,21092850,267.13,1.66000000,1
1505332436,21092849,267.32,0.10000000,1
1505332436,21092848,267.33,4.61579367,1
1505332436,21092847,267.40,6.80000000,1
1505332436,21092846,267.41,1.01139984,1
1505332430,21092838,267.41,3.98860016,1
1505332372,21092769,267.40,1.36700000,0
1505332364,21092765,267.40,0.13300000,1
1505332357,21092764,268.68,0.20695013,1
1505332357,21092763,268.68,0.29800000,0
1505332322,21092758,267.54,2.18677871,1
1505332322,21092755,268.23,0.29800000,1
1505332320,21092753,268.33,1.05310000,1
1505332192,21092691,268.30,0.10000000,1
1505332176,21092672,268.30,3.10801500,0
1505332149,21092662,268.30,1.68954100,0
1505332147,21092659,268.30,0.04244400,0
1505332056,21092598,267.46,1.21470000,1
1505332052,21092588,267.16,0.90602933,0
1505332052,21092587,267.16,1.54817102,1
1505332052,21092586,267.99,2.12579965,1
1505332051,21092585,267.99,1.05442000,0
1505332051,21092584,267.99,0.31978035,0
1505332049,21092581,267.16,0.52182898,0
1505332049,21092580,267.16,5.00000000,1
1505332041,21092579,267.15,1.00000000,1
1505332041,21092578,267.50,0.50000000,1
1505332034,21092576,268.00,0.26000000,1
1505332033,21092575,268.00,0.74000000,1
1505332033,21092574,268.00,0.50000000,1
1505332031,21092573,268.03,0.02595765,1
1505332019,21092568,268.04,2.25040375,1
1505332017,21092563,268.04,4.84000000,1
1505332015,21092562,268.04,4.84000000,1
1505332015,21092560,268.04,0.54452537,1
1505332015,21092559,268.04,2.95547463,1
1505331979,21092550,268.04,0.55055323,1
1505331978,21092549,268.04,4.84000000,1
1505331977,21092547,268.04,3.22000000,1
1505331976,21092546,268.04,3.50000000,1
1505331975,21092545,268.04,4.84000000,1
1505331972,21092544,268.04,14.64497363,1
1505331972,21092543,268.05,2.28000000,1
1505331972,21092540,268.19,0.10000000,1
1505331972,21092539,268.58,0.10000000,1
1505331972,21092538,268.93,1.82060637,1
1505331971,21092536,268.99,1.05442000,1
1505331969,21092532,269.01,0.27400000,0
1505331968,21092531,269.00,0.07173800,1
1505331968,21092530,269.01,0.23000000,1
1505331933,21092509,269.00,0.20089494,1
1505331864,21092489,269.50,0.23000000,0
1505331845,21092474,269.52,0.70300000,0
1505331845,21092473,269.51,0.29700000,0
1505331811,21092439,268.76,0.29700000,1
1505331754,21092431,269.51,2.34796482,0
1505331754,21092430,269.50,0.29491529,0
1505331754,21092429,269.14,0.29700000,0
1505331752,21092428,269.10,1.04872005,0
1505331688,21092407,268.75,0.23000000,1
1505331591,21092298,268.72,1.04872005,1
1505331567,21092268,268.93,0.29700000,1
1505331529,21092237,269.47,0.70145100,0
1505331517,21092229,269.47,0.29491529,0
1505331489,21092216,269.47,2.19000000,0
1505331489,21092215,269.47,0.23000000,0
1505331476,21092202,269.00,9.59565400,0
1505331475,21092200,269.00,1.45056600,0
1505331471,21092197,269.47,7.41000000,0
1505331471,21092196,269.45,0.23000000,0
1505331459,21092191,269.46,1.81554700,0
1505331456,21092190,269.04,0.92635627,0
1505331444,21092154,269.04,2.07222754,0
1505331442,21092152,269.04,0.10000000,1
1505331441,21092151,269.47,0.13200000,0
1505331440,21092150,269.46,0.10000000,0
1505331440,21092149,268.83,0.10000000,0
1505331357,21092125,268.82,1.05361000,0
1505331345,21092110,268.34,0.10000000,0
1505331290,21092033,268.04,15.60000000,1
1505331290,21092032,268.06,0.10000000,1
1505331290,21092031,268.07,0.10000000,1
1505331289,21092030,268.08,7.64000000,1
1505331289,21092029,268.08,0.10000000,1
1505331289,21092028,268.08,1.46000000,1
1505331289,21092027,268.09,5.00000000,1
1505331265,21092012,268.04,5.00000000,1
1505331264,21092011,268.04,0.97599100,1
1505331264,21092010,268.05,0.52512100,1
1505331263,21092008,268.05,4.47487900,1
1505331260,21091995,268.04,30.00000000,1
1505331258,21091992,268.04,43.17100100,1
1505331258,21091991,268.20,1.65000000,1
1505331258,21091990,268.21,5.00000000,1
1505331258,21091989,268.22,0.33000000,1
1505331142,21091876,268.06,3.14236500,1
1505331138,21091873,268.04,0.70200651,1
1505331138,21091871,268.21,0.05398755,1
1505331136,21091866,268.51,3.19400594,1
1505331136,21091865,268.52,1.60000000,1
1505331135,21091864,268.51,0.29599406,1
1505331131,21091862,268.53,0.63363500,1
1505331131,21091861,268.70,5.11636500,1
1505331131,21091859,268.70,2.52363500,1
1505331131,21091858,268.70,1.60000000,1
1505331104,21091820,268.61,0.31780366,1
1505331104,21091819,268.61,3.09000000,1
1505331104,21091818,268.61,1.25000000,1
1505331095,21091802,268.61,0.71000000,1
1505331095,21091801,268.61,0.28114200,1
1505331095,21091800,268.62,0.13200000,1
1505331082,21091781,269.56,1.59649326,0
1505331082,21091778,268.62,2.18238801,0
1505331074,21091767,268.61,2.30885800,1
1505331074,21091766,268.61,4.84000000,1
1505331074,21091764,268.61,3.08962300,1
1505331073,21091763,268.62,1.73589190,0
1505331072,21091759,268.61,1.25357500,1
1505331068,21091755,268.61,0.71435600,1
1505331067,21091753,268.61,2.58244600,1
1505331066,21091752,268.53,0.36636500,1
1505331066,21091751,268.53,0.53000000,1
1505331066,21091750,268.55,1.05361000,1
1505331065,21091749,268.61,1.73775046,1
1505331064,21091746,268.61,0.17815300,1
1505331057,21091734,268.61,2.92409654,1
1505331055,21091723,268.92,0.39000000,1
1505331055,21091722,268.93,0.20723306,1
1505331053,21091720,269.75,8.21846967,1
1505331051,21091719,269.75,1.55619100,1
1505331048,21091718,269.75,4.84000000,1
1505331047,21091716,269.75,3.23832000,1
1505331047,21091713,269.75,3.54385300,1
1505331042,21091707,269.75,5.92226400,1
1505331041,21091706,269.75,1.22705900,1
1505331038,21091694,269.75,17.24077597,1
1505331030,21091679,269.75,1.52130000,1
1505330887,21091644,269.76,1.57485423,0
1505330885,21091594,269.76,1.09575177,0
1505330884,21091589,269.76,0.80000000,0
1505330881,21091585,269.76,1.26939400,0
1505330877,21091578,269.76,0.10000000,1
1505330876,21091576,269.75,1.19000000,1
1505330876,21091575,269.76,2.31000000,1
1505330661,21091457,270.00,0.53000000,0
1505330592,21091424,269.98,1.43509412,0
1505330592,21091423,269.62,0.00393888,0
1505330580,21091406,269.62,0.09606112,0
1505330580,21091404,269.61,0.10000000,0
1505330578,21091402,269.60,0.10000000,0
1505330575,21091400,269.41,0.65405594,0
1505330573,21091397,269.41,0.10000000,1
1505330566,21091395,269.60,0.29599406,1
1505330526,21091350,269.26,0.10000000,0
1505330526,21091349,269.25,0.10000000,0
1505330526,21091348,269.24,0.10000000,0
1505330440,21091309,268.50,0.00460963,0
1505330422,21091305,268.50,0.98010399,0
1505330421,21091302,268.50,3.95521700,0
1505330412,21091300,268.48,1.95000000,1
1505330410,21091297,268.48,3.50000000,1
1505330409,21091296,268.49,3.50000000,0
1505330404,21091290,268.49,5.00000000,1
1505330392,21091277,268.50,5.42502683,0
1505330392,21091276,268.50,4.50807265,0
1505330391,21091272,268.50,1.52670000,0
1505330390,21091271,268.50,0.54558700,0
1505330386,21091268,268.50,0.29895800,0
1505330385,21091259,268.50,6.97572490,0
1505330384,21091258,268.50,4.84000000,0
1505330383,21091256,268.50,0.50000000,1
1505330383,21091255,268.51,2.49000000,1
1505330383,21091254,268.58,4.84000000,1
1505330382,21091253,268.66,1.00000000,1
1505330382,21091252,268.97,0.51000000,1
1505330382,21091251,269.00,1.00000000,1
1505330382,21091250,269.02,10.00000000,1
1505330322,21091219,269.69,1.05005000,0
1505330311,21091211,269.24,3.71000000,1
1505330263,21091191,269.67,0.02595765,1
1505330263,21091190,270.50,0.02577455,0
1505330156,21091129,270.71,2.29000000,0
1505330142,21091097,270.17,0.13100000,1
1505330142,21091096,270.17,1.36772700,1
1505330139,21091095,270.17,1.04817000,0
1505330083,21091083,269.14,2.50900000,1
1505330082,21091082,269.15,0.13100000,1
1505330082,21091081,269.15,5.00000000,1
1505330074,21091076,269.50,1.65000000,1
1505330073,21091075,269.50,1.85000000,0
1505330073,21091074,269.50,4.84000000,0
1505330070,21091073,269.50,0.40000000,1
1505330070,21091072,269.82,0.55000000,1
1505330054,21091055,270.51,24.36008511,0
1505330011,21091038,270.24,1.83818088,0
1505329999,21091027,270.27,0.20865000,0
1505329993,21091025,270.29,1.07032616,0
1505329993,21091022,270.29,2.41187519,0
1505329855,21090967,270.12,0.51142730,1
1505329855,21090966,270.13,2.22112479,1
1505329854,21090965,270.21,1.04817000,1
1505329830,21090961,270.85,0.09043927,0
1505329815,21090950,270.12,3.73008863,1
1505329815,21090949,270.20,0.20000000,1
1505329788,21090939,270.12,1.36174695,1
1505329719,21090915,270.72,9.73488633,0
1505329719,21090914,270.72,7.64000000,0
1505329688,21090897,269.66,2.22502410,0
1505329688,21090896,269.65,1.05035047,0
1505329610,21090831,269.00,3.81549159,1
1505329610,21090830,269.01,6.44000000,1
1505329610,21090829,269.04,1.56724341,1
1505329536,21090792,269.56,5.00000000,1
1505329502,21090771,270.34,3.37000000,0
1505329483,21090761,270.35,0.42600000,1
1505329477,21090757,270.35,0.29500000,0
1505329477,21090756,270.35,0.13100000,0
1505329457,21090741,270.36,2.08100000,1
1505329456,21090740,270.37,5.00000000,1
1505329451,21090733,270.34,3.36900000,1
1505329451,21090732,270.44,4.84000000,1
1505329451,21090731,270.45,0.13100000,1
1505329451,21090730,270.53,0.53000000,1
1505329450,21090728,270.96,0.29500000,1
1505329449,21090726,271.16,0.90000000,1
1505329396,21090713,271.17,0.50388000,1
1505329396,21090712,271.17,0.23000000,1
1505329366,21090657,271.60,3.17801914,0
1505329365,21090655,271.50,4.84000000,1
1505329364,21090653,271.50,4.84000000,0
1505329217,21090590,271.66,5.50780387,1
1505329170,21090550,271.21,5.29885327,1
1505329170,21090549,271.42,0.44158736,1
1505329170,21090548,271.43,2.02099989,1
1505329170,21090546,271.44,7.64000000,1
1505329169,21090545,271.45,4.84000000,0
1505329169,21090544,271.45,3.27000000,0
1505329167,21090543,271.45,0.23000000,1
1505329149,21090541,271.54,4.84000000,0
1505329098,21090514,271.72,0.46551743,1
1505329098,21090513,271.72,0.53448257,1
1505329075,21090498,271.72,0.16551743,0
1505329059,21090492,271.53,0.17787700,1
1505329059,21090491,271.53,4.84000000,1
1505329055,21090488,271.53,0.11000000,0
1505329055,21090486,271.52,3.39000000,0
1505329017,21090462,271.43,4.18998000,1
1505329014,21090460,271.51,0.49802953,0
1505328957,21090408,271.71,0.12848257,0
1505328932,21090394,271.30,1.44970909,0
1505328930,21090393,271.32,0.13000000,0
1505328926,21090389,271.17,0.39992600,0
1505328925,21090388,271.17,0.55427400,0
1505328924,21090387,271.02,3.39400500,1
1505328924,21090386,271.34,0.81599500,1
1505328924,21090384,271.33,0.13000000,0
1505328923,21090383,271.30,3.27000000,0
1505328918,21090376,271.34,0.29400000,1
1505328914,21090359,271.35,0.47000000,1
1505328907,21090343,271.73,0.10000000,1
1505328907,21090342,271.74,0.23000000,1
1505328896,21090326,272.19,0.23000000,0
1505328894,21090325,272.19,2.80000000,1
1505328894,21090323,272.19,4.84000000,1
1505328891,21090322,272.59,0.23000000,1
1505328836,21090293,272.58,2.05721487,1
1505328827,21090285,272.60,5.36415600,1
1505328827,21090284,273.01,0.23000000,1
1505328734,21090259,273.49,0.04000100,0
1505328728,21090254,272.89,1.04450000,1
1505328728,21090253,272.89,0.23000000,1
1505328675,21090234,273.34,1.04798000,0
1505328594,21090143,272.52,0.04797000,1
1505328571,21090132,272.45,4.84000000,1
1505328571,21090131,272.43,2.02573100,0
1505328570,21090130,272.43,0.23000000,0
1505328570,21090129,272.45,4.84000000,1
1505328569,21090128,272.43,0.98490500,1
1505328569,21090127,272.43,4.57045000,1
1505328569,21090126,273.30,0.03955000,1
1505328569,21090125,273.31,0.23000000,1
1505328503,21090088,273.00,0.20000000,1
1505328462,21090049,272.86,7.64000000,1
1505328462,21090048,272.89,0.23000000,1
1505328395,21090007,273.86,0.61434134,0
1505328302,21089950,273.81,1.04798000,1
1505328290,21089941,273.80,2.18865984,1
1505328281,21089939,273.67,0.16856068,1
1505328281,21089938,273.79,9.27218089,1
1505328217,21089898,273.79,0.72781911,1
1505328170,21089880,273.66,2.06783251,1
1505328170,21089879,273.74,0.23000000,1
1505328152,21089872,273.66,0.53000000,1
1505328145,21089869,273.72,0.13000000,1
1505328119,21089856,275.04,2.20077516,0
1505328119,21089855,275.03,1.97000000,0
1505328024,21089808,274.28,1.97251717,0
1505328016,21089799,274.27,1.04622000,0
1505327963,21089775,274.28,0.02748283,0
1505327944,21089769,274.28,1.04622000,1
1505327935,21089762,275.21,11.59650829,0
1505327935,21089761,275.20,1.04273000,0
1505327848,21089666,274.71,1.03751600,0
1505327845,21089662,274.27,0.43962070,1
1505327843,21089660,274.25,0.00000589,0
1505327842,21089657,274.25,2.67463397,1
1505327839,21089646,274.71,0.00521365,1
1505327839,21089642,274.71,1.03751635,1
1505327830,21089624,274.72,0.40579499,1
1505327821,21089619,275.38,2.09513049,0
1505327821,21089618,275.35,0.40486951,0
1505327800,21089615,275.23,2.50000000,0
1505327795,21089604,275.25,6.38539306,1
1505327794,21089602,275.25,0.26000000,0
1505327794,21089601,275.25,6.16800000,0
1505327785,21089586,274.69,0.25130699,0
1505327783,21089584,274.68,1.18664427,1
1505327783,21089583,274.68,0.98460773,0
1505327777,21089579,274.25,1.12871560,1
1505327777,21089578,274.25,1.03665043,1
1505327773,21089575,274.68,4.84000000,1
1505327772,21089574,274.68,0.06937239,1
1505327772,21089572,274.68,0.26088000,1
1505327771,21089568,274.68,2.32404475,1
1505327768,21089564,274.23,2.19179910,1
1505327768,21089563,274.23,1.30820090,1
1505327765,21089553,274.34,0.17944503,1
1505327765,21089552,274.34,4.66055497,1
1505327764,21089544,274.64,0.66322619,1
1505327762,21089541,274.64,0.26087900,1
1505327761,21089539,274.64,0.11513955,1
1505327756,21089528,274.64,2.45219191,1
1505327753,21089524,274.52,4.02962115,0
1505327747,21089518,274.65,1.26045300,0
1505327747,21089517,274.62,30.00000000,0
1505327736,21089496,274.52,10.20451199,1
1505327736,21089495,274.65,19.79548801,1
1505327735,21089494,274.61,0.93000000,0
1505327734,21089492,274.53,7.64000000,0
1505327732,21089489,273.98,1.49960000,0
1505327720,21089468,274.52,4.27614469,1
1505327720,21089467,274.52,11.11000000,1
1505327715,21089461,274.02,0.56000000,1
1505327707,21089456,274.02,5.63048600,0
1505327704,21089449,274.19,0.16821371,0
1505327704,21089447,274.02,0.95000000,0
1505327699,21089441,274.02,4.84000000,0
1505327699,21089440,274.02,1.85000000,0
1505327685,21089415,273.95,0.23000000,0
1505327682,21089412,273.96,23.21764170,0
1505327682,21089411,273.96,3.81759578,0
1505327682,21089410,273.95,1.11000000,0
1505327675,21089408,273.95,1.85476252,1
1505327660,21089397,272.75,1.41981668,0
1505327659,21089394,272.75,0.78000000,0
1505327642,21089385,272.71,0.23000000,1
1505327636,21089380,272.71,1.32000000,0
1505327633,21089375,271.89,0.10000000,0
1505327630,21089374,271.88,0.29300000,0
1505327508,21089274,271.78,4.50832300,1
1505327508,21089272,271.79,3.00000000,1
1505327508,21089271,271.80,0.23000000,1
1505327500,21089265,271.79,2.00000000,1
1505327456,21089232,272.26,0.29300000,1
1505327450,21089231,272.59,0.00000026,1
1505327401,21089176,272.59,9.08822900,1
1505327401,21089175,272.61,0.19000000,1
1505327393,21089162,272.60,0.81000000,0
1505327388,21089155,272.59,0.70177074,1
1505327387,21089154,272.60,9.99122926,1
1505327380,21089144,272.60,2.50000000,1
1505327379,21089141,272.61,3.49998456,0
1505327379,21089140,272.61,0.75911544,0
1505327367,21089132,272.60,0.29200000,1
1505327362,21089122,272.60,0.03000000,1
1505327358,21089113,272.61,0.75088456,0
1505327358,21089112,272.61,1.83000000,0
1505327358,21089108,272.61,2.41911544,0
1505327357,21089107,272.61,0.26088456,0
1505327354,21089103,272.60,2.18677074,1
1505327353,21089101,272.61,0.26101117,1
1505327348,21089097,273.00,2.98815842,1
1505327344,21089092,273.00,0.01184158,1
1505327344,21089091,273.02,1.00000000,1
1505327342,21089090,273.03,0.00400000,1
1505327339,21089089,273.08,0.34000000,1
1505327333,21089084,273.04,0.82000000,0
1505327333,21089083,273.04,3.84000000,0
1505327330,21089082,273.03,0.99600000,1
1505327329,21089081,273.04,1.00000000,1
1505327315,21089054,273.13,3.10000000,1
1505327282,21089029,273.05,3.10542029,1
1505327281,21089028,273.08,0.22591957,1
1505327272,21089026,274.17,0.16820800,0
1505327254,21089020,273.70,4.09800000,1
1505327254,21089019,273.70,0.70000000,1
1505327254,21089018,273.70,2.10000000,1
1505327253,21089017,273.70,4.84000000,1
1505327248,21089012,273.51,11.63318347,1
1505327247,21089011,273.64,0.16821371,1
1505327247,21089010,273.68,0.29200000,1
1505327247,21089009,273.69,0.25130699,1
1505327247,21089008,273.70,0.70000000,1
1505327247,21089006,273.70,6.94000000,1
1505327245,21089000,273.70,0.70000000,0
1505327243,21088999,273.70,2.80000000,1
1505327243,21088998,273.70,4.84000000,1
1505327215,21088961,274.35,0.50634771,0
1505327195,21088899,273.64,0.78210695,1
1505327195,21088898,273.66,0.50632199,1
1505327187,21088890,274.35,0.23462730,0
1505327177,21088883,274.24,5.00000000,1
1505327169,21088880,274.35,2.54537674,0
1505327169,21088879,274.34,4.31262326,0
1505327163,21088875,274.35,1.00000000,0
1505327160,21088867,274.35,0.42525700,0
1505327149,21088860,274.35,3.44394045,0
1505327147,21088856,274.35,0.42525781,0
1505327141,21088849,274.36,0.42504075,0
1505327135,21088841,274.37,0.42480822,0
1505327131,21088836,274.35,1.49440000,1
1505327131,21088834,274.36,0.40486951,1
1505327127,21088829,274.37,0.40486951,1
1505327127,21088828,274.37,1.17036520,1
1505327127,21088827,274.73,0.32403480,1
1505327126,21088824,274.73,0.10000000,1
1505327123,21088806,274.73,1.05600193,0
1505327120,21088794,274.79,0.25130699,1
1505327118,21088787,274.37,0.03000000,1
1505327118,21088786,274.51,0.10000000,1
1505327118,21088785,274.51,1.32503494,1
1505327118,21088784,274.73,0.10000000,1
1505327117,21088782,274.74,0.10000000,1
1505327095,21088737,275.14,1.42303407,1
1505327094,21088735,275.14,0.40371932,0
1505327094,21088734,275.00,0.50000000,0
1505327094,21088733,274.89,0.10000000,0
1505327094,21088732,274.78,0.16752361,0
1505327094,21088731,274.18,0.13000000,0
1505327093,21088730,273.06,3.33133986,0
1505327093,21088728,273.06,1.00000000,1
1505327093,21088727,273.07,1.00000000,1
1505327093,21088726,273.07,5.00000000,0
1505327092,21088725,273.08,1.00000000,1
1505327092,21088724,273.08,1.00000000,1
1505327092,21088723,273.08,1.00000000,1
1505327092,21088721,273.08,1.00000000,1
1505327092,21088720,273.08,1.00000000,1
1505327092,21088718,273.08,0.13000000,0
1505327092,21088717,273.08,0.42907820,0
1505327091,21088715,273.08,1.30153600,0
1505327091,21088714,273.19,2.29000000,1
1505327090,21088712,273.22,0.46000000,1
1505327090,21088706,273.67,0.50000000,1
1505327090,21088704,274.01,1.06827179,1
1505327089,21088702,274.24,5.00000000,1
1505327089,21088699,274.25,23.01700000,1
1505327088,21088693,274.66,0.47277415,1
1505327083,21088683,274.53,0.05722585,0
1505327055,21088660,274.50,0.14032298,0
1505327048,21088648,274.50,0.35967702,0
1505327038,21088620,274.23,0.00000020,0
1505327035,21088612,274.23,1.04451980,0
1505327034,21088611,274.00,0.42907820,0
1505327028,21088597,274.00,0.07092180,0
1505327028,21088596,273.65,0.42907820,0
1505327003,21088541,273.00,1.00000000,0
1505326976,21088514,273.16,1.06763600,0
1505326966,21088498,273.37,1.00000000,0
1505326783,21088262,272.06,0.18580000,0
1505326736,21088203,272.05,2.00000000,0
1505326709,21088174,271.93,0.21829000,0
1505326700,21088159,271.94,0.21827541,0
1505326700,21088158,271.94,0.49294697,0
1505326586,21088056,270.89,1.01020000,1
1505326565,21088033,270.87,1.20485282,0
1505326559,21088022,270.85,2.69934300,1
1505326559,21088020,270.89,0.49000000,1
1505326558,21088014,270.85,2.18652209,1
1505326557,21088012,270.87,1.20485282,1
1505326555,21088011,272.00,29.16346450,0
1505326555,21088010,271.64,2.20880577,0
1505326549,21088007,270.89,1.13980000,1
1505326526,21087990,270.87,2.29514718,1
1505326520,21087985,270.88,0.13102523,1
1505326507,21087930,270.85,1.51540000,0
1505326486,21087902,271.00,6.70000000,0
1505326439,21087866,269.80,4.09779996,1
1505326431,21087859,270.84,1.61507910,0
1505326431,21087858,270.81,7.09573084,0
1505326431,21087857,270.45,3.05000000,0
1505326429,21087856,268.85,0.30000000,1
1505326429,21087855,268.85,1.52000000,1
1505326429,21087854,269.03,0.52000000,1
1505326429,21087853,270.01,2.22008219,1
1505326420,21087847,270.02,3.48000000,1
1505326417,21087845,270.02,1.52000000,1
1505326411,21087839,270.47,3.00000000,0
1505326404,21087828,270.47,0.39479000,0
1505326402,21087823,270.00,6.26226416,0
1505326402,21087822,270.00,0.41673584,0
1505326389,21087812,270.00,2.31000000,0
1505326383,21087787,269.80,4.84000000,0
1505326382,21087784,269.80,5.18010000,1
1505326381,21087778,269.80,1.51990000,1
1505326368,21087752,269.99,0.95000000,0
1505326365,21087747,269.56,2.22584953,0
1505326358,21087739,269.57,3.84000000,0
1505326351,21087730,269.57,1.00000000,0
1505326324,21087691,269.63,4.84000000,0
1505326317,21087686,268.59,2.54596683,0
1505326290,21087647,269.02,1.16619582,0
1505326287,21087636,268.58,3.06812363,1
1505326287,21087634,269.00,0.50000000,1
1505326287,21087631,269.00,0.08736059,1
1505326287,21087629,269.00,0.50000000,1
1505326287,21087628,269.01,21.78157116,1
1505326255,21087591,269.01,1.52430000,1
1505326223,21087554,269.01,2.44608584,1
1505326223,21087552,269.01,1.55533702,1
1505326189,21087510,269.01,20.00000000,1
1505326189,21087509,269.01,4.19670298,1
1505326189,21087508,269.01,15.17329702,1
1505326182,21087504,269.01,10.57622698,1
1505326182,21087503,269.28,0.05377302,1
1505326178,21087496,269.50,0.50000000,1
1505326170,21087489,269.77,0.54982067,1
1505326170,21087488,269.77,0.45580000,1
1505326169,21087487,269.77,4.84000000,1
1505326169,21087486,269.77,3.50000000,1
1505326167,21087484,269.77,3.50000000,1
1505326167,21087483,269.77,4.84000000,1
1505326161,21087460,269.77,5.93953269,1
1505326158,21087455,269.77,2.12686064,1
1505326158,21087454,269.77,25.75204400,1
1505326158,21087453,269.77,1.66529536,1
1505326151,21087445,269.77,4.84000000,1
1505326150,21087444,269.77,0.50000000,1
1505326149,21087442,269.77,0.45571600,1
1505326147,21087441,269.77,3.72743631,1
1505326142,21087433,269.77,12.70310000,1
1505326140,21087432,269.77,1.85702933,1
1505326140,21087431,270.00,0.50000000,1
1505326140,21087430,270.07,1.21243436,1
1505326131,21087424,270.07,4.84000000,1
1505326106,21087412,270.07,3.63000000,1
1505326105,21087411,270.07,3.63000000,1
1505326104,21087403,270.07,3.63000000,1
1505326103,21087398,270.07,3.63000000,1
1505326102,21087392,270.07,3.63000000,1
1505326101,21087390,270.07,3.63000000,1
1505326095,21087383,270.10,1.24000000,1
1505326094,21087380,270.10,4.01000000,1
1505326083,21087333,270.11,0.23000000,1
1505326083,21087331,270.11,1.14000000,1
1505326082,21087328,270.11,2.49000000,1
1505326081,21087325,270.11,1.14000000,1
1505326081,21087324,270.12,2.49000000,0
1505326080,21087323,270.12,1.13856000,0
1505326077,21087321,270.12,3.01702947,0
1505326069,21087315,270.08,4.25305672,1
1505326069,21087314,270.09,0.21966698,1
1505326065,21087310,270.09,3.20033302,0
1505326062,21087306,270.61,3.42238482,0
1505326050,21087303,270.12,0.23000000,0
1505326049,21087299,270.14,1.07000000,1
1505326049,21087298,270.26,10.49966698,1
1505326049,21087297,270.27,5.00000000,1
1505326027,21087273,270.07,12.16756564,1
1505326027,21087272,270.09,0.84873402,1
1505326027,21087270,270.11,1.18000000,1
1505326027,21087268,270.38,5.00000000,1
1505326027,21087266,271.00,0.80000000,1
1505325971,21087193,270.10,4.77000000,1
1505325971,21087192,270.12,0.23000000,1
1505325958,21087167,270.34,0.99999693,0
1505325958,21087166,270.34,0.00000307,0
1505325957,21087164,270.34,4.11688693,0
1505325946,21087158,270.10,0.23251771,1
1505325946,21087157,270.26,0.05357804,1
1505325945,21087156,270.50,0.50000000,1
1505325945,21087155,270.53,0.30000000,1
1505325945,21087154,271.00,0.13000000,1
1505325945,21087153,271.00,0.07400000,1
1505325945,21087152,271.00,0.50000000,1
1505325945,21087151,271.14,0.05340415,1
1505325945,21087150,271.15,1.49000000,1
1505325938,21087147,271.17,3.32089284,1
1505325928,21087138,271.17,5.00000000,1
1505325927,21087137,271.18,1.34353978,1
1505325919,21087129,271.15,6.03522600,0
1505325917,21087128,271.15,0.30000000,1
1505325916,21087127,273.35,1.34353978,0
1505325907,21087118,272.00,0.58874401,0
1505325905,21087113,272.00,2.02310239,0
1505325901,21087110,271.99,3.18000000,0
1505325897,21087108,272.00,0.12529000,0
1505325891,21087099,271.80,1.93416400,0
1505325891,21087098,271.80,0.44339124,0
1505325890,21087097,271.80,5.00000000,0
1505325889,21087096,271.92,1.34000000,1
1505325889,21087095,271.93,5.28278614,1
1505325885,21087089,271.66,0.29948157,1
1505325885,21087088,271.80,37.70101052,1
1505325884,21087087,271.81,8.93000000,1
1505325884,21087086,271.83,5.00000000,1
1505325884,21087085,271.91,0.05325291,1
1505325878,21087079,271.92,1.48000000,1
1505325878,21087078,271.93,5.00000000,1
1505325878,21087077,272.57,0.05312397,1
1505325878,21087076,272.58,3.51801375,1
1505325876,21087074,272.58,0.13000000,1
1505325868,21087070,272.60,0.13000000,1
1505325868,21087069,273.00,0.12000000,1
1505325868,21087068,273.17,0.00003331,1
1505325862,21087067,273.54,2.77000000,0
1505325862,21087066,273.53,0.29200000,0
1505325850,21087059,273.17,0.22996669,1
1505325845,21087052,273.10,0.05302087,1
1505325844,21087048,273.16,1.61780658,1
1505325829,21087020,273.16,19.83934142,1
1505325829,21087019,273.65,1.61780658,1
1505325825,21087004,273.17,2.29800000,1
1505325825,21087003,273.55,5.00000000,1
1505325825,21087001,273.77,0.29200000,1
1505325822,21086999,273.36,0.10000000,1
1505325822,21086998,273.48,0.05294720,1
1505325822,21086997,273.51,0.10000000,1
1505325822,21086995,273.61,0.10000000,1
1505325820,21086992,274.22,1.61169863,1
1505325819,21086991,274.11,0.23000000,0
1505325817,21086986,274.10,0.13000000,0
1505325817,21086985,274.10,0.21129091,0
1505325796,21086900,274.00,0.13534133,1
1505325796,21086899,274.00,0.40000000,1
1505325730,21086797,274.22,0.07970909,0
1505325655,21086720,273.66,1.00000000,1
1505325626,21086679,274.02,11.15000000,0
1505325618,21086668,273.40,0.41637881,1
1505325613,21086656,273.39,0.97051997,1
1505325611,21086650,274.24,0.54479639,1
1505325609,21086638,274.23,0.16752361,0
1505325609,21086633,273.38,0.62738185,1
1505325609,21086631,274.04,0.16861815,1
1505325608,21086620,274.23,0.01143457,1
1505325607,21086619,274.35,0.23000000,1
1505325606,21086607,274.23,0.15608904,1
1505325569,21086546,274.32,0.23000000,1
1505325553,21086540,274.28,0.33220000,1
1505325553,21086539,274.29,0.23000000,1
1505325550,21086535,274.30,0.12425300,1
1505325477,21086475,274.22,0.17066683,0
1505325476,21086474,274.50,0.12999999,1
1505325471,21086472,274.50,0.00000001,0
1505325468,21086470,274.50,1.89799300,0
1505325445,21086445,274.49,0.00000024,1
1505325445,21086444,274.49,11.53779276,1
1505325430,21086433,274.48,0.85440300,0
1505325405,21086407,274.40,1.04359000,0
1505325400,21086401,274.41,0.49000000,0
1505325389,21086391,274.42,1.04359000,0
1505325389,21086389,274.42,0.23000000,0
1505325382,21086384,274.50,0.29100032,1
1505325382,21086383,274.51,3.01000000,1
1505325379,21086374,274.50,1.53508200,1
1505325378,21086372,274.51,0.29100000,1
1505325377,21086369,274.52,1.82608200,1
1505325375,21086361,274.43,1.04391768,0
1505325375,21086360,274.39,0.13000000,0
1505325329,21086310,274.55,10.59220542,0
1505325327,21086309,274.54,0.29100000,0
1505325316,21086298,274.07,1.52541941,1
1505325316,21086297,274.11,0.10000000,1
1505325316,21086296,274.11,0.10000000,1
1505325316,21086295,274.20,0.07458059,1
1505325316,21086294,274.31,0.10000000,1
1505325316,21086293,274.31,0.10000000,1
1505325313,21086286,274.57,0.23000000,0
1505325311,21086285,274.46,0.10000000,1
1505325311,21086284,274.46,0.10000000,1
1505325311,21086283,274.56,0.09486900,1
1505325311,21086282,274.57,0.23000000,1
1505325294,21086258,274.56,0.00513100,1
1505325294,21086257,274.56,0.10000000,1
1505325294,21086256,274.73,0.10000000,1
1505325276,21086219,274.75,0.39267000,0
1505325274,21086218,274.75,0.23000000,0
1505325273,21086217,274.76,0.29100000,1
1505325245,21086193,274.99,0.23000000,0
1505325241,21086187,275.22,8.99491316,1
1505325241,21086186,275.00,0.14753047,0
1505325239,21086185,274.93,0.10000000,0
1505325174,21086153,274.61,1.97551100,1
1505325174,21086152,274.63,0.23000000,1
1505325124,21086105,274.61,1.52448900,1
1505325124,21086103,274.62,5.05492100,1
1505325124,21086102,274.86,0.23000000,1
1505325097,21086019,274.84,0.88124768,1
1505325097,21086014,274.84,0.23000000,1
1505325097,21086008,274.85,0.13000000,1
1505325069,21085972,274.62,4.85704747,1
1505325069,21085971,274.63,0.25370453,1
1505325067,21085966,274.80,0.10000000,1
1505325067,21085965,274.81,0.23000000,1
1505325055,21085946,276.16,49.18610620,1
1505325055,21085945,276.16,6.15518145,1
1505325054,21085944,275.48,0.83359715,0
1505325054,21085942,275.39,4.86000000,1
1505325053,21085941,275.14,0.10000000,0
1505325053,21085940,275.10,0.16700055,0
1505325051,21085939,274.95,0.13871500,0
1505325048,21085937,274.62,1.89595700,1
1505325048,21085936,274.62,3.27000000,1
1505325047,21085935,274.67,0.23000000,1
1505324990,21085894,274.95,0.41000000,0
1505324990,21085893,274.94,0.13000000,0
1505324985,21085888,274.62,0.64000000,1
1505324985,21085887,274.63,0.13000000,1
1505324985,21085886,274.65,0.23000000,1
1505324929,21085833,274.95,0.49452500,0
1505324883,21085765,274.64,3.00000000,0
1505324881,21085757,274.64,2.79208000,0
1505324878,21085752,274.64,19.99996379,0
1505324876,21085747,274.66,1.95000000,1
1505324861,21085735,274.54,5.46556900,1
1505324858,21085733,274.54,0.90025400,1
1505324858,21085732,274.55,0.20000000,1
1505324849,21085723,274.70,0.49611395,0
1505324843,21085718,274.55,0.03000000,1
1505324835,21085708,274.54,0.00002523,0
1505324831,21085705,274.53,0.50000000,1
1505324829,21085696,274.53,0.10000000,1
1505324816,21085683,274.54,0.21642400,0
1505324814,21085682,274.54,0.81511077,1
1505324801,21085668,274.82,19.99996379,0
1505324797,21085665,274.46,2.73000000,1
1505324796,21085664,274.47,5.41508100,1
1505324796,21085663,274.50,0.18000000,1
1505324791,21085660,274.60,2.00000000,1
1505324786,21085655,274.83,0.94054939,0
1505324785,21085650,274.85,10.29000947,0
1505324779,21085637,274.88,0.03621799,0
1505324769,21085624,274.50,0.05000000,1
1505324767,21085607,274.92,9.93148134,0
1505324765,21085605,274.91,3.00000000,0
1505324735,21085544,274.46,0.77000000,1
1505324735,21085543,274.71,0.23000000,1
1505324729,21085530,274.46,3.50000000,1
1505324729,21085529,274.55,0.16700055,1
1505324729,21085528,274.57,4.84000000,1
1505324729,21085526,274.70,0.23000000,1
1505324716,21085512,274.60,4.84000000,1
1505324716,21085511,274.68,6.55840000,1
1505324716,21085509,274.68,6.55840000,1
1505324715,21085506,274.68,6.55840000,1
1505324714,21085505,274.68,6.55840000,1
1505324714,21085504,274.68,6.55840000,1
1505324714,21085502,274.68,6.55840000,1
1505324714,21085501,274.68,6.55840000,1
1505324714,21085500,274.68,6.55840000,1
1505324714,21085499,274.68,6.55840000,1
1505324714,21085498,274.68,6.55836838,1
1505324714,21085497,274.69,0.76000000,1
1505324695,21085476,274.69,0.84000000,1
1505324694,21085475,274.75,4.84000000,1
1505324694,21085474,275.04,4.18689900,1
1505324692,21085473,275.04,1.94250200,1
1505324692,21085472,275.04,4.84000000,1
1505324688,21085469,275.04,9.02689900,1
1505324679,21085466,275.04,19.99630000,1
1505324678,21085465,275.04,19.99630000,1
1505324678,21085464,275.04,19.99630000,1
1505324678,21085463,275.04,3.51811096,1
1505324678,21085462,275.10,0.81809000,1
1505324678,21085461,275.10,0.23000000,1
1505324667,21085456,275.48,0.16593318,0
1505324660,21085449,275.04,0.05175000,1
1505324660,21085448,275.05,0.22515000,1
1505324659,21085447,275.05,0.23000000,1
1505324649,21085442,275.49,2.18291200,0
1505324649,21085441,275.45,0.81708800,0
1505324587,21085404,275.45,0.22479200,0
1505324569,21085390,275.04,0.77000000,1
1505324569,21085388,275.05,0.23000000,1
1505324560,21085380,275.04,10.77000000,1
1505324560,21085379,275.06,0.23000000,1
1505324556,21085377,275.04,3.53514500,1
1505324554,21085375,275.04,1.35128818,1
1505324554,21085374,275.05,0.62000000,1
1505324554,21085373,275.05,15.99065282,1
1505324547,21085369,275.05,2.00000000,1
1505324542,21085361,275.06,9.32414775,0
1505324536,21085356,275.05,1.00000000,1
1505324526,21085352,275.06,1.49020000,0
1505324489,21085340,275.06,1.49020000,0
1505324489,21085339,275.06,0.03214000,0
1505324465,21085313,275.05,1.00564718,1
1505324465,21085312,275.05,19.99630000,1
1505324465,21085311,275.05,19.99630000,1
1505324464,21085305,275.06,0.69000000,1
1505324464,21085304,275.06,8.59049972,1
1505324455,21085291,275.06,0.12900000,1
1505324453,21085283,275.07,1.49020000,0
1505324436,21085256,275.07,1.24124768,0
1505324432,21085241,275.06,1.00000000,1
1505324420,21085232,275.07,0.23000000,0
1505324417,21085227,275.07,1.49020000,0
1505324412,21085221,275.07,0.23000000,1
1505324396,21085164,275.06,10.27680028,1
1505324396,21085163,275.06,16.43502440,1
1505324393,21085162,275.07,0.92000000,1
1505324393,21085161,275.09,0.23000000,1
1505324390,21085159,275.06,0.51800641,1
1505324389,21085158,275.06,0.76635300,1
1505324387,21085156,275.06,0.63728039,1
1505324387,21085155,275.07,0.83194361,1
1505324386,21085154,275.07,0.20805639,1
1505324386,21085153,275.07,0.09995002,1
1505324386,21085152,275.08,0.21000000,1
1505324381,21085143,275.50,1.04188000,0
1505324381,21085141,275.49,0.12365898,1
1505324380,21085140,275.50,0.12900000,1
1505324379,21085138,275.49,0.95000000,1
1505324377,21085137,275.49,0.92000000,1
1505324375,21085135,275.49,0.47803677,1
1505324375,21085134,275.49,0.56390000,1
1505324374,21085133,275.49,0.92400000,1
1505324374,21085132,275.49,0.07600000,1
1505324371,21085129,275.49,0.12900000,1
1505324367,21085122,275.49,0.20500000,0
1505324364,21085110,275.49,0.45578457,0
1505324364,21085109,275.07,3.38000000,0
1505324363,21085108,275.07,1.15081543,0
1505324363,21085102,275.07,0.05029816,0
1505324362,21085099,275.07,0.20711091,0
1505324362,21085098,275.07,0.23000000,0
1505324362,21085097,275.07,1.05677900,0
1505324361,21085093,275.06,0.06451100,1
1505324360,21085090,275.07,1.05619305,0
1505324359,21085087,275.07,1.08880345,1
1505324354,21085084,275.07,0.11119655,1
1505324354,21085083,275.14,0.24000000,1
1505324353,21085082,275.06,1.57512480,1
1505324353,21085081,275.09,0.99021920,1
1505324353,21085080,275.13,0.24000000,1
1505324352,21085079,276.00,0.11575191,1
1505324352,21085078,276.00,4.84000000,1
1505324351,21085077,276.00,1.87430000,1
1505324350,21085075,276.00,8.00000000,1
1505324350,21085074,276.00,15.23083500,1
1505324340,21085069,276.00,9.99829600,1
1505324330,21085058,276.00,2.00000000,1
1505324328,21085057,276.00,18.68000000,1
1505324327,21085056,276.01,1.32000000,1
1505324327,21085054,276.00,20.00000000,1
1505324321,21085045,276.00,3.22000000,1
1505324321,21085044,276.00,4.84000000,1
1505324317,21085040,276.00,24.18220245,1
1505324317,21085038,276.01,1.33000000,1
1505324317,21085037,276.01,0.20640556,1
1505324290,21085003,276.00,0.52000000,1
1505324289,21085002,276.00,18.20230858,1
1505324289,21085001,276.00,7.98988419,1
1505324289,21084999,276.01,1.46000000,1
1505324288,21084998,276.01,0.29011581,1
1505324287,21084997,276.01,0.49688419,1
1505324287,21084996,276.01,0.19744400,1
1505324286,21084986,276.01,0.28000000,1
1505324282,21084972,276.01,0.00728665,0
1505324280,21084966,276.01,0.30951777,0
1505324280,21084964,276.01,0.47016283,0
1505324275,21084951,276.01,0.70043828,0
1505324274,21084948,276.01,1.62000000,0
1505324274,21084947,276.00,9.35418325,1
1505324272,21084940,276.01,0.39259447,1
1505324266,21084923,276.00,20.95223862,1
1505324266,21084922,276.00,1.46658255,1
1505324266,21084921,276.00,0.46992188,1
1505324266,21084920,276.00,4.32108695,1
1505324266,21084919,276.01,1.79000000,1
1505324266,21084918,276.02,0.12900000,1
1505324265,21084917,276.20,0.87117000,1
1505324213,21084858,276.89,0.86897323,0
1505324212,21084855,276.88,0.12900000,1
1505324169,21084798,276.08,0.57478057,1
1505324169,21084797,276.09,0.12900000,1
1505324169,21084796,276.09,0.23000000,1
1505324110,21084736,276.00,0.00500945,0
1505324109,21084733,276.00,0.99688122,0
1505324106,21084724,276.00,0.46970688,0
1505324106,21084718,276.00,1.05403105,0
1505324105,21084714,276.00,0.86043478,0
1505324104,21084707,276.00,1.05392013,0
1505324098,21084695,276.00,1.00000000,0
1505324097,21084694,275.84,3.72088433,1
1505324097,21084693,275.86,0.34596209,1
1505324097,21084692,275.86,0.97532608,1
1505324093,21084686,276.00,1.05372674,0
1505324092,21084681,275.85,1.32128817,1
1505324091,21084676,276.00,1.13998532,0
1505324090,21084675,276.00,3.79000000,0
1505324089,21084674,276.00,2.08630443,0
1505324089,21084673,276.10,0.51000000,1
1505324089,21084672,276.21,11.14000000,1
1505324089,21084671,276.82,4.84000000,1
1505324087,21084670,276.82,1.35000000,0
1505324078,21084659,276.11,10.00000000,0
1505324034,21084628,277.26,1.56456611,1
1505324034,21084627,277.26,4.84000000,0
1505324005,21084598,277.50,0.20000000,1
1505323996,21084568,276.12,2.01505000,1
1505323996,21084566,276.84,2.46000000,1
1505323993,21084545,276.93,0.71019933,1
1505323988,21084520,276.93,4.12980067,0
1505323987,21084519,276.84,0.61000000,1
1505323987,21084518,276.87,0.39000000,1
1505323984,21084512,276.93,0.36019933,0
1505323983,21084510,276.93,7.64000000,0
1505323982,21084508,276.93,7.64000000,0
1505323978,21084502,277.00,0.23000000,1
1505323944,21084453,277.00,0.55501000,1
1505323939,21084450,277.01,0.18309809,0
1505323936,21084440,276.92,1.00000000,1
1505323908,21084403,277.46,1.16759932,1
1505323908,21084402,277.47,1.03974000,0
1505323896,21084370,277.47,0.93547015,1
1505323895,21084369,277.47,0.49000000,1
1505323895,21084368,277.47,4.84000000,1
1505323894,21084367,277.92,0.41637881,0
1505323894,21084365,277.47,1.16759932,1
1505323892,21084360,277.47,0.40371932,0
1505323890,21084354,277.46,0.80320728,1
1505323890,21084352,277.47,0.40371932,1
1505323890,21084349,277.75,0.76388000,1
1505323883,21084338,277.48,0.23612000,0
1505323882,21084337,277.48,0.10000000,1
1505323882,21084336,277.68,0.10000000,1
1505323882,21084335,277.83,0.10000000,1
1505323860,21084308,277.92,2.02422590,0
1505323860,21084307,277.85,0.13000000,0
1505323858,21084306,277.85,0.10000000,0
1505323848,21084288,278.03,2.28408625,1
1505323847,21084286,278.03,0.41167472,1
1505323845,21084277,278.03,0.05997097,1
1505323845,21084274,278.03,6.40693449,1
1505323844,21084273,278.03,17.85271700,1
1505323843,21084272,278.01,0.43000000,0
1505323843,21084271,277.99,3.98118447,0
1505323843,21084270,277.97,0.77000000,0
1505323843,21084269,277.87,17.85217900,0
1505323842,21084268,277.86,0.23000000,0
1505323822,21084255,277.98,2.94197190,0
1505323822,21084253,277.90,1.47920000,0
1505323818,21084249,278.00,0.85881553,1
1505323818,21084248,278.00,0.56000000,1
1505323815,21084244,278.00,3.66710831,1
1505323814,21084239,278.00,1.04463163,1
1505323814,21084236,278.00,0.47201683,1
1505323813,21084235,278.00,3.51571400,1
1505323813,21084233,278.01,3.07000000,0
1505323812,21084231,278.00,1.04459399,1
1505323810,21084222,278.00,3.91338275,1
1505323809,21084221,278.00,4.84000000,1
1505323808,21084220,278.00,10.00000000,0
1505323808,21084219,278.00,0.07400000,0
1505323807,21084217,278.00,0.50000000,0
1505323807,21084216,278.00,0.13000000,0
1505323807,21084215,277.87,4.84000000,0
1505323807,21084214,277.69,0.05335173,0
1505323807,21084213,277.46,15.90520076,0
1505323800,21084212,277.45,1.24574000,1
1505323796,21084206,277.40,1.00000000,1
1505323793,21084200,277.37,0.23782143,0
1505323770,21084174,277.36,0.23000000,1
1505323758,21084156,276.50,0.23782143,0
1505323744,21084149,276.50,0.26217857,0
1505323735,21084138,276.40,17.10544447,0
1505323732,21084131,276.40,0.20000000,0
1505323730,21084130,276.40,19.76788801,0
1505323730,21084129,276.00,8.59760000,0
1505323730,21084127,276.00,1.00000000,0
1505323689,21084030,276.00,0.40240000,0
1505323674,21084018,275.99,2.32380338,0
1505323673,21084017,275.99,0.97532608,0
1505323629,21083982,275.99,3.78922396,0
1505323629,21083980,275.98,0.12900000,0
1505323629,21083978,275.98,0.21696209,0
1505323629,21083975,275.90,0.39786233,0
1505323629,21083973,275.90,0.34596209,0
1505323568,21083919,275.56,0.42826217,1
1505323557,21083911,275.98,0.05366330,0
1505323556,21083910,275.97,2.17414936,0
1505323556,21083908,275.92,0.13454902,0
1505323554,21083907,275.91,1.04564900,0
1505323539,21083894,275.50,1.50673587,1
1505323523,21083879,275.00,0.00000586,0
1505323513,21083870,275.00,13.19627000,0
1505323511,21083868,274.69,2.27387600,1
1505323511,21083867,274.69,6.55840000,1
1505323511,21083865,274.69,6.55840000,1
1505323510,21083864,274.70,11.92214500,1
1505323510,21083863,274.99,0.21667900,1
1505323508,21083856,274.99,0.33331600,0
1505323497,21083841,274.63,0.00003162,0
1505323496,21083840,274.63,6.55840000,0
1505323479,21083833,274.64,1.84890000,0
1505323476,21083827,274.64,11.58899178,0
1505323461,21083810,274.90,4.65488445,1
1505323461,21083809,274.90,4.11321700,0
1505323460,21083806,274.90,12.56092900,0
1505323458,21083805,275.05,0.23000000,1
1505323458,21083804,275.07,13.09585400,1
1505323456,21083802,275.04,13.09529800,1
1505323456,21083801,275.05,0.12900000,1
1505323456,21083800,275.06,7.09573084,1
1505323440,21083777,273.84,0.60215201,0
1505323440,21083776,274.52,0.18000000,1
1505323439,21083775,274.52,0.18000000,1
1505323439,21083774,274.52,0.18000000,1
1505323439,21083773,274.52,0.18000000,1
1505323439,21083772,274.52,7.64000000,0
1505323439,21083770,274.53,0.18000000,1
1505323438,21083768,274.53,0.18000000,1
1505323438,21083767,274.53,2.63000000,0
1505323438,21083765,274.55,0.18000000,1
1505323438,21083764,274.55,0.18000000,1
1505323438,21083762,274.55,0.23000000,0
1505323437,21083760,274.57,3.50000000,1
1505323437,21083759,274.57,0.18000000,1
1505323437,21083758,274.57,7.64000000,0
1505323437,21083757,274.58,0.18000000,1
1505323436,21083756,274.59,0.18000000,1
1505323436,21083754,274.68,0.66000000,1
1505323436,21083752,275.04,3.63000000,1
