date,tid,price,amount,type
1505347059,21103149,1.18856,74.79994,0
1505347055,21103119,1.18854,74.67861,0
1505346782,21103018,1.18851,49.82142,0
1505346781,21103016,1.18851,46.36000,0
1505346652,21102928,1.18658,1104.59150,1
1505346501,21102812,1.18853,104.36440,1
1505346498,21102798,1.18853,49.82142,1
1505346494,21102792,1.18853,39.76016,1
1505346492,21102787,1.18853,49.82142,1
1505346491,21102783,1.18853,177.86156,1
1505346486,21102752,1.18853,426.26493,1
1505346485,21102749,1.18853,75.11899,1
1505346483,21102739,1.18853,249.27309,1
1505346168,21102435,1.18853,347.86592,1
1505346083,21102387,1.18853,1124.51998,1
1505346035,21102350,1.18853,72.83909,1
1505345982,21102283,1.18853,36.11292,1
1505345973,21102271,1.18853,36.07682,1
1505345968,21102259,1.18853,36.06977,1
1505345967,21102255,1.18853,36.06977,1
1505345957,21102245,1.18853,36.06977,1
1505345947,21102235,1.18853,102.08999,1
1505345946,21102234,1.18858,90.30806,1
1505345926,21102199,1.18858,1193.17060,1
1505345895,21102107,1.18858,116.18378,1
1505345894,21102100,1.18858,465.17997,1
1505345893,21102099,1.18858,243.40717,1
1505345717,21102003,1.18858,30.91092,1
1505345678,21101975,1.18858,244.29162,1
1505345676,21101972,1.18858,208.90789,1
1505345673,21101970,1.18858,407.63999,1
1505345666,21101965,1.18859,34.62048,1
1505345635,21101924,1.18860,124.76875,1
1505345634,21101923,1.18859,181.82066,1
1505345633,21101922,1.18859,5.88933,1
1505345623,21101913,1.18859,68.18967,1
1505345579,21101887,1.19000,136.89896,1
1505345571,21101879,1.19000,208.66896,1
1505345571,21101878,1.19000,53.80574,1
1505344923,21101673,1.18998,297.54113,0
1505344923,21101671,1.18998,49.02887,0
1505344889,21101636,1.18998,248.51172,0
1505344889,21101635,1.18998,54.55218,0
1505344697,21101546,1.18862,83.97133,0
1505344696,21101543,1.18868,98.23999,1
1505344695,21101539,1.18863,243.23169,1
1505344666,21101526,1.18864,220.25041,1
1505344661,21101524,1.18863,220.25041,1
1505344656,21101520,1.18861,220.25041,0
1505344653,21101512,1.18859,2890.34909,1
1505344595,21101471,1.18863,49.00999,1
1505344414,21101368,1.18894,70.87999,1
1505344215,21101316,1.18882,402.96261,1
1505344214,21101314,1.18882,70.74999,1
1505343937,21101243,1.18891,128.98110,1
1505343933,21101238,1.18888,244.66841,1
1505343650,21101144,1.18892,65.69884,1
1505343361,21100991,1.18888,970.04536,1
1505343356,21100990,1.18886,244.31066,1
1505343356,21100987,1.18886,40.38983,1
1505343356,21100986,1.18887,723.59345,1
1505343310,21100962,1.19000,0.14910,1
1505343310,21100959,1.19000,29.66998,1
1505343305,21100940,1.19000,78.42092,1
1505343305,21100939,1.19000,344.01961,1
1505343305,21100938,1.19000,437.24856,1
1505343159,21100878,1.19000,58.18999,1
1505343036,21100763,1.19000,266.00369,1
1505343028,21100753,1.19000,30.64709,1
1505343027,21100745,1.19000,236.63567,1
1505342993,21100733,1.19001,358.62999,1
1505342488,21100439,1.19002,70.00000,1
1505342421,21100379,1.19500,108.24000,0
1505342420,21100377,1.19499,4220.90000,0
1505342397,21100321,1.19500,344.01961,0
1505342382,21100304,1.19499,337.12558,0
1505342382,21100302,1.19499,692.19185,0
1505342377,21100289,1.19499,305.48914,0
1505342377,21100286,1.19500,1028.72500,0
1505342375,21100285,1.19499,88.84501,0
1505342374,21100281,1.19498,86.69704,0
1505342361,21100258,1.19497,68.17743,0
1505342265,21100190,1.19358,0.38596,0
1505342260,21100184,1.19358,118.97577,0
1505342247,21100174,1.19358,140.83000,0
1505342164,21100113,1.19250,922.46761,0
1505342154,21100109,1.19250,77.53239,0
1505342154,21100108,1.19212,0.00761,0
1505342142,21100102,1.19212,49.80000,0
1505342139,21100098,1.19212,825.26000,0
1505342138,21100096,1.19212,188.64011,0
1505342136,21100091,1.19212,54.05000,0
1505342133,21100085,1.19212,825.04000,0
1505342129,21100080,1.19212,54.70866,0
1505342128,21100079,1.19212,106.50000,0
1505342127,21100076,1.19212,54.29425,0
1505341906,21099817,1.19211,53.82367,0
1505341872,21099773,1.19211,281.64000,0
1505341868,21099764,1.19211,416.79870,0
1505341630,21099579,1.19211,73.86901,0
1505340582,21098755,1.18748,386.00645,1
1505340510,21098706,1.18664,60.00000,1
1505339679,21098159,1.19210,5.29000,0
1505339532,21098076,1.19211,1118.19000,0
1505339509,21098067,1.19212,841.69937,0
1505339509,21098066,1.19206,1000.00000,0
1505339508,21098065,1.19203,1000.00000,0
1505339506,21098063,1.19200,505.47671,0
1505337788,21097187,1.18665,70.00000,1
1505337657,21097119,1.18661,968.22999,1
1505337645,21097107,1.18711,950.73048,1
1505337624,21097078,1.18711,984.19999,1
1505337554,21097046,1.18711,1870.39499,1
1505337554,21097045,1.18712,158.20388,1
1505337227,21096778,1.18711,32.95381,1
1505335482,21095588,1.18724,90.95303,0
1505335430,21095552,1.18712,358.36275,0
1505335430,21095551,1.18712,43.60064,0
1505335430,21095549,1.18712,47.42936,0
1505335402,21095510,1.18712,348.32582,0
1505335398,21095506,1.18712,6.16772,0
1505335398,21095503,1.18710,33.03131,0
1505335369,21095479,1.18660,86.19000,0
1505335366,21095472,1.18658,948.45722,1
1505335362,21095458,1.18660,247.97000,0
1505335332,21095419,1.18660,644.68227,0
1505335310,21095375,1.18658,60.00000,1
1505335143,21095249,1.18659,678.90301,1
1505335056,21095198,1.18664,977.44838,1
1505335029,21095178,1.18662,1.54212,0
1505335028,21095176,1.18665,977.44838,1
1505334713,21095003,1.18710,473.73499,1
1505334713,21095000,1.18710,33.03131,1
1505334694,21094983,1.18712,401.59665,1
1505334693,21094981,1.18713,237.53904,1
1505334594,21094930,1.18724,319.90902,0
1505334585,21094914,1.18729,262.24737,1
1505334584,21094905,1.18724,34.56420,0
1505334583,21094899,1.18712,2598.40335,1
1505334583,21094897,1.18725,300.00000,1
1505334583,21094894,1.18728,483.44105,1
1505334421,21094787,1.18721,24.84151,1
1505334180,21094654,1.18725,613.90572,0
1505334172,21094641,1.18728,80.90146,1
1505334167,21094636,1.18728,694.80718,1
1505334054,21094572,1.18726,633.19999,1
1505334008,21094548,1.18754,576.96583,0
1505334004,21094543,1.18753,5509.40400,0
1505334003,21094539,1.18752,362.59421,0
1505334002,21094538,1.18752,470.43598,1
1505334002,21094536,1.18752,362.60100,1
1505333999,21094531,1.18754,833.03000,1
1505333998,21094527,1.18753,104.96722,1
1505333960,21094500,1.18751,98.23918,1
1505333720,21094270,1.18721,291.73045,1
1505333707,21094239,1.19358,2462.19827,0
1505333672,21094190,1.19358,277.61000,0
1505333630,21094134,1.19357,1505.42000,0
1505333605,21094095,1.19357,1448.06000,0
1505333605,21094094,1.19353,430.00000,0
1505333564,21093989,1.19157,117.10696,1
1505333564,21093988,1.19157,180.04410,1
1505333563,21093984,1.19158,39.88000,1
1505333547,21093954,1.19357,278.08000,0
1505333530,21093934,1.19357,972.10000,0
1505333526,21093928,1.19357,194.72673,0
1505333471,21093866,1.19166,39.78317,1
1505333471,21093865,1.19166,39.78170,1
1505333464,21093842,1.19356,115.66277,0
1505333460,21093833,1.19357,367.67000,0
1505333454,21093824,1.19164,0.19940,0
1505333451,21093819,1.19164,39.68130,0
1505333389,21093745,1.19164,456.61279,0
1505333389,21093743,1.19164,305.87837,0
1505333387,21093737,1.19164,435.41000,0
1505333386,21093735,1.19164,87.68318,0
1505333384,21093725,1.19164,41.53000,0
1505333383,21093722,1.19164,41.59085,0
1505333381,21093714,1.19164,41.58791,0
1505333379,21093706,1.19164,172.33617,0
1505333379,21093705,1.19163,0.00383,0
1505333378,21093699,1.19163,457.92000,0
1505333372,21093691,1.19163,348.63000,0
1505333369,21093686,1.19163,66.48000,0
1505333367,21093685,1.19163,45.53708,0
1505333366,21093683,1.19163,81.42909,0
1505333354,21093664,1.19155,98.15995,0
1505333354,21093663,1.19155,102.01686,0
1505333348,21093653,1.19155,83.12554,0
1505333348,21093652,1.19155,297.14099,0
1505333343,21093642,1.19155,380.10381,0
1505333337,21093634,1.19155,379.94712,0
1505333332,21093624,1.19154,147.93780,0
1505333332,21093622,1.19153,231.85659,0
1505333327,21093606,1.19153,379.64266,0
1505333321,21093594,1.19153,379.49191,0
1505333241,21093515,1.19152,215.03624,0
1505333237,21093507,1.19153,9.00884,0
1505333234,21093500,1.19149,115.70288,0
1505333231,21093498,1.19152,141.18939,0
1505332056,21092595,1.18659,382.68314,1
1505331592,21092303,1.19153,307.20146,0
1505331591,21092302,1.19153,79.67914,0
1505331591,21092299,1.19153,476.72653,0
1505331361,21092128,1.18659,22.67079,1
1505331350,21092117,1.18659,2084.70278,1
1505331074,21091765,1.18659,393.40998,1
1505331036,21091690,1.18659,67.50000,1
1505330884,21091588,1.18659,107.78412,1
1505330884,21091587,1.18659,141.57750,1
1505330386,21091264,1.18659,1580.48999,1
1505329994,21091026,1.19150,47.37863,1
1505329990,21091018,1.19150,125.18000,0
1505329777,21090932,1.18659,32.09608,1
1505329664,21090870,1.18659,703.47188,1
1505329014,21090459,1.18659,114.07575,1
1505329013,21090455,1.18658,101.31572,1
1505329011,21090451,1.18659,237.61779,1
1505328891,21090321,1.18659,5.00000,1
1505328195,21089894,1.18659,90.00000,1
1505327845,21089663,1.19155,101.08304,0
1505327842,21089658,1.19155,614.98047,0
1505327839,21089644,1.19154,182.48133,0
1505327796,21089607,1.19155,56.14268,0
1505327786,21089588,1.19155,95.20758,0
1505327786,21089587,1.19155,131.53242,0
1505327776,21089577,1.19155,273.23233,0
1505327771,21089570,1.19155,17.33854,0
1505327764,21089547,1.19155,153.13965,0
1505327761,21089538,1.19155,43.13134,0
1505327760,21089537,1.19155,60.06000,0
1505327750,21089523,1.19155,290.23000,0
1505327737,21089497,1.19155,69.50284,0
1505327726,21089483,1.19155,263.93000,0
1505327694,21089439,1.19154,152.93369,0
1505327693,21089437,1.19154,60.75000,0
1505327568,21089327,1.18659,22.11577,1
1505327358,21089110,1.18659,60.03082,1
1505327199,21088903,1.18661,116.92999,0
1505327126,21088823,1.19157,89.67907,1
1505327125,21088822,1.19157,97.87341,1
1505327124,21088816,1.19157,1950.34618,1
1505327123,21088810,1.19157,338.85546,1
1505327123,21088807,1.19157,129.58518,1
1505327121,21088801,1.19157,76.55447,1
1505327113,21088775,1.19157,25.48635,1
1505327107,21088769,1.19157,25.48635,1
1505327102,21088762,1.19157,25.95973,1
1505327096,21088742,1.19157,511.09009,1
1505327096,21088738,1.19157,25.95973,1
1505327090,21088710,1.19157,486.24086,1
1505327090,21088707,1.19157,801.61440,1
1505327089,21088703,1.19157,279.63887,1
1505327089,21088701,1.19157,227.56003,1
1505327084,21088685,1.19157,98.92083,1
1505327079,21088677,1.19157,140.93909,1
1505327073,21088673,1.19157,140.93909,1
1505327056,21088663,1.19157,1260.96301,1
1505327049,21088653,1.19157,1966.06999,1
1505327049,21088650,1.19157,82.95399,1
1505327047,21088647,1.19157,345.93999,1
1505327046,21088642,1.19157,116.82443,1
1505327045,21088641,1.19157,131.89444,1
1505327039,21088623,1.19157,131.89444,1
1505327034,21088608,1.19157,131.89444,1
1505327033,21088606,1.19157,230.37000,1
1505327031,21088604,1.19157,44.25332,1
1505327029,21088601,1.19157,156.49281,1
1505327028,21088595,1.19157,5.15114,1
1505327028,21088593,1.19157,213.73483,1
1505327028,21088592,1.19157,188.89527,1
1505327027,21088586,1.19157,2459.33384,1
1505327019,21088581,1.19157,2458.32414,1
1505327014,21088560,1.19157,605.99881,1
1505327012,21088556,1.19157,487.29961,1
1505327009,21088552,1.19157,1561.19238,1
1505327007,21088548,1.19157,659.64999,1
1505326986,21088524,1.19157,2427.35215,1
1505326977,21088516,1.19157,212.11781,1
1505326974,21088511,1.19157,211.93100,1
1505326971,21088502,1.19157,53.02694,1
1505326962,21088497,1.19157,1017.32680,1
1505326920,21088454,1.19157,44.38133,1
1505326904,21088415,1.19157,15.52746,1
1505326866,21088345,1.19158,184.38360,1
1505326850,21088315,1.19157,19815.77697,1
1505326848,21088312,1.19158,184.22303,1
1505326841,21088307,1.19158,250.32521,1
1505326823,21088289,1.19158,258.19501,1
1505326786,21088264,1.19158,46.45593,1
1505326781,21088259,1.19158,46.45593,1
1505326777,21088258,1.19158,42.46477,1
1505326775,21088256,1.19158,46.45593,1
1505326766,21088244,1.19157,0.55514,1
1505326766,21088243,1.19158,502.42441,1
1505326750,21088223,1.19158,189.48999,1
1505326708,21088172,1.19158,236.88223,0
1505326704,21088167,1.19157,49.87000,1
1505326700,21088157,1.19157,348.59973,1
1505326699,21088156,1.19157,49.86699,1
1505326695,21088153,1.19158,500.60504,0
1505326682,21088140,1.19158,518.93103,0
1505326669,21088131,1.19158,573.46572,0
1505326656,21088116,1.19158,575.39351,0
1505326642,21088096,1.19158,594.72247,0
1505326609,21088075,1.19157,1000.00000,1
1505326604,21088071,1.19157,6041.80762,0
1505326557,21088013,1.18850,999.99000,0
1505326387,21087804,1.19156,848.21047,0
1505326236,21087569,1.18549,265.97997,1
1505325975,21087200,1.18516,0.01442,0
1505325974,21087199,1.18516,427.13568,0
1505325832,21087032,1.19157,98.44148,0
1505325831,21087031,1.19155,371.16048,0
1505325829,21087022,1.19156,144.49622,0
1505325806,21086915,1.19155,50.63901,1
1505325759,21086837,1.19155,50.89348,1
1505325759,21086836,1.19155,50.89348,1
1505325755,21086825,1.19157,6.73697,0
1505325751,21086817,1.19157,75.42497,0
1505325746,21086809,1.19157,75.42497,1
1505325744,21086805,1.19157,68.44175,0
1505325675,21086732,1.18546,90.00000,1
1505325644,21086711,1.18560,31.30905,1
1505325612,21086653,1.19156,220.84182,0
1505325609,21086640,1.19114,277.85396,0
1505325608,21086622,1.19117,37.95415,1
1505325606,21086610,1.19119,35.51962,0
1505325333,21086313,1.18735,220.34356,1
1505325322,21086307,1.18735,645.88999,1
1505325304,21086273,1.18735,54.42245,1
1505325304,21086272,1.18735,126.30754,1
1505324931,21085835,1.18735,450.99592,1
1505324910,21085807,1.18735,10.00000,1
1505324850,21085724,1.18735,114.89999,1
1505324786,21085656,1.18735,217.93911,1
1505324459,21085296,1.18733,193.90665,0
1505324459,21085294,1.18733,256.01079,0
1505324458,21085293,1.18733,422.07748,0
1505324458,21085292,1.18732,48.14999,0
1505324428,21085236,1.18660,241.17435,0
1505324422,21085234,1.18662,7.34928,1
1505324415,21085226,1.18662,248.52363,1
1505324385,21085149,1.18721,23.22676,0
1505324368,21085123,1.18662,47.64795,1
1505324367,21085120,1.18662,10.93794,1
1505324366,21085119,1.18722,1148.16280,1
1505324365,21085117,1.18662,47.64795,1
1505324363,21085106,1.18662,259.39429,1
1505324363,21085104,1.18725,264.11788,1
1505324362,21085100,1.18725,11.69752,1
1505324362,21085096,1.18725,635.05274,1
1505324362,21085095,1.18725,247.35570,1
1505324360,21085091,1.18724,525.52426,1
1505324291,21085005,1.18722,72.06999,1
1505324282,21084971,1.18722,111.11673,1
1505324281,21084968,1.18719,109.42270,0
1505324276,21084954,1.18663,91.40999,1
1505324274,21084946,1.18721,282.98068,1
1505324225,21084881,1.18721,438.30494,1
1505324221,21084876,1.18721,138.73999,1
1505324205,21084854,1.18721,703.76323,1
1505324114,21084747,1.18720,109.37132,1
1505324109,21084732,1.18724,342.44972,1
1505324107,21084726,1.18718,109.32597,0
1505324106,21084720,1.18723,75.66759,1
1505324105,21084713,1.18722,200.23585,1
1505324104,21084709,1.18722,246.85755,1
1505324093,21084684,1.18727,483.43017,1
1505324092,21084679,1.18727,265.40998,1
1505324040,21084631,1.18733,4.82464,0
1505324040,21084630,1.18731,260.86169,0
1505324040,21084629,1.18731,99.67023,0
1505324003,21084593,1.18721,195.15345,0
1505323999,21084581,1.18720,269.22469,1
1505323995,21084560,1.18662,2378.49896,1
1505323995,21084557,1.18665,308.12000,1
1505323995,21084555,1.18665,75.20732,1
1505323994,21084549,1.18737,1524.94989,1
1505323993,21084543,1.18731,99.67023,0
1505323992,21084535,1.18735,409.67111,1
1505323990,21084526,1.18735,246.85749,1
1505323930,21084431,1.18725,229.23655,1
1505323855,21084305,1.19163,0.00454,1
1505323855,21084304,1.19163,110.02577,1
1505323853,21084298,1.19164,532.37000,0
1505323849,21084291,1.19164,243.95512,0
1505323847,21084285,1.19160,96.08569,0
1505323846,21084284,1.19162,96.56000,1
1505323846,21084283,1.19164,601.16491,0
1505323846,21084281,1.19162,83.38509,0
1505323845,21084275,1.19162,13.18344,0
1505323832,21084259,1.19157,110.01452,1
1505323814,21084238,1.19162,243.93590,0
1505323813,21084234,1.19162,2269.88000,0
1505323812,21084232,1.19162,389.61557,0
1505323810,21084225,1.19147,397.23470,0
1505323810,21084224,1.19147,92.76530,0
1505323601,21083940,1.18706,1567.26794,1
1505323477,21083830,1.18671,1091.66999,1
1505323477,21083829,1.18671,1596.39665,1
1505323462,21083813,1.18692,1255.24450,1
1505323462,21083812,1.18692,383.32732,1
1505323392,21083703,1.19129,219.88787,1
1505323354,21083666,1.19159,56.36167,1
1505323334,21083640,1.19159,164.10847,1
1505323322,21083621,1.19160,104.55020,0
1505323322,21083620,1.19153,59.56082,0
1505323265,21083548,1.19129,50.00000,1
1505323233,21083503,1.19132,59.33800,1
1505323233,21083502,1.19132,51.36610,1
1505323233,21083500,1.19132,59.56569,1
1505323221,21083465,1.19132,59.14448,1
1505323212,21083443,1.19130,170.33000,0
1505323201,21083412,1.19126,1095.65000,0
1505323018,21083234,1.19109,255.45974,0
1505323018,21083231,1.19109,14.15606,0
1505323018,21083228,1.18706,1194.67853,1
1505323012,21083213,1.19109,124.87019,0
1505322960,21083018,1.18665,232.91268,1
1505322812,21082867,1.19132,169.75326,1
1505322770,21082815,1.19132,99.62104,1
1505322610,21082634,1.18519,1158.17442,1
1505322562,21082569,1.18509,63.07999,1
1505322560,21082559,1.18510,5.01797,1
1505322550,21082537,1.18513,20.10567,1
1505322548,21082532,1.18513,68.92600,1
1505322542,21082512,1.18511,816.28999,1
1505322526,21082484,1.18512,794.15999,1
1505322524,21082475,1.18509,2850.12549,1
1505322523,21082474,1.18511,281.52687,1
1505322521,21082471,1.18511,1636.05999,1
1505322491,21082430,1.18517,1148.41923,1
1505322488,21082425,1.18516,276.10618,1
1505322483,21082410,1.18517,480.49647,1
1505322480,21082399,1.18517,1021.12796,1
1505322470,21082387,1.18519,60.16000,1
1505322470,21082385,1.18519,358.04991,1
1505322461,21082360,1.18517,358.04991,1
1505322450,21082343,1.19160,11.37461,1
1505322449,21082341,1.19160,127.60601,1
1505322439,21082323,1.18517,97.11999,1
1505322425,21082295,1.18519,225.20173,1
1505322425,21082293,1.18519,52.31000,1
1505322382,21082199,1.18514,110.02221,1
1505322353,21082153,1.18514,962.81447,1
1505322350,21082142,1.18505,101.14902,1
1505322350,21082141,1.18506,231.69723,1
1505322350,21082140,1.18506,5000.00000,1
1505322349,21082139,1.18510,1582.94521,1
1505322349,21082137,1.18511,40.60000,1
1505322349,21082135,1.18513,40.82000,1
1505322335,21082085,1.18686,1105.79174,1
1505322333,21082071,1.18686,894.20826,1
1505322314,21082001,1.18685,76.92999,1
1505322310,21081982,1.18685,1868.29844,1
1505322307,21081976,1.18685,13.57521,1
1505322297,21081954,1.18681,109.92085,0
1505322296,21081953,1.18680,786.07846,0
1505322287,21081930,1.18665,328.49113,0
1505322286,21081927,1.18524,173.61067,0
1505322283,21081912,1.18524,111.92182,1
1505322283,21081911,1.18630,0.00516,1
1505322283,21081909,1.18664,2455.03237,1
1505322283,21081908,1.18684,2000.00000,1
1505322282,21081905,1.18684,516.15931,1
1505322278,21081882,1.18684,42.81527,1
1505322273,21081863,1.18685,1991.54250,1
1505322272,21081857,1.18684,8.45750,1
1505322252,21081745,1.18683,15.21118,1
1505322252,21081743,1.18688,2000.00000,1
1505322171,21081571,1.18670,53.54344,1
1505322112,21081425,1.18664,29.54348,1
1505322112,21081424,1.18666,1066.82923,1
1505322095,21081388,1.18667,60.00000,1
1505322085,21081372,1.18665,100.00000,1
1505322060,21081301,1.18783,332.98000,0
1505322049,21081273,1.18778,134.00000,1
1505322048,21081268,1.18783,332.98000,0
1505321859,21080896,1.18784,2000.00000,1
1505321805,21080801,1.18765,148.81771,0
1505321798,21080793,1.18766,120.43180,1
1505321782,21080765,1.18767,452.69268,1
1505321755,21080718,1.18756,422.03608,1
1505321299,21079828,1.19200,2648.64862,0
1505321294,21079812,1.19200,997.89226,0
1505321288,21079797,1.19198,997.64123,0
1505321284,21079777,1.19200,353.45912,0
1505321283,21079775,1.19198,643.82959,0
1505321282,21079770,1.19198,66.04238,0
1505321280,21079761,1.19198,228.71366,0
1505321276,21079740,1.19198,61.41437,0
1505321111,21079371,1.18734,114.17000,1
1505321057,21079342,1.18742,207.05429,0
1505320881,21079227,1.18734,578.36247,1
1505320881,21079226,1.18750,32.13473,1
1505320757,21079102,1.19298,3259.88183,1
1505320654,21079002,1.18860,240.81023,0
1505320652,21078995,1.18857,79.96969,0
1505320651,21078993,1.18859,0.00255,1
1505320647,21078984,1.18859,668.23716,1
1505320593,21078903,1.18859,935.24273,1
1505320591,21078897,1.18859,80.00098,1
1505320540,21078867,1.18859,95.64274,1
1505320519,21078852,1.18859,34.76388,1
1505320511,21078832,1.18860,240.00000,1
1505320361,21078744,1.18998,101.55100,0
1505320240,21078595,1.18859,1186.10996,1
1505320235,21078558,1.19000,2326.65195,1
1505320178,21078523,1.19000,212.94900,1
1505320153,21078505,1.19000,3080.42672,1
1505320024,21078322,1.19000,305.33305,1
1505320019,21078309,1.19000,305.33305,1
1505319963,21078263,1.19000,1401.39863,1
1505319898,21078189,1.19559,1185.25703,0
1505319897,21078188,1.19559,955.15375,1
1505319897,21078187,1.19500,7632.09240,0
1505319897,21078186,1.19499,2554.68416,1
1505319896,21078185,1.19364,3000.00000,0
1505319896,21078184,1.19359,3000.00000,0
1505319896,21078183,1.19359,100.00000,1
1505319895,21078182,1.19312,1000.00000,0
1505319895,21078179,1.19312,429.36487,1
1505319893,21078175,1.18998,1044.42392,0
1505319888,21078167,1.18998,5840.88139,1
1505319879,21078132,1.18998,5840.88138,1
1505319878,21078122,1.18998,84.53371,1
1505319609,21077833,1.18998,2766.69563,0
1505319609,21077832,1.18998,498.35121,0
1505319469,21077714,1.18997,36.39588,1
1505319460,21077704,1.18997,232.58999,1
1505319412,21077667,1.18997,519.68218,1
1505319405,21077658,1.18997,202.68811,0
1505319405,21077657,1.18997,210.44999,0
1505319075,21077281,1.18763,210.44999,1
1505318997,21077192,1.18749,54.41731,1
1505318987,21077184,1.18801,24.03179,1
1505318987,21077183,1.18801,241.67894,1
1505318735,21077024,1.18826,100.00000,1
1505317920,21076121,1.18710,80.28474,1
1505317597,21075723,1.18750,874.17264,1
1505317597,21075721,1.18750,5.41926,1
1505317596,21075718,1.18751,240.43116,1
1505317566,21075669,1.18737,481.91405,1
1505317394,21075351,1.18966,5.22897,1
1505317306,21075242,1.18966,20.30115,1
1505317306,21075241,1.18966,25.56346,1
1505317305,21075240,1.18966,24.13539,1
1505317296,21075221,1.18966,5.57273,1
1505317295,21075219,1.18967,90.47000,1
1505317295,21075218,1.18967,3.95727,1
1505317285,21075208,1.18967,100.00000,1
1505316979,21074705,1.19357,57.79000,0
1505316974,21074696,1.19354,57.77000,0
1505316903,21074563,1.19357,101.28000,0
1505316870,21074515,1.19098,0.00020,0
1505316829,21074435,1.19098,100.76000,0
1505316824,21074425,1.19071,538.22977,0
1505316748,21074317,1.19071,205.63280,0
1505316705,21074270,1.19071,49.48000,0
1505316700,21074258,1.19071,49.48000,0
1505316694,21074250,1.19071,72.04343,0
1505316694,21074249,1.18964,0.00657,0
1505316693,21074245,1.18964,229.23000,0
1505316628,21074158,1.19071,27.58857,0
1505316626,21074151,1.18962,547.74178,0
1505316622,21074148,1.18664,515.42415,1
1505316622,21074147,1.18722,5.01171,1
1505316616,21074131,1.18962,547.15870,1
1505316616,21074127,1.18962,547.13870,1
1505316615,21074123,1.18965,84.07397,1
1505316615,21074122,1.18965,84.74178,1
1505316568,21074046,1.18965,115.92158,1
1505316566,21074044,1.18989,55.07842,1
1505316356,21073797,1.19063,282.75512,0
1505316206,21073625,1.19063,278.45000,0
1505316173,21073606,1.19063,31.52113,0
1505316173,21073604,1.19063,67.95887,0
1505316133,21073551,1.19063,151.96000,0
1505316130,21073534,1.18987,388.54340,0
1505316130,21073533,1.18987,74.46324,0
1505316130,21073531,1.18987,200.67000,0
1505316126,21073512,1.18962,0.02000,1
1505316125,21073511,1.18963,99.98000,1
1505316116,21073494,1.18987,55.16858,0
1505316115,21073492,1.18963,100.00000,1
1505316114,21073486,1.18987,239.01716,0
1505316063,21073392,1.18864,547.15870,0
1505316031,21073328,1.18989,567.66058,1
1505316025,21073314,1.18989,176.90022,1
1505316025,21073313,1.18989,21.44585,1
1505316024,21073312,1.18989,176.88544,1
1505316023,21073307,1.18989,1114.26831,1
1505316023,21073306,1.18989,0.39588,1
1505316021,21073300,1.18989,567.64290,1
1505316019,21073296,1.18865,744.56082,0
1505316019,21073294,1.18864,744.52834,1
1505316018,21073292,1.18864,886.39918,1
1505316016,21073287,1.18864,1113.63330,1
1505316014,21073284,1.18865,2000.00000,1
1505316014,21073282,1.18865,255.43918,1
1505316014,21073280,1.18865,2744.56082,1
1505316008,21073273,1.18867,1113.20248,1
1505316001,21073267,1.18864,255.43918,1
1505316001,21073266,1.18864,857.30736,1
1505315993,21073254,1.18864,1068.18002,1
1505315993,21073252,1.18865,43.92000,1
1505315983,21073241,1.19000,150.00000,1
1505315982,21073238,1.19000,109.43064,1
1505315981,21073232,1.19000,574.11747,1
1505315978,21073224,1.19000,573.30253,1
1505315978,21073219,1.19065,373.47980,1
1505315977,21073217,1.19064,74.34007,0
1505315976,21073216,1.19000,572.47900,1
1505315974,21073213,1.19000,549.35999,1
1505315974,21073211,1.19000,494.23119,1
1505315973,21073208,1.19064,1406.64353,0
1505315973,21073206,1.19063,593.35647,0
1505315972,21073203,1.19000,4547.81342,1
1505315971,21073201,1.19064,1377.26657,1
1505315971,21073199,1.19064,221.77612,1
1505315970,21073195,1.19064,548.19350,1
1505315966,21073183,1.19064,261.10521,1
1505315965,21073178,1.19064,591.65860,1
1505315964,21073174,1.19071,130.02618,0
1505315964,21073173,1.19071,425.01930,0
1505315962,21073164,1.19065,260.17858,1
1505315951,21073134,1.19065,239.06490,1
1505315948,21073113,1.19073,112.88699,1
1505315947,21073111,1.19073,6.64743,1
1505315942,21073088,1.19073,417.94582,1
1505315942,21073086,1.19074,120.00000,1
1505315939,21073080,1.19074,120.00000,0
1505315938,21073073,1.19073,103.24159,1
1505315937,21073070,1.19124,1405.57264,0
1505315937,21073068,1.19074,9.35580,1
1505315931,21073058,1.19124,544.41605,0
1505315929,21073054,1.19127,195.72496,0
1505315929,21073053,1.19127,54.69190,0
1505315929,21073052,1.19127,412.90385,0
1505315927,21073042,1.19124,195.72496,0
1505315925,21073032,1.19126,32.62093,0
1505315921,21073019,1.19125,240.99354,1
1505315918,21073011,1.19125,242.60437,1
1505315917,21073004,1.19126,360.71657,0
1505315916,21073000,1.19072,247.92237,1
1505315913,21072995,1.19072,720.73198,1
1505315911,21072989,1.19072,721.47999,1
1505315911,21072988,1.19072,31.78999,1
1505315904,21072962,1.19065,6.98869,1
1505315904,21072961,1.19124,360.71803,1
1505315903,21072959,1.19128,240.00307,1
1505315903,21072958,1.19128,615.88611,1
1505315903,21072957,1.19129,240.00000,1
1505315898,21072942,1.19129,185.78990,1
1505315898,21072938,1.19129,163.81023,1
1505315893,21072931,1.19129,75.95999,1
1505315860,21072835,1.19124,96.09946,1
1505315860,21072833,1.19125,0.00209,1
1505315860,21072831,1.19125,529.99791,1
1505315841,21072773,1.19122,456.81749,0
1505315781,21072660,1.19122,25.57877,1
1505315778,21072652,1.19121,236.24864,1
1505315672,21072422,1.19148,1372.29271,0
1505315671,21072420,1.19155,148.43668,1
1505315639,21072314,1.19825,253.10897,0
1505315567,21072152,1.19825,765.00797,0
1505315567,21072150,1.19824,0.00001,0
1505315566,21072147,1.19824,229.99999,0
1505315544,21072058,1.19825,269.56458,0
1505315532,21072033,1.19826,587.98851,0
1505315532,21072030,1.19825,440.00000,0
1505315522,21072000,1.19826,122.06344,0
1505315521,21071998,1.19825,147.32535,0
1505315521,21071997,1.19825,722.67465,0
1505315519,21071989,1.19826,1027.75029,0
1505315499,21071945,1.19828,55.09227,0
1505315499,21071944,1.19828,0.00845,0
1505315499,21071940,1.19828,802.03000,0
1505315488,21071921,1.19060,60.08411,0
1505315488,21071920,1.19332,48.04739,1
1505315486,21071912,1.19849,28.96850,1
1505315485,21071904,1.19851,207.24491,0
1505315485,21071902,1.19830,148.43669,0
1505315485,21071901,1.19829,0.00001,0
1505315484,21071895,1.19829,738.66594,0
1505315480,21071878,1.19829,121.94000,0
1505315467,21071817,1.19829,470.17470,0
1505315423,21071669,1.19829,632.43454,0
1505315402,21071593,1.19825,191.65000,0
1505315228,21071352,1.19332,91.71999,1
1505315134,21071272,1.19332,239.64481,1
1505315115,21071220,1.19832,865.95940,1
1505315115,21071219,1.19832,28.97084,1
1505315056,21071122,1.19832,1577.04563,1
1505315036,21071074,1.19832,135.36586,1
1505315031,21071063,1.19832,51.31766,1
1505315030,21071060,1.19832,579.32594,1
1505315005,21071028,1.19832,56.10450,1
1505314999,21071016,1.19832,56.10450,1
1505314998,21071012,1.19832,162.91976,1
1505314996,21071008,1.19832,242.40356,1
1505314983,21070994,1.19832,2499.99998,1
1505314971,21070978,1.19832,1040.73203,1
1505314964,21070967,1.19551,1231.80177,0
1505314946,21070901,1.19333,870.36797,0
1505314946,21070899,1.19333,474.66203,0
1505314945,21070896,1.19332,200.00000,1
1505314913,21070844,1.19332,52.32967,1
1505314913,21070842,1.19332,294.57587,1
1505314910,21070840,1.19332,52.27738,1
1505314910,21070838,1.19332,52.32999,1
1505314896,21070817,1.19332,100.00000,1
1505314892,21070812,1.19332,1367.39009,1
1505314886,21070803,1.19332,100.00000,1
1505314877,21070795,1.19332,49.20726,1
1505314876,21070793,1.19332,100.00000,1
1505314865,21070783,1.19332,206.39839,1
1505314856,21070771,1.19332,46.07916,1
1505314829,21070717,1.19333,396.17101,1
1505314819,21070674,1.19333,471.88737,1
1505314809,21070655,1.19553,1151.93554,1
1505314809,21070653,1.19553,174.46999,1
1505314809,21070651,1.19553,235.23930,1
1505314773,21070611,1.19553,244.34406,1
1505314748,21070546,1.19553,1244.04455,1
1505314741,21070527,1.19553,947.24202,1
1505314666,21070409,1.19553,696.41374,1
1505314660,21070394,1.19553,1443.53030,1
1505314648,21070361,1.19553,64.83318,1
1505314647,21070356,1.19553,123.70919,1
1505314585,21070294,1.19553,408.09516,1
1505314533,21070236,1.19851,31.06566,0
1505314533,21070235,1.19851,21.29018,0
1505314528,21070222,1.19851,214.51556,0
1505314526,21070216,1.19851,1374.50998,0
1505314526,21070212,1.19834,14.37677,1
1505314525,21070211,1.19834,14.37606,1
1505314510,21070187,1.19832,0.00071,0
1505314506,21070175,1.19832,633.66000,0
1505314504,21070163,1.19753,26.05000,0
1505314501,21070154,1.19753,29.03000,0
1505314493,21070141,1.19755,55.02078,1
1505314486,21070117,1.19832,220.38000,0
1505314455,21070015,1.19832,741.03000,0
1505314449,21069976,1.19832,114.39347,0
1505314442,21069946,1.19753,1144.73830,0
1505314442,21069945,1.19753,237.94063,0
1505314440,21069935,1.19753,236.99616,0
1505314433,21069923,1.19753,7.64510,0
1505314432,21069914,1.19753,394.05000,0
1505314429,21069908,1.19753,257.40979,0
1505314423,21069897,1.19753,5.72573,0
1505314418,21069879,1.19753,238.47390,0
1505314417,21069874,1.19753,477.02039,0
1505314327,21069668,1.19553,462.19999,1
1505314316,21069643,1.19553,61.19914,1
1505314311,21069637,1.19553,490.85299,1
1505314306,21069635,1.19553,1502.63900,1
1505314304,21069631,1.19553,490.51218,1
1505314299,21069626,1.19553,893.95499,1
1505314296,21069619,1.19553,2426.19592,1
1505314276,21069583,1.19553,236.27155,1
1505314242,21069522,1.19553,237.70847,1
1505314241,21069520,1.19553,269.26722,1
1505314240,21069516,1.19553,1313.21674,1
1505314237,21069505,1.19553,37.00763,1
1505314236,21069502,1.19553,210.52999,1
1505314208,21069460,1.19553,1770.97215,0
1505314208,21069459,1.19552,4456.86990,0
1505314054,21069210,1.19553,1059.58000,0
1505314015,21069159,1.19553,169.44785,0
1505314002,21069136,1.19255,0.00162,0
1505313939,21069066,1.19255,794.29000,0
1505313869,21068911,1.19255,493.13932,0
1505313869,21068910,1.19255,394.41934,0
1505313869,21068909,1.19255,98.46130,0
1505313869,21068908,1.19251,0.00642,0
1505313868,21068907,1.19251,61.52176,0
1505313868,21068905,1.19251,195.43164,0
1505313868,21068903,1.19251,70.28660,0
1505313857,21068883,1.19251,124.37278,0
1505313796,21068792,1.19025,100.00000,1
1505313786,21068782,1.19045,26.15100,1
1505313786,21068781,1.19045,73.84900,1
1505313640,21068440,1.19023,37.48115,0
1505313640,21068439,1.19002,40.61277,0
1505313636,21068423,1.19000,43.91537,1
1505313636,21068422,1.19000,167.44282,1
1505313635,21068421,1.19002,40.62000,1
1505313635,21068420,1.19022,5.01588,1
1505313635,21068419,1.19023,86.21293,1
1505313635,21068416,1.19053,3000.00000,1
1505313635,21068414,1.19068,189.41207,1
1505313634,21068412,1.19068,249.85841,1
1505313634,21068411,1.19068,102.64740,1
1505313634,21068406,1.19068,114.35212,1
1505313633,21068405,1.19068,343.73000,1
1505313633,21068403,1.19070,31.90000,1
1505313633,21068402,1.19077,909.44594,1
1505313630,21068390,1.19076,1090.55406,0
1505313621,21068342,1.19143,6.96632,0
1505313611,21068291,1.19075,243.55157,1
1505313606,21068251,1.19140,1895.64260,0
1505313605,21068248,1.19140,2000.00000,0
1505313605,21068246,1.19140,3000.00000,1
1505313605,21068241,1.19142,242.31182,1
1505313602,21068227,1.19141,194.75903,1
1505313602,21068224,1.19141,260.93649,1
1505313600,21068205,1.19143,18.79550,0
1505313598,21068197,1.19141,232.75094,1
1505313593,21068147,1.19144,11.08092,1
1505313591,21068136,1.19144,236.48126,1
1505313585,21068015,1.19141,310.72706,1
1505313583,21067986,1.19253,194.35176,1
1505313568,21067845,1.19253,236.92665,1
1505313562,21067774,1.19253,250.38266,1
1505313544,21067729,1.19253,448.12796,1
1505313540,21067720,1.19253,1200.15405,1
1505313538,21067715,1.19253,446.67693,1
1505313536,21067711,1.19253,223.37999,1
1505313525,21067689,1.19254,904.44999,1
1505313522,21067676,1.19255,433.40627,1
1505313522,21067674,1.19257,59.87391,1
1505313516,21067657,1.19255,42.87934,1
1505313516,21067656,1.19256,450.00000,1
1505313505,21067623,1.19279,856.28942,1
1505313403,21067487,1.19832,319.35764,0
1505313403,21067486,1.19830,15.99707,0
1505313393,21067472,1.19830,14.76264,0
1505313393,21067470,1.19829,15.99707,0
1505313390,21067448,1.19700,16.67609,0
1505313389,21067435,1.19700,59.88000,0
1505313358,21067383,1.19700,84.33000,0
1505313354,21067365,1.19700,143.80000,0
1505313352,21067360,1.19700,6.03652,0
1505313258,21067285,1.19702,68.93788,1
1505313258,21067282,1.19702,64.21805,1
1505313258,21067281,1.19702,175.82811,1
1505313253,21067270,1.19702,33.32143,1
1505313252,21067269,1.19702,57.73544,1
1505313168,21067188,1.19831,386.93000,0
1505313007,21067021,1.19831,133.01036,0
1505312991,21066940,1.19830,70.35000,0
1505312991,21066939,1.19830,525.70000,0
1505312990,21066937,1.19670,151.45370,0
1505312989,21066932,1.19670,401.08869,0
1505312989,21066931,1.19700,122.84703,1
1505312989,21066930,1.19700,209.36590,1
1505312988,21066927,1.19730,115.24468,1
1505312988,21066926,1.19730,784.92532,0
1505312988,21066925,1.19730,115.25000,0
1505312985,21066919,1.19730,99.82468,0
1505312985,21066918,1.19700,209.36590,0
1505312985,21066917,1.19680,215.50472,0
1505312983,21066914,1.19680,518.46938,0
1505312983,21066911,1.19680,209.37345,0
1505312982,21066910,1.19680,56.65245,0
1505312979,21066902,1.19700,524.69252,0
1505312979,21066900,1.19700,265.94158,0
1505312948,21066875,1.19749,119.60786,0
1505312918,21066854,1.19831,1149.25089,0
1505312918,21066829,1.19260,50.00000,1
1505312914,21066782,1.19831,477.19735,0
1505312912,21066771,1.19831,255.39629,0
1505312867,21066723,1.19831,26.97000,0
1505312867,21066722,1.19831,734.27257,0
1505312849,21066707,1.19831,72.60446,0
1505312845,21066704,1.19831,114.06000,0
1505312843,21066700,1.19831,114.01000,0
1505312841,21066695,1.19831,114.01000,0
1505312839,21066690,1.19831,114.01000,0
1505312838,21066685,1.19831,189.25750,0
1505312838,21066682,1.19831,101.32945,0
1505312838,21066677,1.19831,200.04340,0
1505312834,21066653,1.19831,64.07791,0
1505312831,21066633,1.19831,620.26450,0
1505312829,21066622,1.19831,257.87986,0
1505312765,21066530,1.19831,26.97109,0
1505312741,21066500,1.19831,18.24055,0
1505312691,21066446,1.19831,35.10413,0
1505312617,21066344,1.19831,78.22783,0
1505312574,21066290,1.19832,499.55521,0
1505312573,21066289,1.19831,262.14762,0
1505312573,21066288,1.19816,507.16536,0
1505312573,21066285,1.19816,31.60345,0
1505312572,21066284,1.19816,30.79799,0
1505312571,21066277,1.19823,161.89672,1
1505312570,21066271,1.19832,158.50564,0
1505312570,21066263,1.19832,313.11733,0
1505312569,21066253,1.19816,435.98646,1
1505312568,21066247,1.19817,536.21166,0
1505312567,21066243,1.19817,175.17863,0
1505312567,21066238,1.19817,23.42046,0
1505312565,21066229,1.19816,15.98667,0
1505312540,21066166,1.19818,835.14488,0
1505312533,21066125,1.19820,74.54328,0
1505312531,21066114,1.19254,331.70027,1
1505312526,21066088,1.19821,54.76615,0
1505312526,21066085,1.19254,100.00000,1
1505312519,21066032,1.19822,372.98943,0
1505312516,21066024,1.19254,100.00000,1
1505312492,21065939,1.19824,54.81508,0
1505312490,21065932,1.19818,240.09884,1
1505312488,21065924,1.19818,237.40877,0
1505312487,21065922,1.19820,213.50244,0
1505312459,21065834,1.19264,25.97172,1
1505312429,21065743,1.19264,247.42327,1
1505312428,21065739,1.19264,200.17775,1
1505312426,21065732,1.19264,201.05783,1
1505312426,21065730,1.19264,424.90887,1
1505312425,21065721,1.19265,6.68163,0
1505312424,21065718,1.19264,305.56166,1
1505312423,21065713,1.19265,51.70126,0
1505312422,21065701,1.19265,107.32245,0
1505312421,21065691,1.19265,114.95944,0
1505312376,21065488,1.19264,86.92071,1
1505312373,21065477,1.19264,284.90086,1
1505312370,21065457,1.19264,59.18877,1
1505312370,21065454,1.19264,200.59377,1
1505312368,21065449,1.19264,188.84465,1
1505312366,21065437,1.19264,249.85451,1
1505312361,21065400,1.19264,17.11344,1
1505312360,21065398,1.19264,59.12933,1
1505312330,21065324,1.19264,233.41612,1
1505312306,21065263,1.19264,107.46837,1
1505312300,21065241,1.19264,107.46837,1
1505312238,21064984,1.19265,249.17060,1
1505312069,21064438,1.19847,61.55296,0
1505312006,21064335,1.19265,126.99169,1
1505312006,21064334,1.19266,490.00000,1
1505311998,21064320,1.19849,13.40008,0
1505311996,21064313,1.19266,285.63866,1
1505311965,21064197,1.19265,14.12321,1
1505311963,21064194,1.19299,508.03679,1
1505311961,21064191,1.19299,285.63866,1
1505311953,21064184,1.19299,127.69290,1
1505311944,21064171,1.19299,78.63165,1
1505311944,21064170,1.19307,25.40000,1
1505311906,21064107,1.19833,335.63954,0
1505311864,21064049,1.19320,1067.69999,1
1505311798,21063983,1.19307,1999.99162,1
1505311757,21063950,1.19453,201.83653,1
1505311597,21063745,1.19453,2798.16347,1
1505311595,21063744,1.19464,2701.83653,1
1505311583,21063736,1.19850,15.81361,0
1505311296,21063495,1.19466,80.00000,1
1505311286,21063489,1.19464,100.00000,1
1505311276,21063484,1.19464,100.00000,1
1505311265,21063470,1.19465,489.95484,1
1505311265,21063469,1.19580,0.02131,1
1505311213,21063391,1.19580,1648.26895,1
1505311211,21063387,1.19580,351.70974,1
1505311211,21063386,1.19581,0.02508,1
1505311210,21063381,1.19581,1999.97492,1
1505311207,21063367,1.19653,3000.00000,1
1505311177,21063280,1.19660,0.00592,1
1505311162,21063263,1.19660,1047.98597,1
1505311150,21063253,1.19660,177.17999,1
1505311149,21063249,1.19660,177.03999,1
1505311069,21063159,1.19850,5.82531,0
1505311046,21063124,1.19660,366.46505,1
1505311037,21063097,1.19660,231.32308,1
1505311033,21063087,1.19796,84.89418,1
1505311029,21063076,1.19796,234.51264,1
1505311020,21063034,1.19720,253.56755,1
1505311019,21063031,1.19720,239.30269,1
1505311015,21063011,1.19720,17.81961,1
1505311014,21062999,1.19720,249.73069,1
1505311013,21062997,1.19795,390.05948,0
1505311009,21062966,1.19720,239.57946,1
1505311008,21062963,1.19795,0.01123,1
1505311006,21062944,1.19795,2999.98877,1
1505311006,21062939,1.19796,0.00288,1
1505311004,21062929,1.19796,431.04946,1
1505311004,21062925,1.19853,0.00187,1
1505311004,21062919,1.19853,1364.62167,1
1505311000,21062904,1.19853,232.66292,1
1505310959,21062856,1.19853,721.48999,1
1505310953,21062844,1.19853,128.33370,1
1505310947,21062837,1.19853,128.33370,1
1505310904,21062785,1.19853,424.55615,1
1505310904,21062784,1.19870,102.74588,1
1505310904,21062783,1.19870,102.42201,1
1505310884,21062757,1.20000,10.40881,1
1505310880,21062751,1.20000,25.51999,1
1505310859,21062725,1.20000,575.35189,1
1505310857,21062722,1.20071,585.86689,0
1505310845,21062709,1.20000,221.73336,1
1505310812,21062646,1.20000,576.30378,1
1505310812,21062644,1.20002,245.94722,1
1505310812,21062643,1.20002,54.76337,1
1505310807,21062635,1.20002,241.44890,1
1505310793,21062576,1.20053,1.14532,1
1505310793,21062573,1.20053,227.91838,1
1505310787,21062570,1.20053,2770.93630,1
1505310716,21062511,1.20054,176.33736,1
1505310716,21062510,1.20062,35.92311,1
1505310715,21062508,1.20062,1710.24197,1
1505310715,21062507,1.20070,35.92311,1
1505310714,21062502,1.20070,1057.17420,1
1505310713,21062500,1.20070,462.26495,1
1505310621,21062405,1.20070,983.92490,1
1505310587,21062365,1.20251,772.62851,0
1505310567,21062351,1.20251,223.43360,0
1505310566,21062347,1.20251,265.89521,0
1505310547,21062326,1.20251,749.01493,0
1505310544,21062322,1.20251,75.78314,0
1505310407,21062159,1.20251,160.91341,0
1505310323,21062076,1.20070,683.65954,1
1505310322,21062068,1.20070,230.37627,1
1505310316,21062056,1.20070,514.45339,1
1505310311,21062050,1.20070,127.86999,1
1505310310,21062035,1.20070,513.01997,1
1505310305,21061951,1.20070,121.66262,1
1505310300,21061925,1.20070,177.19999,1
1505310299,21061921,1.20070,46.29800,1
1505310296,21061909,1.20070,46.17307,1
1505310264,21061829,1.20253,3000.00000,1
1505310234,21061770,1.20452,285.05409,1
1505310226,21061760,1.20452,1598.74071,1
1505310209,21061717,1.20452,99.64028,1
1505310205,21061704,1.20452,99.66026,1
1505310194,21061656,1.20452,916.90466,1
1505310178,21061616,1.20453,1699.84813,1
1505310177,21061615,1.20453,202.15999,1
1505310177,21061612,1.20453,790.00786,1
1505310154,21061586,1.20453,307.98402,1
1505310135,21061560,1.20652,0.00490,1
1505310129,21061554,1.20652,162.02799,1
1505310126,21061549,1.20652,73.07725,1
1505310119,21061543,1.20652,249.99999,1
1505310117,21061539,1.20652,166.84000,1
1505310116,21061537,1.20652,488.32000,1
1505310116,21061536,1.20652,100.00000,1
1505310115,21061530,1.20652,655.06581,1
1505310114,21061528,1.20652,238.10696,1
1505310113,21061525,1.20652,628.54325,1
1505310111,21061517,1.20653,174.99773,1
1505310106,21061505,1.20653,100.00000,1
1505310099,21061494,1.20654,238.11367,1
1505310098,21061490,1.20653,467.48942,0
1505310097,21061489,1.20652,238.01385,1
1505310096,21061486,1.20653,100.00000,1
1505310094,21061477,1.20654,240.35427,1
1505310094,21061474,1.20654,307.80854,1
1505310093,21061469,1.20653,307.85902,1
1505310093,21061464,1.20653,361.21851,1
1505310091,21061447,1.20653,53.53063,1
1505310086,21061441,1.20653,100.00000,1
1505310077,21061432,1.20653,485.06876,1
1505310076,21061430,1.20653,485.07497,1
1505310053,21061406,1.20653,53.51095,1
1505310001,21061306,1.20653,53.42271,1
1505309969,21061257,1.20654,51.50146,1
1505309968,21061247,1.20653,1788.32674,1
1505309963,21061235,1.20653,51.54359,0
1505309963,21061230,1.20653,197.80659,1
1505309962,21061226,1.20653,364.96495,1
1505309877,21061127,1.20661,474.71879,1
1505309649,21060817,1.21000,111.39000,0
1505309641,21060810,1.21000,11.17355,0
1505309636,21060803,1.21000,5.78186,0
1505309585,21060761,1.21000,20.80992,0
1505309385,21060506,1.21000,538.17000,0
1505309287,21060352,1.21154,5.18591,0
1505309287,21060351,1.21153,31.88000,0
1505309287,21060350,1.21000,118.32751,0
1505309287,21060349,1.20954,28.45519,0
1505309287,21060348,1.20740,0.56526,0
1505309184,21060224,1.20953,287.51474,1
1505309169,21060210,1.20953,28.45519,1
1505309167,21060207,1.20953,165.22777,1
1505309166,21060206,1.20954,28.45519,1
1505309158,21060198,1.21000,10.12807,0
1505309158,21060197,1.21000,54.78621,0
1505309153,21060193,1.20954,114.33000,1
1505309140,21060167,1.20954,114.33000,1
1505309129,21060135,1.21000,135.40399,0
1505309124,21060119,1.21000,0.32173,0
1505309123,21060113,1.21002,189.86787,1
1505309053,21060018,1.21154,2.49414,0
1505309053,21060017,1.21152,1959.89741,0
1505309021,21059952,1.21152,1017.64723,0
1505309014,21059921,1.21152,22.45536,0
1505309014,21059918,1.21000,190.03261,0
1505309012,21059914,1.21000,115.73000,0
1505309010,21059910,1.21000,234.00490,0
1505309009,21059903,1.21000,234.40444,0
1505309008,21059902,1.21000,218.44806,0
1505309008,21059901,1.20999,585.68231,0
1505309007,21059899,1.20999,85.45849,0
1505309004,21059866,1.21000,7.37999,0
1505309003,21059864,1.20999,199.39874,0
1505309001,21059849,1.20999,301.58281,0
1505308998,21059832,1.20954,120.28254,0
1505308998,21059827,1.20954,581.08218,0
1505308997,21059822,1.20954,379.40000,0
1505308993,21059802,1.20954,224.77410,0
1505308988,21059774,1.20954,526.01712,0
1505308986,21059765,1.20954,248.02818,0
1505308983,21059746,1.20953,107.07809,0
1505308982,21059742,1.20953,464.59486,0
1505308964,21059690,1.20952,125.51600,1
1505308959,21059673,1.20954,919.84309,0
1505308958,21059670,1.20952,206.83516,0
1505308958,21059667,1.20951,130.00175,0
1505308958,21059665,1.20951,363.49000,0
1505308958,21059662,1.20949,130.00000,0
1505308956,21059644,1.20950,57.50584,0
1505308954,21059636,1.20951,191.61843,0
1505308952,21059621,1.20951,50.78276,0
1505308950,21059605,1.20950,216.85911,0
1505308948,21059599,1.20951,121.21720,0
1505308948,21059597,1.20950,248.80280,0
1505308947,21059592,1.20950,249.58000,0
1505308947,21059591,1.20950,11.61720,0
1505308945,21059574,1.20951,13.36863,0
1505308945,21059573,1.20658,131.03137,0
1505308945,21059570,1.20660,119.25798,1
1505308945,21059567,1.20660,806.52036,1
1505308945,21059566,1.20660,220.72480,1
1505308944,21059563,1.20951,17.97237,0
1505308942,21059544,1.20951,104.90820,0
1505308940,21059526,1.20660,119.25798,1
1505308939,21059516,1.20660,120.00722,1
1505308939,21059512,1.20952,5.88729,0
1505308938,21059508,1.20951,46.79136,0
1505308934,21059473,1.20952,126.41412,0
1505308933,21059462,1.20952,221.11988,0
1505308933,21059460,1.20952,2211.90558,0
1505308933,21059458,1.20951,158.66894,0
1505308931,21059442,1.20951,104.89641,0
1505308929,21059419,1.20951,224.70425,0
1505308925,21059370,1.20952,215.24931,0
1505308925,21059367,1.20951,60.97069,0
1505308924,21059364,1.20951,41.65373,0
1505308924,21059361,1.20951,181.18571,0
1505308923,21059340,1.20951,213.98316,0
1505308921,21059311,1.20951,223.39023,0
1505308919,21059300,1.20754,640.56942,0
1505308919,21059298,1.20754,937.25699,0
1505308918,21059287,1.20754,210.28541,0
1505308913,21059250,1.20754,465.85570,1
1505308911,21059236,1.20756,112.60688,0
1505308911,21059233,1.20756,135.82798,0
1505308911,21059229,1.20756,102.11130,0
1505308911,21059223,1.20756,105.07474,0
1505308908,21059180,1.20756,213.68430,0
1505308902,21059158,1.20754,243.74501,1
1505308902,21059156,1.20756,1410.55348,1
1505308892,21059121,1.20756,240.39000,1
1505308890,21059117,1.20756,200.20340,1
1505308871,21059046,1.20756,530.04000,1
1505308836,21058917,1.20756,56.10488,1
1505308825,21058882,1.20756,309.58371,1
1505308818,21058853,1.20756,354.30149,1
1505308810,21058822,1.20756,200.71000,1
1505308810,21058821,1.20952,12.58866,0
1505308806,21058804,1.20954,0.57279,0
1505308806,21058799,1.20953,123.85415,0
1505308800,21058775,1.20953,6.64502,0
1505308799,21058771,1.20953,216.45196,0
1505308798,21058767,1.20953,106.63130,0
1505308797,21058755,1.20953,100.39772,0
1505308794,21058732,1.20953,140.87400,0
1505308792,21058708,1.20754,10.00000,1
1505308789,21058689,1.20953,18.29568,0
1505308788,21058679,1.20953,289.06415,0
1505308787,21058668,1.20863,120.05114,0
1505308787,21058656,1.20863,208.90907,0
1505308784,21058628,1.20754,27.12074,0
1505308783,21058615,1.20754,217.10274,0
1505308782,21058599,1.20754,215.09851,0
1505308781,21058593,1.20754,266.23922,0
1505308778,21058564,1.20754,140.00407,0
1505308777,21058552,1.20754,207.83970,0
1505308773,21058514,1.20754,580.99000,0
1505308772,21058496,1.20754,215.16502,0
1505308770,21058486,1.20754,404.60000,0
1505308768,21058462,1.20754,725.84000,0
1505308767,21058455,1.20700,1869.60964,0
1505308767,21058451,1.20700,579.89000,0
1505308767,21058446,1.20700,226.63642,0
1505308767,21058444,1.20699,460.00000,0
1505308766,21058439,1.20659,39.20358,0
1505308766,21058436,1.20659,19.63383,0
1505308766,21058433,1.20659,205.31263,0
1505308765,21058425,1.20659,198.83211,0
1505308765,21058418,1.20659,248.63458,0
1505308765,21058414,1.20659,725.84000,0
1505308764,21058408,1.20659,981.60190,0
1505308764,21058405,1.20659,466.13033,0
1505308764,21058404,1.20659,169.20922,0
1505308764,21058403,1.20659,165.25463,0
1505308761,21058379,1.20659,216.65428,0
1505308742,21058314,1.20657,118.69252,0
1505308739,21058305,1.20655,60.72141,0
1505308722,21058262,1.20069,53.85000,0
1505308719,21058254,1.20071,103.05913,1
1505308715,21058215,1.20068,67.11503,1
1505308713,21058201,1.20067,72.23768,1
1505308710,21058186,1.20648,0.00309,1
1505308709,21058171,1.20648,273.68876,1
1505308708,21058160,1.20658,7.20845,1
1505308708,21058158,1.20658,93.03945,1
1505308704,21058128,1.20648,1497.72669,1
1505308704,21058126,1.20658,262.98050,1
1505308703,21058120,1.20658,1176.24440,1
1505308703,21058112,1.20658,37.18112,0
1505308701,21058101,1.20658,424.07870,0
1505308698,21058068,1.20647,1052.77242,0
1505308697,21058065,1.20647,158.66392,0
1505308697,21058062,1.20647,84.91970,0
1505308695,21058044,1.20647,209.15675,0
1505308692,21058000,1.20645,2992.93000,0
1505308691,21057994,1.20647,309.18534,0
1505308690,21057977,1.20647,0.02322,1
1505308689,21057967,1.20647,187.65490,1
1505308687,21057940,1.20647,19.97477,0
1505308687,21057937,1.20462,112.18912,0
1505308682,21057881,1.20462,46.75078,0
1505308576,21057716,1.20062,1074.70246,1
1505308544,21057662,1.20063,176.03999,1
1505308372,21057417,1.20461,89.20368,0
1505308370,21057409,1.20457,163.18065,0
1505308349,21057366,1.20063,371.55009,1
1505308349,21057363,1.20063,2181.32924,1
1505308348,21057360,1.20065,163.18065,1
1505308255,21057161,1.20066,1023.99999,0
1505308241,21057133,1.20066,399.67319,1
1505308209,21056996,1.20063,163.91078,0
1505308205,21056984,1.20062,179.13246,1
1505308174,21056867,1.20063,54.51999,1
1505308174,21056865,1.20252,319.93659,0
1505308165,21056842,1.20254,0.00586,1
1505308142,21056776,1.20254,319.25758,1
1505308142,21056772,1.20461,132.82186,0
1505308104,21056658,1.20254,447.53726,1
1505308103,21056645,1.20254,224.86637,1
1505308102,21056641,1.20254,1673.35999,1
1505308101,21056631,1.20254,334.97294,1
1505308099,21056623,1.20262,113.23739,1
1505308098,21056621,1.20262,2886.76261,1
1505308098,21056619,1.20263,265.39759,1
1505308094,21056612,1.20263,162.96369,1
1505308078,21056553,1.20454,919.64001,1
1505308078,21056552,1.20454,1777.67343,1
1505308077,21056544,1.20454,302.68656,1
1505308077,21056540,1.20462,1868.55508,1
1505308075,21056529,1.20462,222.02554,1
1505308075,21056518,1.20462,797.78998,1
1505308074,21056516,1.20462,5.30541,1
1505308025,21056354,1.20464,312.38023,1
1505308020,21056332,1.20661,112.41957,1
1505308016,21056321,1.20661,82.79762,1
1505308014,21056313,1.20661,494.32848,1
1505308009,21056300,1.20661,494.43483,1
1505308009,21056296,1.20661,494.43483,1
1505308008,21056292,1.20661,274.53776,1
1505308006,21056283,1.20661,197.34071,1
1505308006,21056280,1.20661,4743.95208,1
1505307987,21056218,1.20661,169.02377,1
1505307986,21056216,1.20661,3244.80360,1
1505307981,21056197,1.20700,61.11425,0
1505307975,21056161,1.20700,584.03012,0
1505307975,21056156,1.20700,1213.54856,0
1505307974,21056146,1.20700,390.78472,0
1505307969,21056115,1.20700,74.38629,0
1505307946,21056025,1.20661,498.06999,1
1505307942,21056005,1.20661,197.89328,1
1505307938,21055935,1.20661,137.48436,1
1505307922,21055905,1.20662,126.34737,1
1505307920,21055897,1.20662,98.90438,1
1505307896,21055779,1.20661,151.10275,1
1505307894,21055774,1.20661,2888.43548,1
1505307892,21055764,1.20661,232.80725,1
1505307892,21055763,1.20662,6.51615,1
1505307891,21055741,1.20662,63.88256,1
1505307885,21055691,1.20662,192.22223,0
1505307878,21055676,1.20661,100.98243,1
1505307877,21055665,1.20661,1742.65416,1
1505307875,21055653,1.20661,203.48676,1
1505307872,21055643,1.20662,104.01169,0
1505307872,21055640,1.20662,166.18257,0
1505307862,21055618,1.20661,338.10498,1
1505307859,21055602,1.20662,72.96492,0
1505307859,21055601,1.20662,188.50415,0
1505307854,21055595,1.20661,99.75883,1
1505307853,21055589,1.20661,1739.59292,1
1505307853,21055587,1.20661,199.28933,1
1505307852,21055584,1.20662,3.19119,1
1505307852,21055578,1.20662,37.23156,1
1505307847,21055559,1.20662,191.56476,1
1505307819,21055472,1.20661,197.26686,1
1505307817,21055469,1.20661,2418.65000,1
1505307817,21055468,1.20661,996.24783,1
1505307816,21055465,1.20661,819.96000,1
1505307815,21055454,1.20661,197.07000,1
1505307811,21055437,1.20661,995.30640,1
1505307811,21055436,1.20662,0.29094,1
1505307809,21055426,1.20662,191.15381,1
1505307803,21055400,1.20661,2351.28860,1
1505307796,21055390,1.20661,1611.32564,1
1505307793,21055385,1.20662,194.67280,0
1505307790,21055381,1.20661,96.87946,1
1505307787,21055378,1.20661,96.90787,1
1505307780,21055360,1.20661,1181.80451,1
1505307780,21055359,1.20662,204.99548,1
1505307775,21055344,1.20661,114.01971,1
1505307774,21055340,1.20661,113.95563,1
1505307770,21055326,1.20661,25.07881,1
1505307769,21055320,1.20661,19.83117,1
1505307769,21055318,1.20661,77.01834,1
1505307768,21055308,1.20661,460.40809,1
1505307767,21055307,1.20662,216.40547,1
1505307766,21055301,1.20661,381.29175,1
1505307766,21055300,1.20661,79.86840,1
1505307761,21055289,1.20661,310.85251,1
1505307760,21055287,1.20661,99.60999,1
1505307759,21055284,1.20662,239.14749,1
1505307749,21055262,1.20662,44.37189,1
1505307739,21055246,1.20661,126.62750,1
1505307735,21055237,1.20661,1456.31712,1
1505307731,21055232,1.20661,375.43843,1
1505307729,21055228,1.20661,125.24069,1
1505307729,21055227,1.20662,268.94320,1
1505307726,21055219,1.20661,64.35998,1
1505307725,21055202,1.20661,552.62357,1
1505307725,21055198,1.20661,99.70000,1
1505307720,21055175,1.20661,551.72044,1
1505307719,21055174,1.20661,83.48868,1
1505307718,21055170,1.20661,62.72127,1
1505307717,21055167,1.20661,651.91271,1
1505307716,21055164,1.20661,5477.23542,1
1505307714,21055161,1.20661,252.14567,1
1505307714,21055160,1.20662,297.20676,1
1505307712,21055152,1.20661,246.39772,1
1505307709,21055142,1.20661,48.01883,1
1505307709,21055141,1.20661,548.44794,1
1505307708,21055137,1.20661,198.92892,1
1505307707,21055135,1.20661,197.34314,1
1505307703,21055129,1.20661,547.54347,1
1505307701,21055125,1.20661,222.77838,1
1505307701,21055120,1.20661,348.74637,1
1505307700,21055117,1.20662,328.44013,1
1505307698,21055106,1.20661,546.64871,1
1505307692,21055096,1.20661,545.75217,1
1505307689,21055089,1.20661,32.61601,1
1505307689,21055087,1.20662,97.24370,1
1505307689,21055085,1.20662,222.42640,1
1505307687,21055082,1.20662,43.28657,0
1505307687,21055080,1.20661,544.86929,1
1505307687,21055079,1.20661,100.00000,1
1505307681,21055070,1.20661,544.09114,1
1505307676,21055060,1.20661,100.00000,1
1505307676,21055059,1.20661,543.30214,1
1505307674,21055054,1.20662,452.75085,0
1505307670,21055049,1.20661,529.99631,1
1505307668,21055046,1.20661,220.62525,1
1505307668,21055044,1.20661,59.69618,1
1505307667,21055041,1.20661,676.88815,1
1505307667,21055039,1.20661,11.07311,1
1505307665,21055026,1.20661,541.43767,1
1505307661,21055019,1.20662,500.33076,0
1505307659,21055014,1.20661,540.48216,1
1505307657,21055012,1.20661,656.58006,1
1505307657,21055009,1.20661,414.00287,1
1505307655,21055004,1.20661,527.82999,1
1505307653,21055001,1.20661,539.28084,1
1505307648,21054995,1.20661,459.52498,1
1505307648,21054992,1.20662,563.63365,0
1505307642,21054987,1.20661,537.96764,1
1505307637,21054982,1.20661,537.33561,1
1505307634,21054979,1.20662,554.43370,0
1505307631,21054975,1.20661,536.69824,1
1505307626,21054967,1.20661,536.14951,1
1505307624,21054963,1.20661,521.66815,1
1505307621,21054957,1.20662,612.69926,0
1505307621,21054956,1.20661,535.53736,1
1505307615,21054943,1.20661,534.94019,1
1505307610,21054916,1.20661,534.36793,1
1505307608,21054888,1.20662,655.05681,0
1505307604,21054830,1.20661,533.82726,1
1505307603,21054824,1.20661,1479.40926,1
1505307595,21054816,1.20662,808.90420,0
1505307592,21054809,1.20661,752.23229,1
1505307592,21054808,1.20662,808.90420,1
1505307580,21054775,1.20860,0.00595,1
1505307580,21054772,1.20860,1159.33312,1
1505307560,21054761,1.20661,112.64999,1
1505307559,21054758,1.20661,82.96899,1
1505307559,21054757,1.20662,0.00729,1
1505307558,21054753,1.20662,900.29173,1
1505307524,21054661,1.20661,383.12765,0
1505307524,21054660,1.20652,101.15320,0
1505307524,21054659,1.20652,49.21807,0
1505307524,21054658,1.20651,375.93804,0
1505307489,21054603,1.20464,36.36355,0
1505307488,21054601,1.20462,106.32399,1
1505307487,21054594,1.20464,178.38941,0
1505307459,21054538,1.20654,100.81023,1
1505307458,21054528,1.20654,316.29288,1
1505307452,21054515,1.20654,110.30716,1
1505307449,21054504,1.20654,908.71999,1
1505307447,21054494,1.20654,671.36660,1
1505307445,21054490,1.20654,250.71693,1
1505307440,21054479,1.20654,149.56726,1
1505307436,21054472,1.20654,320.23804,1
1505307433,21054462,1.20654,149.43461,1
1505307425,21054445,1.20654,22.54630,1
1505307405,21054412,1.20655,415.80056,1
1505307404,21054409,1.20655,415.79711,1
1505307392,21054391,1.20655,739.78356,1
1505307392,21054390,1.20662,415.79226,1
1505307391,21054388,1.20662,2584.20774,1
1505307383,21054377,1.20663,531.06245,1
1505307380,21054373,1.20663,562.90230,1
1505307359,21054311,1.20664,530.22330,0
1505307355,21054301,1.20666,1334.85058,1
1505307313,21054224,1.20865,262.44000,0
1505307308,21054204,1.20854,328.46002,1
1505307306,21054199,1.20865,227.11528,1
1505307253,21054048,1.21482,1397.86497,1
1505307252,21054047,1.21482,662.58086,1
1505307225,21053975,1.21482,735.27690,1
1505307225,21053973,1.21482,188.17250,1
1505307217,21053960,1.21482,147.49311,1
1505307216,21053956,1.21479,1062.19215,0
1505307211,21053944,1.21478,1397.85776,0
1505307206,21053922,1.21479,553.14647,0
1505307206,21053921,1.21478,599.99506,0
1505307205,21053918,1.21478,31.90999,0
1505307205,21053917,1.21478,212.80263,0
1505307200,21053905,1.21480,1398.79415,0
1505307183,21053872,1.21489,244.51306,0
1505307178,21053860,1.21489,244.50624,0
1505307178,21053858,1.21271,0.00493,0
1505307161,21053814,1.21271,1172.28000,0
1505307160,21053809,1.21271,468.33895,1
1505307147,21053789,1.21271,468.88376,1
1505307147,21053788,1.21271,234.47524,1
1505307147,21053787,1.21271,468.86439,1
1505307147,21053786,1.21271,468.40049,1
1505307115,21053714,1.21269,0.97292,0
1505307114,21053711,1.21269,233.90555,0
1505307113,21053710,1.21269,234.87847,0
1505307078,21053653,1.21269,872.05153,0
1505307077,21053650,1.21269,91.58805,0
1505307077,21053648,1.21055,0.00793,0
1505307031,21053574,1.21055,82.97000,0
1505307024,21053565,1.21054,213.28349,0
1505307007,21053536,1.20854,25.28674,1
1505306910,21053432,1.20854,444.20999,1
1505306883,21053385,1.20854,165.56000,1
1505306877,21053369,1.20854,563.53121,1
1505306854,21053345,1.20854,221.22949,1
1505306854,21053342,1.20854,666.00000,1
1505306849,21053335,1.20854,585.72255,1
1505306849,21053333,1.20862,0.00072,1
1505306849,21053332,1.20862,80.27337,1
1505306840,21053314,1.20862,444.27529,1
1505306834,21053300,1.20862,1589.02716,1
1505306834,21053299,1.20862,220.33815,1
1505306822,21053286,1.20862,221.86462,1
1505306820,21053276,1.20862,220.51276,1
1505306819,21053269,1.20862,223.70793,1
1505306810,21053260,1.20863,220.85652,1
1505306795,21053229,1.20863,438.90357,1
1505306789,21053205,1.21054,130.33812,1
1505306788,21053204,1.21054,220.78851,1
1505306787,21053200,1.21054,217.87888,1
1505306783,21053194,1.21054,2430.99449,1
1505306781,21053181,1.21055,304.53132,1
1505306780,21053178,1.21055,569.01053,1
1505306768,21053152,1.21160,100.23195,1
1505306759,21053126,1.21230,35.30918,1
1505306758,21053123,1.21269,820.34562,1
1505306757,21053117,1.21269,143.29396,1
1505306737,21053095,1.21254,504.22716,0
1505306735,21053093,1.21254,3000.00000,1
1505306735,21053092,1.21269,320.59259,1
1505306734,21053090,1.21269,249.31701,1
1505306734,21053088,1.21269,254.91015,1
1505306734,21053087,1.21269,240.84660,1
1505306733,21053081,1.21271,390.00000,1
1505306732,21053077,1.21272,499.99588,1
1505306730,21053074,1.21270,221.38445,1
1505306725,21053050,1.21269,52.22642,1
1505306723,21053043,1.21271,221.07691,1
1505306715,21053025,1.21270,428.27472,1
1505306712,21053021,1.21270,431.82534,1
1505306709,21053005,1.21269,245.48323,1
1505306677,21052912,1.21384,68.49657,0
1505306674,21052900,1.21267,681.58692,1
1505306674,21052899,1.21267,244.57012,1
1505306672,21052884,1.21267,388.76520,1
1505306671,21052878,1.21384,0.34420,1
1505306671,21052877,1.21384,68.49657,1
1505306669,21052861,1.21384,31.42418,1
1505306651,21052830,1.21427,14.07159,1
1505306608,21052702,1.21999,103.96879,1
1505306606,21052694,1.21999,561.51460,0
1505306603,21052670,1.21999,171.72474,0
1505306603,21052666,1.21998,103.84527,1
1505306599,21052628,1.21997,103.83905,0
1505306595,21052612,1.21997,98.05000,0
1505306586,21052573,1.21430,86.63553,1
1505306586,21052571,1.21430,50.35000,1
1505306585,21052567,1.21999,5.60995,1
1505306582,21052559,1.22000,527.15832,0
1505306580,21052548,1.22000,307.61000,0
1505306579,21052545,1.21993,549.84005,0
1505306578,21052537,1.21996,98.04000,1
1505306576,21052521,1.21992,50.35380,0
1505306552,21052471,1.21994,50.10203,0
1505306528,21052368,1.21384,106.66054,0
1505306512,21052313,1.21256,477.60000,1
1505306507,21052296,1.21254,50.00000,0
1505306496,21052261,1.21255,100.00000,1
1505306487,21052232,1.21255,11.69950,1
1505306486,21052231,1.21385,88.30050,1
1505306476,21052185,1.21386,100.00000,1
1505306429,21052105,1.22000,32.90695,0
1505306429,21052104,1.21997,353.87025,0
1505306278,21051761,1.22000,77.96700,0
1505306278,21051760,1.21999,200.96300,0
1505306264,21051731,1.21999,222.05000,0
1505306260,21051715,1.22000,505.85159,0
1505306260,21051713,1.22000,151.86841,0
1505306255,21051702,1.22000,649.98000,0
1505306252,21051681,1.22000,198.15159,0
1505306252,21051680,1.22000,200.60641,0
1505306250,21051671,1.22000,299.39359,0
1505306250,21051670,1.21999,47.89641,0
1505306249,21051668,1.21999,226.26789,0
1505306249,21051667,1.21999,203.20351,0
1505306238,21051625,1.21801,1.41806,0
1505306236,21051613,1.21801,282.19353,0
1505306234,21051599,1.21801,216.15542,0
1505306233,21051594,1.21801,429.56423,0
1505306231,21051576,1.21801,578.02442,0
1505306230,21051571,1.21800,28.95558,0
1505306229,21051565,1.21800,6.79887,0
1505306228,21051560,1.21800,319.10000,0
1505306222,21051537,1.21800,208.14983,0
1505306220,21051528,1.21800,216.08281,0
1505306203,21051455,1.21801,492.64434,0
1505306200,21051438,1.21800,563.19800,0
1505306199,21051425,1.21632,0.32465,0
1505306197,21051411,1.21631,142.31362,0
1505306194,21051403,1.21493,106.08623,0
1505306192,21051386,1.21361,21.60044,0
1505306192,21051382,1.21361,207.42832,0
1505306192,21051380,1.21361,305.37168,0
1505306182,21051328,1.21495,632.77885,1
1505306170,21051273,1.21632,64.60617,0
1505306169,21051272,1.21495,792.23920,0
1505306168,21051264,1.21360,156.65844,1
1505306167,21051262,1.21632,86.89380,0
1505306166,21051256,1.21800,87.33045,0
1505306160,21051238,1.21800,77.11208,0
1505306160,21051236,1.21601,2000.00000,0
1505306160,21051234,1.21501,2000.00000,0
1505306159,21051232,1.21500,1000.00000,0
1505306159,21051231,1.21499,822.21265,0
1505306159,21051229,1.21362,3000.00000,0
1505306159,21051228,1.21361,0.53590,0
1505306159,21051227,1.21360,157.05326,0
1505306142,21051139,1.21361,253.72615,0
1505306142,21051138,1.21361,339.01607,0
1505306142,21051137,1.21295,0.52778,0
1505306138,21051121,1.21295,105.02784,0
1505306136,21051102,1.21202,163.94017,0
1505306135,21051100,1.21202,5.56786,0
1505306125,21051058,1.21294,536.71156,0
1505306125,21051057,1.21209,50.37844,0
1505306122,21051043,1.21160,277.23414,0
1505306121,21051040,1.21155,184.82276,1
1505306121,21051037,1.21209,23.34588,0
1505306121,21051034,1.21203,115.28867,0
1505306118,21051019,1.21203,73.72000,0
1505306115,21051010,1.21209,311.64000,0
1505306111,21050994,1.21209,1173.72900,0
1505306111,21050991,1.21162,385.36100,0
1505306111,21050990,1.21162,810.97000,0
1505306111,21050987,1.21162,105.55000,0
1505306110,21050984,1.21162,1698.11900,0
1505306110,21050982,1.21161,388.19039,0
1505306110,21050981,1.20640,206.07000,0
1505306110,21050979,1.20640,206.07000,0
1505306110,21050978,1.20640,196.14061,0
1505306109,21050973,1.20640,9.92939,0
1505306109,21050971,1.20640,90.61171,0
1505306109,21050970,1.20640,66.46231,0
1505306109,21050968,1.20639,139.59769,0
1505306108,21050966,1.20639,54.49750,0
1505306108,21050962,1.20640,48.99598,0
1505306108,21050960,1.20640,206.07000,0
1505306107,21050959,1.20640,157.07402,0
1505306107,21050956,1.20640,48.99598,0
1505306107,21050955,1.20640,0.93179,0
1505306106,21050948,1.20640,153.53657,0
1505306106,21050944,1.20640,51.60164,0
1505306106,21050943,1.20640,206.07000,0
1505306102,21050924,1.21161,227.42970,0
1505306100,21050918,1.21161,8.54739,0
1505306100,21050917,1.21161,464.34261,0
1505306100,21050916,1.21161,535.65739,0
1505306100,21050915,1.21161,10.26261,0
1505306095,21050899,1.21161,204.67677,0
1505306094,21050894,1.21156,186.96939,0
1505306089,21050889,1.21157,186.96939,0
1505306070,21050857,1.21161,70.72946,0
1505306064,21050825,1.21161,260.73655,0
1505306063,21050812,1.21158,187.57809,0
1505306059,21050795,1.20604,14.64540,0
1505306059,21050793,1.20604,14.64540,0
1505306058,21050790,1.20604,14.64540,0
1505306058,21050789,1.20604,0.00001,0
1505306057,21050783,1.20629,14.64539,1
1505306054,21050771,1.20610,72.47507,0
1505306054,21050766,1.20610,61.79863,0
1505306054,21050764,1.20610,0.67137,0
1505306053,21050759,1.20610,133.60233,0
1505306052,21050753,1.20610,0.67137,0
1505306052,21050750,1.20610,133.60233,0
1505306048,21050730,1.21161,104.79000,0
1505306047,21050720,1.21160,179.50009,0
1505306037,21050683,1.21160,223.65144,0
1505306015,21050573,1.20617,128.93530,0
1505306015,21050571,1.20617,128.93530,0
1505306015,21050568,1.20617,58.08845,0
1505306014,21050566,1.20617,70.84685,0
1505306014,21050565,1.20617,128.93530,0
1505306014,21050564,1.20617,128.93530,0
1505306014,21050563,1.20617,128.93530,0
1505306014,21050562,1.20617,128.93530,0
1505306014,21050560,1.20617,128.93530,0
1505306013,21050559,1.20617,128.93530,0
1505306013,21050558,1.20617,128.93530,0
1505306013,21050557,1.20617,0.00065,0
1505306013,21050555,1.20616,232.98662,0
1505306013,21050554,1.20617,128.93465,0
1505306012,21050553,1.20617,128.93530,0
1505306012,21050552,1.20617,0.00005,0
1505306011,21050538,1.21085,128.93525,1
1505306003,21050522,1.21004,106.20378,0
1505306003,21050519,1.21003,1.28019,0
1505306003,21050517,1.21003,254.75741,0
1505305961,21050469,1.21003,24.03044,0
1505305606,21049694,1.21006,717.84000,1
1505305595,21049670,1.20581,0.79217,0
1505305592,21049660,1.20581,157.64154,0
1505305590,21049656,1.20581,242.47629,0
1505305588,21049651,1.21006,32.21000,0
1505305586,21049645,1.20581,68.44621,0
1505305585,21049638,1.20581,170.53839,0
1505305585,21049637,1.20581,238.98460,0
1505305585,21049635,1.20581,8.70006,0
1505305585,21049630,1.20581,230.28454,0
1505305585,21049628,1.20581,238.98460,0
1505305583,21049620,1.21007,331.51000,0
1505305581,21049606,1.21007,406.23754,0
1505305581,21049604,1.21004,331.50246,0
1505305532,21049542,1.21007,341.11820,0
1505305529,21049527,1.21009,247.53889,0
1505305527,21049520,1.21009,515.43000,0
1505305525,21049512,1.21009,538.80985,0
1505305525,21049510,1.21009,377.16015,0
1505305523,21049490,1.21009,106.30828,0
1505305523,21049489,1.21008,0.00172,0
1505305515,21049464,1.21008,135.77000,0
1505305514,21049452,1.21008,246.65000,0
1505305509,21049434,1.21009,434.44000,0
1505305504,21049421,1.21009,244.96032,0
1505305478,21049356,1.21009,11.14706,0
1505305478,21049355,1.20505,297.67800,0
1505305477,21049345,1.20505,102.47000,0
1505305472,21049324,1.21008,308.60540,0
1505305470,21049318,1.20506,0.00005,0
1505305456,21049274,1.20506,145.82000,0
1505305453,21049261,1.20506,108.03275,0
1505305453,21049259,1.20506,253.85280,0
1505305453,21049258,1.20505,0.00796,0
1505305453,21049256,1.20504,406.20848,0
1505305448,21049234,1.20505,195.84000,0
1505305447,21049225,1.20505,58.00480,0
1505305446,21049221,1.20993,0.00004,1
1505305446,21049220,1.20993,253.85280,1
1505305443,21049212,1.20992,138.83716,0
1505305443,21049210,1.20992,269.42149,0
1505305441,21049204,1.20993,25.40000,0
1505305440,21049199,1.20993,172.52311,0
1505305414,21049113,1.20991,81.55399,0
1505305412,21049106,1.21009,91.24811,0
1505305412,21049101,1.20997,83.12196,0
1505305388,21049016,1.20496,69.11071,0
1505305387,21049009,1.20496,195.66846,0
1505305386,21048994,1.20558,164.12493,1
1505305385,21048984,1.20497,0.00172,0
1505305383,21048966,1.20497,869.14998,0
1505305383,21048964,1.20497,0.00002,0
1505305382,21048958,1.20901,339.79000,1
1505305382,21048957,1.20901,176.31340,1
1505305382,21048956,1.20997,353.04828,1
1505305377,21048941,1.21009,541.12238,0
1505305377,21048939,1.21008,39.25045,0
1505305374,21048933,1.21008,252.45000,0
1505305368,21048906,1.21008,137.67000,0
1505305368,21048905,1.21008,217.74231,0
1505305366,21048897,1.20493,102.12913,0
1505305366,21048894,1.20493,100.36537,0
1505305365,21048891,1.20493,228.91401,0
1505305363,21048881,1.20494,162.35397,0
1505305362,21048873,1.20494,90.43653,0
1505305362,21048867,1.20494,99.27493,0
1505305361,21048854,1.20494,111.67504,0
1505305359,21048850,1.20901,41.84053,1
1505305338,21048749,1.20997,357.88000,0
1505305327,21048726,1.21009,120.86000,0
1505305320,21048696,1.21009,72.75370,0
1505305320,21048694,1.21000,0.00590,0
1505305316,21048666,1.21000,499.99410,0
1505305315,21048664,1.21000,219.15590,0
1505305315,21048662,1.20999,149.67397,0
1505305313,21048654,1.20999,100.21402,0
1505305312,21048645,1.20999,239.10266,0
1505305302,21048603,1.20999,216.37369,0
1505305294,21048555,1.21000,432.29666,0
1505305293,21048549,1.21000,247.93388,0
1505305292,21048548,1.21000,100.61356,0
1505305288,21048530,1.20962,210.95564,0
1505305287,21048525,1.20962,1940.24246,0
1505305286,21048514,1.20900,63.98886,0
1505305285,21048513,1.20900,424.52000,0
1505305285,21048511,1.20900,119.09639,0
1505305284,21048504,1.20471,95.73374,0
1505305283,21048501,1.20471,142.65766,0
1505305283,21048500,1.20471,88.10176,0
1505305283,21048496,1.20471,110.06452,0
1505305282,21048494,1.20483,40.22512,1
1505305281,21048488,1.20899,105.12226,0
1505305280,21048486,1.20899,105.74679,0
1505305280,21048484,1.20899,213.66500,0
1505305278,21048468,1.20471,238.39140,0
1505305276,21048465,1.20796,238.39140,1
1505305274,21048456,1.20899,25.85000,0
1505305269,21048429,1.20900,105.71168,0
1505305267,21048412,1.20900,1678.04848,0
1505305267,21048411,1.20899,193.07367,0
1505305264,21048390,1.20899,105.62849,0
1505305259,21048361,1.20899,105.49909,0
1505305254,21048342,1.20900,61.13000,0
1505305254,21048339,1.20900,105.41649,0
1505305253,21048336,1.20900,1866.56000,0
1505305252,21048332,1.20900,575.52810,0
1505305246,21048313,1.20962,424.10000,0
1505305246,21048312,1.20962,424.70190,0
1505305246,21048311,1.20899,499.12810,0
1505305237,21048281,1.20900,105.36277,0
1505305236,21048279,1.20899,0.02590,0
1505305233,21048270,1.20899,479.46000,0
1505305225,21048231,1.20900,437.72983,0
1505305225,21048228,1.20899,364.06524,0
1505305224,21048216,1.20899,240.82541,0
1505305219,21048177,1.20898,105.28283,0
1505305215,21048164,1.20900,80.51000,0
1505305213,21048158,1.20900,105.21272,0
1505305211,21048150,1.20900,236.69000,0
1505305209,21048137,1.20468,327.50380,0
1505305208,21048130,1.20899,128.19000,1
1505305208,21048125,1.20900,105.10112,0
1505305208,21048122,1.20900,566.66575,0
1505305208,21048121,1.20899,658.04410,0
1505305208,21048120,1.20899,128.19015,0
1505305205,21048099,1.20899,719.88531,0
1505305204,21048092,1.20899,71.09551,0
1505305197,21048068,1.20898,105.04559,0
1505305197,21048067,1.20898,45.14425,0
1505305197,21048064,1.20897,1140.00000,0
1505305197,21048063,1.20454,11.67333,0
1505305196,21048061,1.20454,76.92664,0
1505305193,21048049,1.20454,16.40613,0
1505305193,21048047,1.20454,105.00610,0
1505305188,21048031,1.20898,148.07000,0
1505305186,21048025,1.20898,144.33000,0
1505305186,21048024,1.20469,105.00618,1
1505305186,21048023,1.20469,249.02672,1
1505305182,21048014,1.20898,100.40820,1
1505305182,21048012,1.20897,0.00610,0
1505305181,21048008,1.20897,461.17576,0
1505305181,21048005,1.20469,0.00610,0
1505305163,21047959,1.20469,105.00000,0
1505305158,21047948,1.20469,112.57854,1
1505305157,21047947,1.20469,99.48556,1
1505305157,21047946,1.20469,6.56944,1
1505305157,21047945,1.20469,100.48852,1
1505305157,21047944,1.20491,105.00614,1
1505305134,21047905,1.20899,283.48091,0
1505305131,21047893,1.20899,212.69255,0
1505305127,21047880,1.20899,155.67439,0
1505304917,21047252,1.20900,3644.12000,0
1505304916,21047249,1.20900,104.75298,0
1505304916,21047248,1.20899,0.02500,0
1505304916,21047247,1.20899,540.43000,0
1505304914,21047238,1.20900,10806.47544,0
1505304913,21047231,1.20900,6656.12097,0
1505304913,21047229,1.20899,668.04570,0
1505304913,21047228,1.20899,735.69337,0
1505304913,21047227,1.20899,899.36927,0
1505304909,21047183,1.20491,2.13464,1
1505304909,21047181,1.20493,105.00611,1
1505304909,21047177,1.20493,104.92336,1
1505304909,21047173,1.20494,263.94949,1
1505304905,21047107,1.20899,101.29802,0
1505304905,21047104,1.20898,195.31316,0
1505304900,21047037,1.20898,295.14909,0
1505304895,21047030,1.20494,212.06410,1
1505304895,21047029,1.20494,212.06410,1
1505304895,21047027,1.20494,212.06410,1
1505304895,21047025,1.20494,212.06410,1
1505304894,21047024,1.20494,212.06410,1
1505304880,21046995,1.20469,104.63380,0
1505304880,21046994,1.20469,104.63380,0
1505304880,21046991,1.20469,69.25793,0
1505304880,21046988,1.20469,35.37587,0
1505304880,21046987,1.20469,69.44820,0
1505304879,21046983,1.20469,35.18560,0
1505304879,21046982,1.20469,104.63380,0
1505304879,21046978,1.20469,104.63380,0
1505304879,21046976,1.20469,0.02031,0
1505304877,21046966,1.20469,104.61349,0
1505304877,21046965,1.20469,104.63380,0
1505304877,21046964,1.20469,104.63380,0
1505304877,21046963,1.20469,104.54891,0
1505304875,21046960,1.20469,0.08489,0
1505304875,21046958,1.20469,104.63380,0
1505304875,21046955,1.20469,0.00003,0
1505304874,21046953,1.20493,104.63377,1
1505304870,21046941,1.20468,416.30090,0
1505304869,21046940,1.20468,0.00001,0
1505304869,21046936,1.20474,2.09764,1
1505304869,21046935,1.20493,104.62325,1
1505304869,21046933,1.20494,309.58000,1
1505304862,21046914,1.20492,15.23006,0
1505304862,21046913,1.20490,0.02581,0
1505304860,21046911,1.20490,507.16000,0
1505304846,21046850,1.20492,141.90000,0
1505304845,21046836,1.20761,0.00004,1
1505304845,21046832,1.20761,100.22180,1
1505304845,21046830,1.20762,56.90830,1
1505304803,21046667,1.20900,1687.06365,0
1505304803,21046665,1.20894,65.30754,0
1505304801,21046660,1.20894,535.85626,0
1505304801,21046659,1.20762,74.52509,0
1505304794,21046615,1.20368,113.17177,0
1505304793,21046612,1.20368,104.12053,0
1505304793,21046607,1.20368,0.50646,1
1505304792,21046602,1.20762,2518.63000,0
1505304766,21046473,1.20762,45.25262,0
1505304764,21046464,1.20762,214.76440,0
1505304764,21046461,1.20762,104.01535,0
1505304752,21046401,1.20762,42.81254,0
1505304727,21046293,1.20599,129.70526,0
1505304723,21046264,1.20599,197.71690,0
1505304716,21046234,1.20599,31.72408,0
1505304715,21046228,1.20599,21.35175,0
1505304713,21046205,1.20599,197.49371,0
1505304710,21046179,1.20599,117.03771,0
1505304686,21046023,1.20368,100.78493,1
1505304683,21045964,1.20368,116.51309,1
1505304681,21045946,1.20599,122.65265,0
1505304680,21045934,1.20578,308.04291,1
1505304665,21045868,1.20600,5348.92134,0
1505304665,21045867,1.20599,305.06210,0
1505304663,21045848,1.20579,73.61819,1
1505304659,21045811,1.20599,144.65000,0
1505304648,21045728,1.20599,135.66000,0
1505304639,21045694,1.20599,176.68000,0
1505304622,21045654,1.20600,248.75622,0
1505304618,21045637,1.20600,162.55000,0
1505304617,21045628,1.20600,118.84629,0
1505304616,21045623,1.20600,205.80479,0
1505304614,21045615,1.20600,352.82590,0
1505304613,21045603,1.20599,174.09281,0
1505304612,21045600,1.20599,137.21554,0
1505304610,21045581,1.20600,53.34117,0
1505304602,21045546,1.20600,379.17694,0
1505304599,21045513,1.20600,1720.86000,0
1505304599,21045505,1.20599,336.37139,0
1505304598,21045499,1.20599,39.18926,0
1505304597,21045485,1.20599,190.23215,0
1505304594,21045472,1.20576,78.52094,0
1505304594,21045467,1.20576,189.53659,0
1505304594,21045463,1.20576,158.18406,0
1505304589,21045442,1.20576,190.52671,0
1505304587,21045435,1.20576,379.24031,0
1505304582,21045412,1.20576,679.57000,0
1505304558,21045336,1.20576,431.66598,0
1505304558,21045333,1.20576,274.91608,0
1505304553,21045317,1.20368,31.43120,1
1505304553,21045315,1.20368,18.27832,1
1505304552,21045313,1.20576,150.69000,0
1505304550,21045303,1.20576,139.43704,0
1505304500,21045225,1.20576,103.66164,0
1505304486,21045204,1.20576,224.05065,0
1505304486,21045201,1.20562,788.28682,0
1505304486,21045200,1.20561,320.72920,0
1505304469,21045185,1.20561,103.72121,0
1505304312,21044884,1.20562,47.23000,0
1505304310,21044878,1.20562,271.79016,0
1505304309,21044874,1.20562,40.90000,0
1505304306,21044863,1.20562,112.15825,0
1505304300,21044850,1.20368,82.13050,1
1505304300,21044849,1.20370,103.83113,1
1505304299,21044848,1.20376,247.76314,1
1505304299,21044847,1.20558,110.27119,1
1505304299,21044846,1.20558,350.41451,1
1505304299,21044845,1.20558,53.95840,1
1505304299,21044844,1.20558,63.05113,1
1505304298,21044839,1.20562,1482.22000,0
1505304255,21044780,1.20562,257.41477,0
1505304251,21044770,1.20558,215.16689,0
1505304250,21044768,1.20558,253.58750,0
1505304185,21044659,1.20376,21.03000,1
1505304163,21044587,1.20376,40.78000,1
1505304158,21044578,1.20561,215.46679,0
1505304152,21044559,1.20376,0.00825,0
1505304150,21044548,1.20376,2690.62000,0
1505304147,21044534,1.20376,309.37175,0
1505304142,21044523,1.20374,321.05334,0
1505304141,21044512,1.20374,2703.82107,0
1505304141,21044510,1.20374,130.61992,0
1505304139,21044495,1.20374,2623.48085,0
1505304139,21044492,1.20374,1216.97376,0
1505304139,21044489,1.20374,215.93159,0
1505304136,21044471,1.20373,445.29160,1
1505304136,21044469,1.20374,1344.96632,0
1505304136,21044465,1.20374,243.15315,0
1505304134,21044452,1.20373,290.89335,0
1505304132,21044434,1.20368,1583.73117,0
1505304131,21044432,1.20368,229.95298,0
1505304130,21044422,1.20368,361.27541,0
1505304128,21044409,1.20368,360.86002,0
1505304127,21044397,1.20368,103.74410,0
1505304125,21044389,1.20368,360.43632,0
1505304107,21044330,1.20003,60.00000,1
1505304097,21044317,1.20003,11.29000,1
1505304097,21044316,1.20003,88.71000,1
1505304087,21044292,1.20003,100.00000,1
1505304077,21044261,1.20003,100.00000,1
1505304073,21044254,1.20300,253.73927,0
1505304073,21044251,1.20300,1544.94095,0
1505304072,21044241,1.20299,147.75500,0
1505304071,21044235,1.20299,217.22835,0
1505304070,21044225,1.20300,217.46052,0
1505304069,21044219,1.20300,217.46633,0
1505304068,21044214,1.20300,216.72277,0
1505304063,21044194,1.20300,100.24360,0
1505304061,21044174,1.20300,98.02019,0
1505304060,21044161,1.20300,1113.92481,0
1505304059,21044149,1.20300,37.62972,0
1505304059,21044145,1.20299,203.07901,0
1505304058,21044126,1.20299,236.36059,0
1505304048,21044088,1.20300,1986.04000,0
1505304047,21044079,1.20300,3892.89393,0
1505304046,21044078,1.20300,93.71607,0
1505304045,21044074,1.20300,2272.48690,0
1505304045,21044072,1.20299,352.73310,0
1505304044,21044064,1.20300,653.30000,0
1505304034,21044033,1.20300,203.58795,0
1505304031,21044030,1.20300,363.21699,0
1505304031,21044028,1.20299,425.32830,0
1505304023,21043995,1.20300,620.90000,0
1505304023,21043993,1.20300,308.37001,0
1505304021,21043990,1.20300,620.80000,0
1505304018,21043980,1.20300,2097.35010,0
1505304018,21043979,1.20299,440.45990,0
1505304013,21043964,1.20300,4.26718,0
1505304008,21043954,1.20299,340.57210,0
1505304005,21043945,1.20299,104.90000,0
1505304004,21043938,1.20300,1509.28328,0
1505304003,21043921,1.20300,2143.23626,0
1505304000,21043906,1.20300,1492.06000,0
1505303999,21043901,1.20300,220.41561,0
1505303994,21043880,1.20300,6910.53000,0
1505303993,21043879,1.20300,657.75921,0
1505303993,21043877,1.20299,37.73536,0
1505303991,21043866,1.20299,435.62874,1
1505303989,21043858,1.20300,830.98000,0
1505303986,21043830,1.20300,1201.96000,0
1505303983,21043810,1.20300,830.40000,0
1505303983,21043806,1.20300,146.64954,0
1505303983,21043802,1.20300,1183.69652,0
1505303981,21043795,1.20299,70.46263,0
1505303980,21043791,1.20299,309.12000,0
1505303980,21043789,1.20299,218.25237,0
1505303977,21043773,1.20300,219.25828,0
1505303975,21043761,1.20300,474.10637,0
1505303975,21043757,1.20299,270.37516,0
1505303974,21043748,1.20299,217.70616,0
1505303973,21043738,1.20299,217.92258,0
1505303913,21043552,1.20299,89.88000,0
1505303898,21043531,1.20300,103.57036,0
1505303890,21043507,1.20300,961.36175,0
1505303890,21043504,1.20299,0.00825,0
1505303889,21043502,1.20299,615.15000,0
1505303870,21043429,1.20300,308.36005,0
1505303865,21043413,1.20300,130.67951,0
1505303865,21043412,1.20299,177.47129,0
1505303860,21043396,1.20299,100.22336,0
1505303860,21043392,1.20299,217.44820,0
1505303848,21043362,1.20300,2239.51000,0
1505303848,21043358,1.20300,362.43982,0
1505303848,21043357,1.20299,210.92675,0
1505303847,21043349,1.20299,204.69920,0
1505303840,21043328,1.20299,200.13465,0
1505303832,21043309,1.20300,6277.72037,0
1505303832,21043307,1.20299,480.26395,0
1505303831,21043306,1.20299,1000.00000,0
1505303826,21043286,1.20298,63.55057,0
1505303688,21043094,1.20000,775.14665,0
1505303687,21043093,1.20000,221.47876,0
1505303686,21043088,1.20000,54.83307,0
1505303686,21043084,1.20000,403.33000,0
1505303685,21043079,1.20000,976.77942,0
1505303684,21043077,1.20000,730.91914,0
1505303684,21043074,1.20000,245.94722,0
1505303683,21043068,1.20000,250.00000,0
1505303679,21043048,1.20000,100.20719,0
1505303679,21043045,1.20000,245.94722,0
1505303674,21043025,1.20000,245.94722,0
1505303665,21042965,1.20000,215.91823,0
1505303663,21042963,1.20000,186.01000,0
1505303661,21042958,1.20000,1784.26000,0
1505303659,21042954,1.20000,215.91823,0
1505303656,21042948,1.20000,55.71072,0
1505303654,21042943,1.20000,215.91823,0
1505303650,21042934,1.20000,55.64000,0
1505303650,21042932,1.20000,103.80178,0
1505303648,21042923,1.20000,215.91823,0
1505303627,21042899,1.20000,215.99000,0
1505303607,21042885,1.20000,24.24000,0
1505303603,21042879,1.20000,107.27000,0
1505303588,21042866,1.20000,103.76838,0
1505303587,21042863,1.20000,79.79000,0
1505303583,21042851,1.20000,1369.09000,0
1505303583,21042848,1.20000,103.16515,0
1505303581,21042838,1.20000,284.72414,0
1505303571,21042817,1.20000,103.28477,0
1505303555,21042779,1.20000,103.19036,0
1505303538,21042763,1.20000,102.97256,0
1505303520,21042735,1.20000,102.88333,0
1505303515,21042725,1.19999,27.65806,0
1505303515,21042723,1.19999,75.13760,0
1505303509,21042720,1.19999,102.70988,0
1505303499,21042704,1.19868,0.00323,0
1505303498,21042701,1.19868,1515.07000,0
1505303493,21042699,1.19868,575.54957,0
1505303380,21042571,1.19868,266.52000,0
1505303378,21042567,1.19868,169.80000,0
1505303372,21042550,1.19868,102.55451,0
1505303361,21042535,1.19868,799.12770,0
1505303359,21042531,1.19868,42.62000,0
1505303348,21042508,1.19868,250.27530,0
1505303346,21042497,1.19868,289.47969,0
1505303343,21042493,1.19868,989.00000,1
1505303109,21042240,1.19878,1026.47000,1
1505302781,21041809,1.20299,232.37950,0
1505302778,21041801,1.19876,330.12000,1
1505302778,21041800,1.19876,419.88000,1
1505302756,21041779,1.19876,20.00000,1
1505302718,21041732,1.20299,63.30000,0
1505302711,21041712,1.20299,54.72704,0
1505302703,21041695,1.20299,54.69098,0
1505302703,21041693,1.20299,63.25000,0
1505302696,21041688,1.20299,54.66694,0
1505302694,21041683,1.20299,63.24000,0
1505302689,21041676,1.20299,102.01814,0
1505302682,21041661,1.20299,46.55000,0
1505302665,21041644,1.20299,194.44000,0
1505302657,21041630,1.20300,3630.50860,0
1505302656,21041627,1.20300,54.72117,0
1505302654,21041625,1.20300,217.82202,0
1505302652,21041616,1.20300,5.31038,0
1505302645,21041603,1.20300,1451.41842,0
1505302645,21041602,1.20299,320.77415,0
1505302640,21041590,1.20300,64.03000,0
1505302638,21041586,1.20300,54.65221,0
1505302636,21041577,1.20300,976.30825,0
1505302636,21041575,1.20299,396.02175,0
1505302627,21041563,1.20299,382.93000,0
1505302619,21041546,1.20299,54.65916,0
1505302614,21041540,1.20300,54.63713,0
1505302611,21041534,1.20300,987.76274,0
1505302609,21041530,1.20300,54.60128,0
1505302608,21041527,1.20298,2916.89526,0
1505302608,21041520,1.20300,192.25000,0
1505302607,21041518,1.20299,6.73725,1
1505302606,21041514,1.20300,3283.91050,0
1505302604,21041505,1.20300,4164.33000,0
1505302603,21041493,1.20300,54.47882,0
1505302602,21041480,1.20300,100.25954,0
1505302599,21041468,1.20300,278.49114,0
1505302599,21041466,1.20300,2179.78000,0
1505302598,21041463,1.20300,2954.68000,0
1505302592,21041447,1.20299,319.74515,0
1505302587,21041431,1.20300,431.91180,0
1505302581,21041408,1.20300,430.69112,0
1505302580,21041406,1.20300,6313.54694,0
1505302580,21041405,1.20299,399.19570,0
1505302576,21041383,1.20300,96.33000,0
1505302576,21041381,1.20300,96.38395,0
1505302570,21041364,1.20300,1690.22801,0
1505302570,21041361,1.20299,432.39060,0
1505302565,21041346,1.20300,1595.16583,0
1505302561,21041322,1.20299,394.67000,1
1505302560,21041320,1.20300,624.03000,0
1505302559,21041317,1.20300,46.79900,0
1505302559,21041313,1.20300,1464.25051,0
1505302559,21041308,1.20300,1926.95000,0
1505302555,21041298,1.20300,694.06000,0
1505302554,21041293,1.20300,1264.45116,0
1505302554,21041292,1.20299,394.67655,0
1505302547,21041258,1.20300,1056.77018,0
1505302545,21041255,1.20300,35.15000,0
1505302542,21041243,1.20300,695.75268,0
1505302542,21041242,1.20299,46.97328,0
1505302542,21041236,1.20299,10.97041,0
1505302541,21041232,1.20299,378.16236,0
1505302523,21041175,1.20299,80.98000,0
1505302515,21041160,1.20299,173.04250,0
1505302507,21041126,1.20299,94.27000,0
1505302501,21041111,1.20299,27.84587,0
1505302500,21041107,1.20299,183.70000,0
1505302499,21041100,1.20300,1649.52175,0
1505302499,21041098,1.20299,0.00825,0
1505302498,21041097,1.20299,437.88000,0
1505302474,21041069,1.20300,2839.45986,0
1505302473,21041068,1.20299,485.56495,1
1505302455,21041023,1.20299,580.62000,0
1505302445,21040998,1.20300,54.40187,0
1505302441,21040978,1.20300,419.85070,0
1505302441,21040977,1.20299,792.33230,0
1505302427,21040939,1.20299,111.76088,0
1505302417,21040915,1.20299,100.31218,1
1505302415,21040903,1.20300,54.29013,0
1505302411,21040897,1.20299,1036.14079,0
1505302411,21040895,1.20299,157.66911,0
1505302402,21040848,1.20299,54.34802,0
1505302401,21040843,1.20299,269.34000,0
1505302374,21040800,1.20300,54.42348,0
1505302371,21040788,1.20300,504.67000,0
1505302369,21040779,1.20300,4455.93760,0
1505302369,21040778,1.20299,0.00240,0
1505302368,21040776,1.20299,1469.45000,0
1505302339,21040724,1.20298,300.32092,0
1505302339,21040723,1.20100,689.83414,0
1505302335,21040712,1.20100,570.74778,0
1505302334,21040707,1.20100,249.79184,0
1505302333,21040701,1.20100,271.82606,0
1505302314,21040646,1.20100,37.53251,0
1505302313,21040637,1.20100,555.24000,0
1505302301,21040602,1.20080,1083.84863,0
1505302301,21040600,1.20080,555.00000,0
1505302301,21040596,1.20080,54.31137,0
1505302232,21040393,1.20080,136.84000,0
1505302154,21040267,1.20100,25.02767,0
1505302081,21040087,1.20374,115.95000,0
1505302081,21040086,1.20374,2425.09000,0
1505302076,21040065,1.19870,520.69319,0
1505302075,21040061,1.19870,191.73828,0
1505302074,21040058,1.19870,192.88651,0
1505302074,21040053,1.19870,250.27113,0
1505302072,21040051,1.19870,64.32078,0
1505302072,21040046,1.19870,21.80600,0
1505302072,21040045,1.19870,274.10698,0
1505302071,21040044,1.19876,3000.00000,1
1505302071,21040043,1.19878,430.00000,1
1505302071,21040042,1.20002,54.17713,1
1505301974,21039791,1.20000,230.80400,0
1505301973,21039788,1.20000,21.81521,0
1505301964,21039751,1.20000,878.99000,0
1505301962,21039742,1.20000,1598.66000,0
1505301959,21039728,1.20000,878.62000,0
1505301958,21039721,1.20000,1500.03000,0
1505301956,21039713,1.20000,98.24000,0
1505301955,21039710,1.20000,158.63000,0
1505301954,21039703,1.20000,719.77000,0
1505301950,21039693,1.20000,45.88655,0
1505301947,21039682,1.20000,1677.84345,0
1505301946,21039681,1.20000,45.88155,0
1505301945,21039675,1.20000,236.86373,0
1505301944,21039674,1.20000,96.14845,0
1505301943,21039668,1.20000,54.26423,0
1505301943,21039667,1.20000,1581.46000,0
1505301933,21039658,1.20000,116.01000,0
1505301932,21039657,1.20000,317.83000,0
1505301932,21039656,1.20000,180.75434,0
1505301930,21039650,1.20000,278.45000,0
1505301927,21039635,1.20000,379.08143,0
1505301923,21039622,1.20000,18.31500,0
1505301920,21039614,1.20000,601.84000,0
1505301919,21039610,1.19999,645.32550,0
1505301915,21039589,1.19999,278.69868,0
1505301914,21039584,1.19990,1463.78865,0
1505301913,21039580,1.19990,1168.01437,0
1505301912,21039576,1.19990,274.11000,0
1505301911,21039572,1.19990,184.91954,0
1505301910,21039569,1.19990,575.04752,0
1505301910,21039567,1.19990,2938.41327,0
1505301906,21039553,1.19990,2936.99000,0
1505301905,21039551,1.19990,458.71665,0
1505301903,21039541,1.20000,447.85832,0
1505301901,21039539,1.20000,447.68332,0
1505301900,21039535,1.20000,416.35832,0
1505301899,21039532,1.20000,464.67317,0
1505301897,21039529,1.19999,10.68389,0
1505301897,21039527,1.19999,180.75435,0
1505301893,21039511,1.19999,261.91546,0
1505301893,21039507,1.19999,253.87000,0
1505301887,21039497,1.19999,137.05000,0
1505301883,21039491,1.19999,390.92000,0
1505301881,21039486,1.19999,21.92205,0
1505301880,21039483,1.19999,21.94205,0
1505301872,21039448,1.20000,2760.81974,0
1505301872,21039447,1.19999,346.39067,0
1505301871,21039442,1.19999,283.30295,0
1505301868,21039435,1.19999,54.09548,0
1505301861,21039404,1.20000,385.08000,0
1505301859,21039397,1.20000,1026.73000,0
1505301858,21039393,1.20000,641.64165,0
1505301855,21039381,1.19999,616.29085,0
1505301854,21039375,1.19999,187.26000,0
1505301848,21039368,1.20000,985.50832,0
1505301846,21039359,1.20000,985.40831,0
1505301843,21039343,1.20000,2093.56520,0
1505301843,21039341,1.19999,0.02480,0
1505301842,21039336,1.19999,794.73000,0
1505301836,21039326,1.20000,106.77499,0
1505301835,21039323,1.19999,878.18190,0
1505301820,21039299,1.19999,140.28000,0
1505301817,21039292,1.19999,140.21000,0
1505301816,21039289,1.19999,140.15000,0
1505301814,21039286,1.19999,140.09000,0
1505301813,21039282,1.19999,139.99000,1
1505301813,21039280,1.19999,100.33314,1
1505301812,21039279,1.20000,1149.59000,0
1505301812,21039274,1.20000,54.24547,0
1505301810,21039269,1.20000,31.76800,0
1505301810,21039267,1.19999,223.23940,0
1505301806,21039250,1.19999,642.28330,0
1505301803,21039241,1.19999,54.14570,0
1505301797,21039212,1.20000,978.27499,0
1505301796,21039206,1.20000,977.18332,0
1505301794,21039199,1.20000,257.86665,0
1505301789,21039191,1.20000,975.99999,0
1505301788,21039185,1.20000,295.03000,0
1505301787,21039179,1.20000,98.74792,0
1505301787,21039177,1.19999,855.88540,0
1505301786,21039172,1.20000,1627.07000,0
1505301783,21039165,1.20000,54.12396,0
1505301782,21039164,1.20000,1122.68634,0
1505301780,21039154,1.20000,975.04997,0
1505301778,21039148,1.20000,438.54906,0
1505301778,21039147,1.20000,974.04165,0
1505301777,21039145,1.20000,54.16559,0
1505301776,21039140,1.20000,973.55832,0
1505301774,21039126,1.20000,973.09999,0
1505301773,21039116,1.20000,65.24062,0
1505301772,21039095,1.20000,273.44999,0
1505301770,21039088,1.20000,554.33332,0
1505301769,21039080,1.20000,192.61080,0
1505301769,21039078,1.20000,225.86419,0
1505301768,21039075,1.20000,2602.30000,0
1505301761,21039056,1.20000,971.12658,0
1505301760,21039051,1.20000,64.95172,0
1505301760,21039047,1.20000,2650.19402,0
1505301759,21039032,1.20000,278.42502,0
1505301756,21039000,1.20000,277.41871,0
1505301755,21038994,1.20000,250.00000,0
1505301755,21038991,1.20000,5005.20884,0
1505301754,21038990,1.20000,199.90068,0
1505301754,21038988,1.20000,100.90000,1
1505301754,21038987,1.20000,249.99942,1
1505301754,21038986,1.20020,3000.00000,1
1505301754,21038985,1.20023,80.15026,1
1505301754,21038983,1.20076,3000.00000,1
1505301753,21038981,1.20078,930.00000,1
1505301753,21038980,1.20079,3194.27778,1
1505301753,21038979,1.20220,835.72003,1
1505301753,21038978,1.20221,412.75000,1
1505301707,21038912,1.20221,70.00000,1
1505301697,21038905,1.20221,100.00000,1
1505301687,21038878,1.20234,22.01945,1
1505301687,21038876,1.20234,77.98055,1
1505301626,21038803,1.20781,3180.10435,1
1505301626,21038801,1.20781,68.20184,0
1505301626,21038800,1.20781,490.00000,0
1505301542,21038615,1.20418,0.00945,0
1505301542,21038614,1.20418,53.24000,0
1505301477,21038427,1.20220,1991.24997,1
1505301477,21038426,1.20220,173.03000,1
1505301405,21038244,1.20420,337.40773,1
1505301404,21038241,1.20420,53.22943,1
1505301404,21038238,1.20420,483.49566,1
1505301397,21038210,1.20420,137.82999,1
1505301394,21038192,1.20420,118.31435,1
1505301393,21038186,1.20420,572.52564,1
1505301391,21038176,1.20420,219.45499,1
1505301389,21038172,1.20420,219.73966,1
1505301381,21038151,1.20422,4497.76230,0
1505301379,21038147,1.20422,112.51893,1
1505301376,21038112,1.20422,23.76914,1
1505301356,21038062,1.20422,215.32924,1
1505301329,21037934,1.20422,445.39204,1
1505301327,21037928,1.20420,858.00255,1
1505301324,21037916,1.20421,63.09521,1
1505301033,21037507,1.20421,650.00000,1
1505301031,21037506,1.20422,1350.00000,1
1505300874,21037349,1.20422,199.49500,1
1505300874,21037339,1.20500,0.00344,1
1505300826,21037240,1.20500,389.56017,1
1505300638,21036990,1.21000,389.56361,0
1505300638,21036989,1.20999,941.32460,0
1505300638,21036988,1.20977,31.71000,0
1505300637,21036987,1.20976,656.71814,0
1505300527,21036834,1.20421,657.09904,1
1505300526,21036832,1.20434,39.76938,0
1505300487,21036751,1.20422,100.00000,1
1505300460,21036675,1.20920,71.73062,0
1505300460,21036674,1.20920,111.50000,0
1505300459,21036672,1.20920,455.49000,0
1505300457,21036668,1.20920,455.49000,0
1505300447,21036641,1.20920,22.54382,0
1505300444,21036636,1.20920,51.96401,0
1505300416,21036546,1.20231,14.14002,1
1505300396,21036472,1.20227,110.15905,1
1505300395,21036470,1.20920,128.00022,0
1505300395,21036469,1.20919,7.83975,0
1505300395,21036464,1.20919,202.16025,0
1505300395,21036463,1.20509,0.00350,0
1505300380,21036316,1.20509,50.18000,0
1505300366,21036261,1.20509,50.18350,1
1505300336,21036162,1.20223,12.32454,1
1505300332,21036149,1.20507,12.32454,0
1505300331,21036146,1.20507,38.01000,0
1505300306,21036075,1.20507,38.02000,0
1505300302,21036048,1.20507,53.98570,0
1505300299,21036027,1.20507,104.68000,0
1505300282,21035949,1.20507,45.13976,0
1505300281,21035947,1.20463,0.00024,0
1505300278,21035937,1.20463,70.85000,0
1505300276,21035926,1.20463,55.97787,0
1505300272,21035912,1.20463,53.83189,0
1505300270,21035906,1.20463,111.50000,0
1505300196,21035662,1.20920,1703.28133,0
1505300196,21035660,1.20919,504.50557,0
1505300196,21035657,1.20894,500.00000,0
1505300196,21035655,1.20833,292.18310,0
1505300193,21035642,1.20222,504.99255,1
1505300193,21035640,1.20228,260.75000,1
1505300193,21035639,1.20833,616.08530,0
1505300193,21035638,1.20822,292.17470,0
1505300192,21035636,1.20822,260.75000,0
1505300179,21035562,1.20832,298.09881,0
1505300176,21035538,1.20832,108.27860,1
1505300175,21035535,1.20832,140.00000,0
1505300173,21035522,1.20833,1.26837,0
1505300173,21035520,1.20832,280.00000,0
1505300170,21035507,1.20719,253.38569,0
1505300169,21035505,1.20833,1090.46323,0
1505300169,21035502,1.20823,715.71290,0
1505300169,21035499,1.20821,309.64394,0
1505300169,21035497,1.20720,1000.00000,0
1505300168,21035491,1.20720,361.50497,0
1505300168,21035484,1.20720,53.88818,0
1505300166,21035467,1.20719,286.68439,0
1505300163,21035427,1.20717,689.66696,0
1505300163,21035424,1.20717,100.33304,0
1505300161,21035414,1.20718,273.48621,0
1505300108,21035143,1.20079,91.71000,1
1505300033,21034991,1.20079,504.99000,0
1505300032,21034981,1.20079,178.90000,1
1505299347,21033739,1.20079,100.00000,1
1505299235,21033670,1.20021,595.91437,0
1505299235,21033669,1.20069,403.06560,1
1505299233,21033664,1.20571,0.00003,1
1505298841,21033349,1.20571,100.21533,1
1505298841,21033348,1.20573,53.85047,1
1505298832,21033328,1.20720,2469.07790,0
1505298832,21033326,1.20719,0.00210,0
1505298832,21033325,1.20719,1915.12000,0
1505298828,21033314,1.20720,115.52895,0
1505298828,21033312,1.20719,1915.12210,0
1505298828,21033310,1.20718,970.00000,0
1505298828,21033308,1.20571,3000.00000,0
1505298777,21033216,1.20570,209.04000,0
1505298297,21032541,1.20028,100.00000,1
1505298038,21032269,1.20570,587.41000,0
1505297706,21031839,1.20568,464.38000,0
1505297696,21031821,1.20569,302.50991,0
1505297696,21031820,1.20520,0.00009,0
1505297687,21031803,1.20520,347.93000,0
1505297678,21031781,1.20520,1341.34947,0
1505297678,21031780,1.20519,0.00053,0
1505297677,21031776,1.20519,501.89000,0
1505297665,21031757,1.20520,1310.72044,0
1505297665,21031755,1.20520,0.00956,0
1505297663,21031751,1.20520,530.98000,0
1505297662,21031747,1.20511,463.46000,1
1505297652,21031712,1.20521,1100.57000,0
1505297652,21031710,1.20521,237.28628,0
1505297652,21031709,1.20519,477.31372,0
1505297648,21031686,1.20511,5538.62000,0
1505297647,21031678,1.20000,0.00058,0
1505297634,21031664,1.20000,707.83000,0
1505297496,21031569,1.20000,206.44864,0
1505297489,21031568,1.20000,840.00000,0
1505297489,21031567,1.20068,656.27000,1
1505297489,21031566,1.20069,102.64655,1
1505297489,21031565,1.20070,297.10870,1
1505297488,21031564,1.20070,53.28797,1
1505297488,21031563,1.20071,3000.00000,1
1505297488,21031562,1.20195,3000.00000,1
1505297488,21031561,1.20200,250.91301,1
1505297371,21031495,1.20198,440.94338,0
1505297334,21031419,1.20198,380.49621,0
1505297048,21031174,1.20197,433.85285,1
1505296975,21031109,1.20196,4868.76711,1
1505296973,21031107,1.20289,131.23289,1
1505296953,21031053,1.20289,18.16644,1
1505296941,21031031,1.20289,100.00000,1
1505296940,21031015,1.20289,0.00003,0
1505296671,21030658,1.20196,171.14000,1
1505296659,21030604,1.20196,27.69000,1
1505296646,21030574,1.20196,79.93999,1
1505296541,21030436,1.20196,158.49516,1
1505296507,21030374,1.20196,29.01352,1
1505296503,21030350,1.20196,373.58508,1
1505296502,21030344,1.20196,83.66056,1
1505296469,21030308,1.20298,65.33167,1
1505296411,21030194,1.20303,0.32833,0
1505296410,21030186,1.20303,65.33767,0
1505296402,21030175,1.20303,65.66598,0
1505296400,21030168,1.20514,0.00002,1
1505296399,21030167,1.20514,65.66600,1
1505296390,21030115,1.20363,12.63744,0
1505296389,21030114,1.20363,12.63653,0
1505296389,21030111,1.20297,12.58000,0
1505296389,21030110,1.20297,0.00001,0
1505296388,21030104,1.20296,207.15357,0
1505296385,21030089,1.20296,353.43000,0
1505296378,21030060,1.20365,12.57999,1
1505296364,21030025,1.20799,190.76726,0
1505296363,21030017,1.20694,113.88495,0
1505296362,21030007,1.20694,551.99000,0
1505296360,21030003,1.20799,117.98450,0
1505296359,21029999,1.20799,114.82978,0
1505296358,21029996,1.20299,12.57820,0
1505296358,21029992,1.20799,62.79998,0
1505296358,21029990,1.20299,0.00002,0
1505296357,21029987,1.20365,12.57818,1
1505296353,21029969,1.20799,454.45340,0
1505296353,21029966,1.20799,555.82660,0
1505296352,21029960,1.20799,136.54540,0
1505296351,21029951,1.20800,219.69313,0
1505296350,21029946,1.20800,1009.24000,0
1505296350,21029944,1.20800,7.32348,0
1505296348,21029937,1.20695,605.94515,1
1505296346,21029930,1.20800,62.80000,0
1505296340,21029899,1.20695,475.53269,0
1505296340,21029897,1.20694,33.84781,0
1505296339,21029893,1.20440,50.53871,0
1505296337,21029872,1.20695,475.53269,1
1505296337,21029868,1.20695,2524.45731,0
1505296336,21029865,1.20695,475.54269,0
1505296336,21029863,1.20670,0.35213,0
1505296336,21029861,1.20568,58.65518,0
1505296336,21029855,1.20568,2941.34482,0
1505296335,21029850,1.20330,58.64518,0
1505296335,21029844,1.20330,634.53570,0
1505296334,21029842,1.20365,12.60211,1
1505296334,21029840,1.20365,12.60211,1
1505296334,21029838,1.20567,127.22720,1
1505296332,21029823,1.20567,249.04280,0
1505296332,21029816,1.20567,127.22754,0
1505296330,21029808,1.20566,466.27698,0
1505296330,21029807,1.20566,705.78551,0
1505296328,21029793,1.20567,55.18000,0
1505296327,21029782,1.20567,68.54966,0
1505296327,21029779,1.20565,59.13679,0
1505296327,21029773,1.20562,385.23917,0
1505296324,21029743,1.20565,44.64406,0
1505296324,21029739,1.20362,271.37021,0
1505296323,21029722,1.20362,247.53404,0
1505296322,21029716,1.20564,317.60228,0
1505296321,21029705,1.20565,42.56210,0
1505296321,21029703,1.20363,12.61790,0
1505296320,21029691,1.20070,4465.69763,0
1505296319,21029678,1.20070,486.66949,0
1505296317,21029654,1.20070,47.63288,0
1505296317,21029650,1.20069,34.92538,0
1505296317,21029644,1.20069,129.10434,0
1505296316,21029639,1.20069,248.29776,0
1505296316,21029623,1.20069,194.56945,0
1505296314,21029607,1.20069,247.46878,0
1505296314,21029605,1.20069,349.31275,0
1505296312,21029571,1.20069,246.89502,0
1505296309,21029533,1.20069,55.18000,0
1505296309,21029530,1.20069,295.06842,0
1505296308,21029508,1.20068,189.41207,0
1505296307,21029499,1.20068,249.85841,0
