date,tid,price,amount,type
1505346488,21102768,0.01599995,1.52387700,1
1505346458,21102601,0.01599995,13.71493350,1
1505346457,21102597,0.01599995,0.47007232,1
1505346457,21102596,0.01599995,1.52329400,0
1505346457,21102595,0.01599989,6.89626394,0
1505346129,21102413,0.01599996,8.34423545,0
1505346129,21102412,0.01598943,5.72737001,0
1505346117,21102404,0.01598944,18.88268353,0
1505346105,21102398,0.01598959,18.95161699,0
1505345063,21101726,0.01589976,0.56574851,0
1505343259,21100924,0.01592969,1.45281421,0
1505342642,21100533,0.01584995,4.22963000,0
1505342639,21100532,0.01583998,1.16730563,0
1505342639,21100531,0.01583065,4.29376337,0
1505342628,21100519,0.01583065,13.74414600,0
1505342622,21100515,0.01583065,10.15210000,0
1505342519,21100459,0.01583065,6.27640400,0
1505342470,21100431,0.01583065,5.20315416,0
1505342470,21100430,0.01583065,6.85339984,0
1505342455,21100406,0.01583065,3.74281700,0
1505340474,21098665,0.01577145,5.33653751,1
1505340332,21098525,0.01575095,12.23176168,1
1505340213,21098383,0.01575999,1.00000000,0
1505340054,21098265,0.01581000,12.07607147,0
1505338363,21097462,0.01579000,47.06000000,0
1505338358,21097454,0.01578999,0.96970000,1
1505338029,21097316,0.01576501,15.00000000,1
1505337444,21096942,0.01589999,0.82630000,0
1505336534,21096424,0.01590999,1.00000000,0
1505336002,21096143,0.01591933,1.12272600,1
1505335993,21096139,0.01591933,14.41873700,1
1505335985,21096097,0.01591933,1.12272600,1
1505335961,21096082,0.01591933,0.61051900,1
1505335929,21096054,0.01591933,0.27000000,1
1505335861,21096012,0.01591998,1.45899700,0
1505335855,21096008,0.01591912,0.00000044,0
1505335855,21096007,0.01591909,4.65200256,0
1505335694,21095813,0.01582344,23.33820282,0
1505335694,21095812,0.01582344,6.12145400,0
1505335656,21095772,0.01582344,4.10410400,0
1505335519,21095629,0.01582344,1.83350523,0
1505335517,21095628,0.01582343,0.40300000,0
1505335315,21095380,0.01582344,0.69000000,0
1505334979,21095150,0.01589638,1.45000000,0
1505334954,21095138,0.01585321,0.40300000,1
1505334954,21095137,0.01585325,14.59700000,1
1505334916,21095106,0.01589638,0.00036234,1
1505334808,21095045,0.01589638,1.99963766,1
1505334703,21094993,0.01586931,1.00000000,1
1505334584,21094908,0.01586928,1.00000000,1
1505334368,21094738,0.01587185,3.65200256,1
1505334008,21094549,0.01585222,0.19739154,1
1505333959,21094497,0.01594990,24.33471848,0
1505333836,21094375,0.01593453,9.00000000,0
1505333601,21094086,0.01583441,9.00000000,1
1505333352,21093659,0.01592657,16.18296961,0
1505333352,21093658,0.01592657,11.27269000,0
1505333346,21093649,0.01590000,0.92940000,1
1505333338,21093636,0.01589673,13.74866588,1
1505333338,21093635,0.01589674,4.53510549,1
1505333330,21093615,0.01592659,19.99980511,0
1505333329,21093612,0.01592660,13.46557841,0
1505333329,21093611,0.01592657,5.94765516,0
1505333328,21093608,0.01592661,1.37926401,0
1505333314,21093586,0.01592663,20.01515700,0
1505333306,21093579,0.01589674,9.04857084,1
1505333291,21093572,0.01589668,1.24755512,0
1505333184,21093456,0.01589641,12.34907755,0
1505333158,21093436,0.01587437,5.65868125,0
1505333009,21093283,0.01582320,11.00000000,1
1505332864,21093139,0.01587434,3.95910000,0
1505330720,21091513,0.01582000,10.03541300,1
1505330705,21091504,0.01582000,1.96458700,1
1505329247,21090603,0.01588997,0.25110305,0
1505328905,21090339,0.01587720,10.00000000,0
1505327665,21089404,0.01581010,12.68400370,1
1505327508,21089273,0.01589648,1.00000000,1
1505327481,21089253,0.01583017,1.00000000,1
1505327379,21089142,0.01583001,25.00000000,1
1505327360,21089116,0.01582010,0.76238000,0
1505327358,21089115,0.01583474,0.23762000,1
1505327288,21089036,0.01581862,2.09267700,0
1505327288,21089034,0.01581861,1.00000000,0
1505327144,21088852,0.01578000,0.52360187,1
1505327142,21088851,0.01578002,0.47639813,1
1505326887,21088392,0.01574091,0.47748636,0
1505326881,21088385,0.01574091,6.20227929,0
1505326878,21088377,0.01574091,2.79663408,1
1505326872,21088363,0.01574104,8.38645892,1
1505326750,21088220,0.01578877,0.52251364,1
1505326750,21088218,0.01578878,0.47748636,1
1505326474,21087898,0.01567011,23.16904768,1
1505326169,21087485,0.01569999,8.46050700,1
1505326117,21087418,0.01569999,2.99550000,1
1505326116,21087417,0.01569999,0.90399300,1
1505326072,21087317,0.01569997,1.00000000,0
1505326067,21087313,0.01569998,2.00000000,0
1505326063,21087307,0.01570000,0.14699689,0
1505326057,21087305,0.01570000,1.96423324,0
1505326046,21087294,0.01565215,5.13462976,1
1505326042,21087290,0.01571000,2.00000000,0
1505326038,21087285,0.01571000,2.00000000,0
1505326031,21087277,0.01572125,0.69579000,0
1505326012,21087238,0.01573993,1.16218984,0
1505326012,21087237,0.01573990,27.05466016,0
1505326008,21087232,0.01574000,0.63176695,0
1505325993,21087217,0.01575996,1.00000000,0
1505325979,21087204,0.01574930,1.00000000,1
1505325977,21087203,0.01575874,1.44889064,1
1505325976,21087202,0.01580000,0.25000000,1
1505325957,21087163,0.01580004,2.11854300,1
1505325613,21086655,0.01589584,5.72416280,0
1505325612,21086654,0.01589580,6.86031720,0
1505325508,21086502,0.01588990,4.50084644,0
1505325436,21086438,0.01586833,3.08179683,0
1505325139,21086134,0.01586950,5.42480517,0
1505325133,21086121,0.01583969,9.17233000,0
1505325102,21086057,0.01583967,3.16416756,0
1505324189,21084818,0.01580001,8.74003300,1
1505324136,21084766,0.01580002,0.66821805,1
1505324136,21084765,0.01580008,31.55550100,1
1505323760,21084157,0.01577998,1.00000000,0
1505323310,21083610,0.01573076,0.00000002,0
1505323243,21083516,0.01573076,1.13191900,0
1505323227,21083482,0.01573076,4.98435800,0
1505323225,21083476,0.01573076,0.75118198,0
1505323209,21083439,0.01573076,31.49239900,0
1505323207,21083431,0.01573076,1.49730500,0
1505323205,21083425,0.01573076,2.68400000,0
1505323006,21083176,0.01574021,0.43229700,1
1505322248,21081728,0.01584577,62.57327791,0
1505322104,21081407,0.01585681,12.58134517,0
1505321882,21080934,0.01584697,85.63000000,0
1505321679,21080663,0.01584727,3.14724934,0
1505321450,21080239,0.01582732,17.71706580,0
1505321343,21079946,0.01579999,1.27012738,0
1505320610,21078939,0.01581000,33.63016825,0
1505320350,21078731,0.01582734,31.55550100,0
1505319956,21078254,0.01578849,8.93633957,0
1505319853,21078092,0.01574768,1.00000000,0
1505319483,21077722,0.01565218,4.00378862,0
1505319483,21077721,0.01565218,29.99621138,1
1505318446,21076693,0.01565656,0.31000000,1
1505318442,21076692,0.01565656,4.62254677,1
1505318437,21076685,0.01567999,0.83806048,0
1505318048,21076315,0.01574748,3.20000000,1
1505317029,21074782,0.01576990,10.00000000,1
1505316860,21074477,0.01576993,9.37806952,0
1505316824,21074421,0.01570953,10.06438865,0
1505316821,21074411,0.01570953,31.56071505,0
1505316802,21074391,0.01570953,2.00470669,0
1505316715,21074284,0.01563717,1.55929522,0
1505316715,21074283,0.01568999,0.32379457,1
1505316715,21074282,0.01569000,3.06367412,0
1505316713,21074279,0.01569000,2.50833609,1
1505316629,21074163,0.01569000,1.19109774,0
1505316329,21073773,0.01569000,7.40655194,0
1505316327,21073771,0.01566721,0.25000000,0
1505316257,21073703,0.01570953,43.62981039,1
1505316257,21073702,0.01570953,0.91862501,1
1505316256,21073699,0.01570953,21.36790710,0
1505315970,21073196,0.01558351,3.12619300,1
1505315962,21073162,0.01570071,0.00000473,1
1505315905,21072974,0.01571000,64.30000000,1
1505315904,21072963,0.01571000,1.00000000,0
1505315898,21072940,0.01570071,0.52210000,1
1505315853,21072807,0.01573099,4.41450000,1
1505315839,21072769,0.01570071,0.74079700,1
1505315828,21072754,0.01570075,9.06254925,1
1505315827,21072748,0.01570072,9.07857700,1
1505315804,21072706,0.01570074,12.12053684,1
1505315674,21072433,0.01573000,0.10000000,1
1505315674,21072432,0.01573007,4.90123495,1
1505315666,21072405,0.01573009,0.18482101,0
1505315666,21072402,0.01573010,21.45150099,1
1505315666,21072395,0.01573010,3.28349901,1
1505315661,21072365,0.01573003,3.19468700,1
1505315525,21072009,0.01583997,4.40817943,0
1505315474,21071863,0.01576645,4.56471874,0
1505315473,21071862,0.01575716,1.00000000,0
1505315472,21071853,0.01574000,1.00000000,0
1505315471,21071846,0.01573000,0.90000000,1
1505315470,21071840,0.01573000,0.08960955,0
1505315469,21071838,0.01573000,0.91039045,0
1505315469,21071836,0.01573000,0.08960955,0
1505315446,21071750,0.01569994,31.21488601,0
1505315446,21071748,0.01569993,1.71928266,0
1505315243,21071366,0.01567951,1.18605821,0
1505315243,21071365,0.01567948,14.71855552,0
1505314889,21070808,0.01554436,67.50600000,1
1505314564,21070281,0.01564683,1.00000000,0
1505314486,21070120,0.01556962,0.64995973,0
1505314483,21070105,0.01556962,4.85229184,0
1505314468,21070057,0.01549505,0.00000418,0
1505314320,21069646,0.01549505,0.63029000,0
1505314203,21069447,0.01549505,3.37139171,1
1505313913,21069023,0.01548987,12.12053684,0
1505313871,21068915,0.01548917,2.99766112,1
1505313871,21068914,0.01548917,3.44236246,0
1505313579,21067964,0.01541000,5.99000000,1
1505313572,21067888,0.01552358,3.04971477,0
1505313167,21067186,0.01538060,3.44236246,1
1505312917,21066804,0.01542951,0.53898493,0
1505312907,21066764,0.01547999,3.67506147,1
1505312907,21066763,0.01547999,2.12359854,0
1505312907,21066762,0.01542973,10.61799269,0
1505312907,21066761,0.01542952,48.46012963,0
1505312907,21066760,0.01542951,26.37900000,0
1505312830,21066629,0.01543984,0.48467035,0
1505312481,21065898,0.01546991,1.72970518,0
1505312445,21065783,0.01550000,0.00000008,1
1505312424,21065715,0.01550000,47.24324300,1
1505312325,21065299,0.01550000,0.14269000,1
1505312269,21065112,0.01550000,18.61406692,1
1505311988,21064289,0.01554946,5.00000000,1
1505311902,21064101,0.01563000,0.69349900,0
1505311233,21063422,0.01569678,1.01677478,0
1505311204,21063321,0.01560012,0.33856051,1
1505311074,21063168,0.01559237,7.40800000,1
1505311019,21063030,0.01559229,37.99961392,1
1505311011,21062982,0.01559227,39.43323242,1
1505311010,21062978,0.01559227,12.09152918,1
1505311010,21062976,0.01559228,1.44144281,1
1505311004,21062930,0.01559225,25.64589200,1
1505311004,21062923,0.01559226,48.74838700,1
1505311003,21062918,0.01559228,13.07914800,1
1505310802,21062620,0.01564989,0.92658542,1
1505310705,21062497,0.01566994,0.69597113,0
1505310674,21062478,0.01564986,13.07914800,0
1505310674,21062475,0.01561999,6.80313500,0
1505310444,21062217,0.01551219,29.27400850,0
1505310444,21062215,0.01551219,8.72599150,1
1505310430,21062203,0.01560995,0.93830000,0
1505310426,21062200,0.01560995,0.99964000,0
1505310397,21062143,0.01558587,1.00000000,1
1505310343,21062104,0.01564999,1.00000000,0
1505310318,21062059,0.01564996,0.18519189,0
1505310316,21062057,0.01565000,0.70216841,0
1505310306,21061973,0.01558805,5.85513748,1
1505310260,21061816,0.01567962,3.11272530,0
1505310214,21061724,0.01564999,0.88084000,0
1505310210,21061719,0.01565000,0.93051000,1
1505310190,21061637,0.01564999,0.69959000,0
1505310183,21061623,0.01565000,0.69959000,0
1505310176,21061610,0.01564997,0.69937000,0
1505310165,21061597,0.01565999,0.69925000,0
1505310159,21061591,0.01566541,0.69925000,0
1505310153,21061585,0.01566542,0.69925000,0
1505310144,21061567,0.01566544,5.50000000,0
1505309968,21061248,0.01557761,5.99811525,1
1505309966,21061239,0.01557761,15.56373668,1
1505309961,21061216,0.01557775,9.20164000,1
1505309961,21061212,0.01557791,17.65999000,1
1505309875,21061124,0.01553915,3.25624000,1
1505309660,21060859,0.01551035,2.92328782,1
1505309557,21060726,0.01558997,26.76785138,0
1505309363,21060484,0.01561976,4.03297041,0
1505309175,21060220,0.01556142,1.00000000,1
1505309175,21060219,0.01556152,12.67000000,1
1505309175,21060218,0.01556155,3.61770153,1
1505309171,21060212,0.01563985,1.82389153,0
1505309057,21060029,0.01564039,1.00000000,1
1505309043,21060005,0.01564039,1.00000000,1
1505309037,21059991,0.01564040,1.00000000,1
1505309028,21059970,0.01564040,1.00000000,1
1505308812,21058833,0.01572994,1.79381000,0
1505308782,21058598,0.01573000,0.91039045,0
1505308677,21057870,0.01576645,1.43088647,0
1505308646,21057837,0.01576645,0.17117000,0
1505308623,21057777,0.01576645,0.86571000,0
1505308605,21057753,0.01567000,4.88965188,1
1505308605,21057752,0.01570000,92.00000000,1
1505308605,21057751,0.01570002,171.83600000,0
1505308604,21057749,0.01572000,95.00000000,1
1505308604,21057748,0.01572000,95.00000000,1
1505308604,21057747,0.01574983,1.00000000,1
1505308604,21057746,0.01575106,147.00782321,0
1505308603,21057744,0.01575106,6.58175910,0
1505308603,21057742,0.01575106,30.18172022,1
1505308599,21057739,0.01576645,5.17110200,0
1505308584,21057729,0.01576645,0.17117000,0
1505308580,21057724,0.01576645,3.00340279,0
1505308576,21057717,0.01576645,2.00000000,0
1505308559,21057686,0.01576645,0.86561000,0
1505308531,21057629,0.01576645,0.51333000,0
1505308521,21057615,0.01576645,0.54833000,0
1505308509,21057597,0.01576645,0.69457000,0
1505308227,21057086,0.01588754,1.07000590,1
1505308226,21057075,0.01588754,1.30673000,1
1505308225,21057072,0.01588754,3.36331300,1
1505308225,21057070,0.01588754,2.75934600,1
1505308223,21057056,0.01588755,11.26096472,0
1505308223,21057054,0.01588754,7.42939428,0
1505308215,21057021,0.01586998,39.01859390,0
1505308215,21057020,0.01586997,0.00000510,0
1505308214,21057017,0.01586997,8.82699800,0
1505308067,21056499,0.01583000,1.00000000,0
1505307967,21056100,0.01580657,22.28211000,0
1505307955,21056045,0.01580657,1.18089000,0
1505307940,21055979,0.01575000,1.00000000,0
1505307733,21055235,0.01564260,1.37378638,1
1505307585,21054800,0.01574994,96.98914790,0
1505307585,21054799,0.01572988,12.67000000,0
1505307585,21054794,0.01572985,22.41661874,0
1505307545,21054720,0.01569845,9.59436900,1
1505307539,21054696,0.01571999,98.05060065,0
1505307538,21054686,0.01571999,34.03392750,0
1505307535,21054673,0.01569842,3.37440489,0
1505307534,21054667,0.01569845,4.47538085,0
1505307496,21054628,0.01569858,0.00000049,1
1505307494,21054626,0.01569858,7.77694100,1
1505307494,21054623,0.01569858,12.96566400,1
1505307494,21054620,0.01569858,1.91938600,1
1505307494,21054618,0.01569858,2.33573800,1
1505307493,21054617,0.01569858,23.08469700,1
1505307493,21054616,0.01569858,8.96018500,1
1505307487,21054596,0.01560376,8.15999500,1
1505307478,21054579,0.01560375,1.46735100,1
1505307325,21054255,0.01560158,1.04999500,1
1505307268,21054080,0.01560766,0.66642713,0
1505306709,21053007,0.01560645,30.37733740,0
1505306606,21052695,0.01560766,28.25327000,1
1505306605,21052690,0.01560768,58.73480616,0
1505306604,21052682,0.01560766,4.97959697,0
1505306439,21052132,0.01554000,1.88945200,1
1505306438,21052129,0.01554000,11.57854800,1
1505306303,21051802,0.01554791,0.70557000,0
1505306151,21051194,0.01552971,0.70721000,0
1505306095,21050903,0.01554969,24.35850065,0
1505306095,21050902,0.01554965,170.59200000,0
1505306037,21050685,0.01560826,53.03990614,1
1505306037,21050684,0.01560826,6.36922900,1
1505306037,21050682,0.01560826,22.16924000,1
1505306037,21050681,0.01560826,38.84389500,1
1505306037,21050680,0.01560826,14.29205832,1
1505306036,21050672,0.01560826,8.91026300,1
1505306036,21050669,0.01560826,5.15760000,1
1505306036,21050667,0.01560826,7.08396000,1
1505306035,21050663,0.01560826,17.95270000,1
1505306035,21050662,0.01560826,5.15760100,1
1505306035,21050661,0.01560826,18.72018800,1
1505306035,21050660,0.01560826,29.88350200,1
1505306035,21050657,0.01560826,67.64054500,1
1505306034,21050654,0.01560826,22.04750200,1
1505306034,21050652,0.01560826,73.55733200,1
1505306034,21050651,0.01560826,30.29645900,1
1505306034,21050648,0.01560826,5.08216161,1
1505306034,21050646,0.01560826,3.24514264,1
1505306033,21050644,0.01560826,22.47930000,1
1505306033,21050642,0.01560826,169.34800000,1
1505306033,21050636,0.01560826,45.21441526,1
1505306032,21050628,0.01560826,114.00000000,1
1505306032,21050626,0.01560826,26.06000000,1
1505306032,21050625,0.01560826,25.96460726,1
1505306031,21050623,0.01560826,1.00000000,1
1505306031,21050622,0.01560826,0.30964175,1
1505306031,21050619,0.01560826,1.54820874,1
1505306030,21050617,0.01560826,74.44449340,1
1505306030,21050614,0.01560829,31.55550660,1
1505306030,21050610,0.01560826,3.37205255,1
1505306029,21050609,0.01560826,151.43000000,1
1505306029,21050606,0.01557662,1.00000000,0
1505306029,21050605,0.01557000,110.00000000,0
1505306029,21050604,0.01554000,111.00000000,0
1505306029,21050602,0.01553999,0.34130841,0
1505306029,21050600,0.01553999,1.70654207,0
1505306029,21050599,0.01551000,101.00000000,0
1505306028,21050598,0.01550655,0.13336000,0
1505306028,21050597,0.01550655,1.69233000,0
1505306028,21050596,0.01550000,110.00000000,0
1505306028,21050595,0.01549999,33.07789495,0
1505306020,21050583,0.01550001,1.00000000,1
1505305828,21050106,0.01548989,0.17645000,0
1505305812,21050092,0.01548990,40.57428518,0
1505305793,21050010,0.01547999,0.17549000,0
1505305776,21050006,0.01547207,4.10641800,1
1505305769,21049999,0.01547999,1.00000000,0
1505305765,21049997,0.01547207,28.87995470,1
1505305764,21049995,0.01547207,23.24264900,1
1505305764,21049994,0.01547207,54.61587200,1
1505305764,21049993,0.01547207,30.51283000,1
1505305763,21049990,0.01547207,3.37946400,1
1505305759,21049988,0.01547207,4.10000000,1
1505305756,21049986,0.01547207,31.48544400,1
1505305754,21049981,0.01547207,13.14857115,1
1505305754,21049980,0.01547207,1.47432085,1
1505305753,21049977,0.01547207,8.93311000,1
1505305753,21049976,0.01547207,1.83253600,1
1505305676,21049872,0.01547207,3.86165300,1
1505305676,21049870,0.01547207,3.78805400,1
1505305662,21049846,0.01547207,7.64197200,1
1505305661,21049842,0.01547207,7.63376600,1
1505305659,21049833,0.01547207,7.62555900,1
1505305653,21049825,0.01547207,7.61755700,1
1505305636,21049774,0.01547207,6.05829264,1
1505305636,21049772,0.01547208,0.00059089,1
1505305635,21049769,0.01547208,12.73272114,1
1505305628,21049755,0.01547207,120.27901700,1
1505305623,21049749,0.01549983,2.58895731,1
1505305623,21049746,0.01549983,0.62916057,0
1505305618,21049722,0.01547207,16.72536578,1
1505305472,21049326,0.01542929,6.39520409,0
1505305456,21049273,0.01542967,16.10195551,0
1505305398,21049040,0.01535309,24.10459955,1
1505305398,21049039,0.01535309,6.39573127,1
1505305396,21049037,0.01535310,26.91479767,0
1505305392,21049026,0.01535309,5.46648000,1
1505305341,21048761,0.01535309,28.22222889,1
1505305331,21048743,0.01535309,6.26008100,1
1505305329,21048733,0.01535309,6.25971710,1
1505305329,21048732,0.01535309,8.61899300,1
1505305304,21048618,0.01535309,50.61536929,1
1505305296,21048577,0.01535309,2.26677497,1
1505305294,21048563,0.01535309,1.42656951,1
1505305284,21048505,0.01535309,6.80996464,1
1505305104,21047766,0.01535312,5.41214164,0
1505305095,21047743,0.01535309,14.20252471,1
1505305094,21047737,0.01535309,34.69488488,1
1505305088,21047721,0.01535309,19.04838570,1
1505305085,21047711,0.01535309,20.49229178,1
1505305082,21047696,0.01535309,20.43152226,1
1505305076,21047670,0.01535312,20.37423013,1
1505305054,21047635,0.01535309,1.88038000,1
1505305018,21047562,0.01535309,2.76419992,1
1505305016,21047555,0.01535312,4.45758387,1
1505304981,21047471,0.01535320,1.22495637,1
1505304826,21046791,0.01535302,0.13336000,1
1505304814,21046730,0.01535302,1.69233000,1
1505304743,21046367,0.01539304,9.54153569,1
1505304730,21046318,0.01539304,1.79491900,1
1505304725,21046281,0.01539304,1.54153600,1
1505304724,21046275,0.01539304,8.00000000,1
1505304717,21046237,0.01539304,5.76329000,1
1505304704,21046125,0.01539304,14.84250000,1
1505304691,21046081,0.01539304,29.54807354,1
1505304691,21046067,0.01539304,89.37162000,1
1505304660,21045812,0.01541275,1.00000000,1
1505304648,21045727,0.01539304,21.10750800,1
1505304648,21045726,0.01541275,1.00000000,1
1505304637,21045692,0.01541275,1.00000000,1
1505304623,21045657,0.01539304,12.95352900,1
1505304619,21045640,0.01542454,2.00000000,1
1505304600,21045522,0.01541000,1.00000000,0
1505304547,21045295,0.01541276,1.00000000,1
1505304395,21045077,0.01541269,1.19504772,1
1505304305,21044860,0.01545905,1.00006404,0
1505303837,21043319,0.01538535,6.05226791,1
1505303822,21043276,0.01538527,23.21689814,1
1505303567,21042798,0.01543912,1.00000000,1
1505303090,21042223,0.01543912,2.00743306,0
1505302845,21041901,0.01539867,1.00000000,1
1505302435,21040961,0.01532313,0.99999950,1
1505302434,21040960,0.01535000,0.12118450,1
1505302313,21040644,0.01535000,4.87881550,1
1505302313,21040641,0.01535001,1.12118450,1
1505302222,21040372,0.01535046,13.80392082,1
1505302201,21040321,0.01544999,3.91900707,0
1505302106,21040160,0.01540001,6.87761697,1
1505302099,21040141,0.01540000,2.53000500,1
1505302091,21040115,0.01540000,2.46999500,1
1505302072,21040047,0.01541016,2.54614300,1
1505302068,21040037,0.01541016,1.65659005,1
1505302068,21040036,0.01541016,1.66662200,1
1505302067,21040033,0.01541016,3.55496667,1
1505302045,21039981,0.01541014,7.20407700,1
1505301995,21039856,0.01549963,5.66987728,0
1505301695,21038903,0.01540516,0.23372362,1
1505301695,21038902,0.01540516,6.13790296,1
1505301691,21038888,0.01540516,6.53209704,1
1505301504,21038490,0.01540003,9.98897900,1
1505301439,21038329,0.01545004,14.92371160,1
1505301400,21038222,0.01545001,1.11341805,1
1505301395,21038200,0.01545000,5.00000000,1
1505301385,21038158,0.01545003,16.63179500,1
1505301358,21038069,0.01553000,4.31738570,0
1505301354,21038053,0.01553000,78.24726336,1
1505301349,21038027,0.01554000,15.54401545,0
1505301347,21037996,0.01553000,13.24453024,0
1505301345,21037986,0.01554000,34.83752476,0
1505301345,21037984,0.01553997,31.37392955,0
1505301342,21037970,0.01553000,16.68547817,0
1505301342,21037967,0.01552999,25.44641483,0
1505301342,21037965,0.01552999,16.68548400,0
1505301333,21037940,0.01546476,8.96308770,1
1505301324,21037915,0.01549907,1.11040166,1
1505300587,21036942,0.01558541,1.65304068,1
1505300442,21036625,0.01559999,11.86477719,0
1505300439,21036615,0.01559999,1.92982843,0
1505300408,21036517,0.01558541,6.12968539,0
1505300408,21036516,0.01558541,0.67456543,0
1505300358,21036246,0.01558541,4.32542957,0
1505300358,21036245,0.01558541,0.67457043,0
1505300346,21036189,0.01558541,0.96427000,0
1505300288,21035969,0.01560000,0.00000008,1
1505300236,21035806,0.01560000,19.23352600,1
1505300217,21035736,0.01560000,5.76647392,1
1505300217,21035735,0.01563000,0.00000044,1
1505300158,21035398,0.01563000,14.40575800,1
1505300091,21035090,0.01563000,11.09424185,1
1505300090,21035087,0.01569934,0.18121398,0
1505300030,21034959,0.01563001,42.13189883,1
1505300030,21034955,0.01563045,31.55513757,1
1505299959,21034758,0.01573989,3.03286744,0
1505299851,21034470,0.01575995,0.06450000,0
1505299851,21034469,0.01574999,42.97600000,0
1505299541,21033985,0.01569485,0.95203627,1
1505299541,21033984,0.01569486,29.06241173,1
1505299521,21033969,0.01569486,1.22815527,1
1505298687,21033040,0.01576994,1.00000000,0
1505298673,21033012,0.01576996,1.00000000,0
1505298658,21032960,0.01576997,1.00000000,0
1505298203,21032470,0.01575982,0.84070000,0
1505298183,21032446,0.01575985,16.53219649,0
1505298183,21032445,0.01574954,0.00000551,0
1505298062,21032294,0.01574951,9.76683800,0
1505298008,21032185,0.01574951,21.97770000,1
1505298006,21032180,0.01574951,5.64730000,1
1505297981,21032139,0.01574952,20.52372810,1
1505297981,21032138,0.01574952,9.76670744,0
1505297976,21032134,0.01574953,2.30572000,1
1505297820,21031979,0.01574954,1.90572400,0
1505297771,21031931,0.01574951,1.26409700,0
1505297741,21031903,0.01574956,4.36309800,0
1505297512,21031580,0.01570000,0.00031847,1
1505297512,21031579,0.01570000,20.33089172,1
1505296483,21030320,0.01574919,0.23339000,0
1505296472,21030311,0.01570123,1.00000000,1
1505296353,21029968,0.01570253,10.00009744,1
1505296352,21029959,0.01570255,13.56006835,1
1505296312,21029578,0.01579984,1.32690665,1
1505296311,21029565,0.01579984,157.08647335,0
1505296309,21029523,0.01579984,10.66252665,0
1505296308,21029519,0.01578998,4.16332390,0
1505296307,21029493,0.01578995,3.26936239,0
1505296265,21029408,0.01570155,1.87614800,1
1505296199,21029280,0.01572147,3.20614800,0
1505296172,21029249,0.01572116,1.66576400,1
1505296138,21029202,0.01572161,4.16332390,1
1505296138,21029201,0.01575000,0.63014261,1
1505296138,21029200,0.01575439,0.00037449,1
1505296137,21029197,0.01575439,9.99962551,1
1505296042,21029129,0.01575475,8.04870900,1
1505296016,21029102,0.01575461,11.04999500,0
1505296015,21029098,0.01575461,11.04999500,1
1505295969,21028996,0.01575640,1.75958800,1
1505295961,21028986,0.01575635,8.16979500,1
1505294570,21027741,0.01579980,9.72206357,0
1505294262,21026993,0.01579988,19.78895146,0
1505293983,21026685,0.01566352,17.73692968,0
1505293982,21026684,0.01566352,5.83407032,1
1505293817,21026512,0.01580533,5.83498994,0
1505293548,21026347,0.01565636,2.10000000,1
1505293435,21026178,0.01565462,26.04264823,1
1505293434,21026174,0.01565461,13.46516129,0
1505291998,21023915,0.01572857,12.68400370,0
1505291497,21023133,0.01579646,10.00000000,0
1505291470,21023088,0.01579642,6.61488000,0
1505291395,21022990,0.01574876,19.65050600,0
1505291389,21022983,0.01574876,3.00360155,0
1505291387,21022978,0.01574876,17.34489245,0
1505291387,21022977,0.01574875,14.25413897,0
1505291386,21022974,0.01574864,8.39996858,0
1505291262,21022734,0.01572908,3.77295400,1
1505290603,21021571,0.01563000,4.49999971,1
1505290603,21021570,0.01563793,0.00000029,1
1505290210,21020692,0.01573964,0.63139200,0
1505290076,21020424,0.01570128,5.84626750,0
1505289936,21020188,0.01570145,31.55532054,0
1505289154,21018396,0.01563793,2.58027500,1
1505289154,21018395,0.01564006,10.00000000,1
1505288948,21017908,0.01565395,40.00000000,1
1505288617,21016971,0.01570000,2.74944958,0
1505288600,21016950,0.01563993,8.65284525,1
1505288484,21016786,0.01570000,5.32262000,0
1505287856,21015761,0.01570148,1.13368883,0
1505287820,21015601,0.01570149,11.28544151,0
1505287818,21015597,0.01570148,44.07923049,1
1505287818,21015596,0.01570149,11.28544151,1
1505287817,21015594,0.01570149,38.29697200,1
1505287048,21014774,0.01579035,31.55515869,1
1505286241,21014285,0.01585720,9.00543601,0
1505285970,21013862,0.01580133,13.10000000,0
1505285970,21013860,0.01580133,0.68562157,0
1505285959,21013842,0.01580133,0.24673667,0
1505285959,21013841,0.01580132,0.86228333,0
1505285944,21013690,0.01564681,2.08160000,1
1505285346,21013400,0.01580102,43.88424012,0
1505285263,21013356,0.01580101,0.77680200,1
1505284758,21013076,0.01580101,0.00000494,0
1505284749,21013071,0.01580087,0.53515753,0
1505284742,21013061,0.01580084,0.53515753,0
1505284659,21013001,0.01580082,5.08755286,0
1505284588,21012919,0.01563877,3.00000000,1
1505284124,21012374,0.01580099,57.28135861,0
1505283313,21011714,0.01580133,0.32813186,0
1505283242,21011658,0.01588086,1.25416507,1
1505283059,21011531,0.01580141,0.94251452,0
1505282796,21011308,0.01559499,11.97961654,1
1505281952,21010677,0.01561348,1.33512000,0
1505281938,21010659,0.01561348,22.37007000,0
1505281936,21010654,0.01561348,3.54093000,0
1505281891,21010622,0.01561348,1.00000000,0
1505281176,21009612,0.01569414,4.63056720,0
1505281139,21009531,0.01569419,2.16510963,0
1505281139,21009529,0.01569419,26.63316807,0
1505280918,21009112,0.01553898,2.06963702,1
1505280914,21009110,0.01553900,2.08755286,1
1505280911,21009106,0.01553893,0.04274714,1
1505280911,21009105,0.01562000,0.50000000,1
1505280797,21008956,0.01571006,11.20989162,0
1505280185,21008327,0.01580594,6.31095778,0
1505279693,21007931,0.01574581,30.47905819,0
1505279582,21007774,0.01562024,20.83894200,1
1505279581,21007767,0.01562024,49.83997634,1
1505279581,21007765,0.01565419,0.00037619,1
1505279545,21007706,0.01565419,13.09962381,1
1505279228,21007224,0.01565388,6.84793900,1
1505279170,21007118,0.01567721,20.80847000,1
1505279163,21007073,0.01572000,0.59400000,1
1505278578,21006154,0.01572393,2.63785834,0
1505278446,21006056,0.01562014,25.97784154,0
1505278446,21006055,0.01569000,0.50000000,1
1505278288,21005939,0.01568000,0.50000000,1
1505278244,21005910,0.01568678,1.00000000,0
1505278145,21005777,0.01560545,0.24445355,1
1505278140,21005774,0.01560545,0.40080693,0
1505278051,21005661,0.01557416,2.45714696,0
1505277713,21005290,0.01550384,0.40080693,1
1505277712,21005287,0.01550384,2.37965064,1
1505277712,21005285,0.01550385,0.40080693,1
1505277606,21005116,0.01550391,1.60282459,1
1505277309,21004545,0.01562760,0.19971000,0
1505277272,21004424,0.01562760,12.17500000,0
1505277258,21004409,0.01562760,8.05975346,0
1505277258,21004408,0.01562663,20.61778554,0
1505277077,21003947,0.01549683,2.82464221,1
1505277056,21003856,0.01556430,19.82636000,0
1505277056,21003853,0.01555899,6.93000000,0
1505277054,21003849,0.01555983,15.58948582,0
1505277054,21003848,0.01555899,13.10000000,0
1505276917,21003724,0.01546761,0.00037219,0
1505276917,21003723,0.01546761,2.99682454,0
1505276906,21003712,0.01546761,3.90514127,0
1505276906,21003711,0.01546760,2.99719673,0
1505276830,21003634,0.01542500,3.00000000,1
1505276765,21003588,0.01546759,1.59384881,0
1505276734,21003555,0.01546761,1.73810000,0
1505276620,21003439,0.01546761,1.35956200,0
1505276564,21003387,0.01545000,1.28430300,0
1505276535,21003344,0.01545000,8.27400000,1
1505276534,21003343,0.01545000,2.00000000,0
1505276534,21003342,0.01545000,2.00000000,0
1505276354,21003174,0.01536535,1.12385553,0
1505276346,21003156,0.01536527,5.52804270,0
1505276346,21003155,0.01536527,2.78131130,0
1505276345,21003153,0.01536527,6.57961500,0
1505276343,21003147,0.01536524,3.81964400,1
1505276219,21002765,0.01532880,3.61076464,0
1505276214,21002751,0.01532874,17.84123100,0
1505276207,21002730,0.01530000,2.00000000,1
1505275998,21002132,0.01522627,1.57070642,1
1505275990,21002113,0.01522635,16.58145255,1
1505275828,21001760,0.01522625,1.57103700,1
1505275783,21001577,0.01531447,0.00037219,1
1505275638,21001160,0.01531447,9.99962781,1
1505275588,21001014,0.01534301,1.02868441,1
1505275585,21001010,0.01534301,0.11007909,1
1505275585,21001009,0.01534305,1.88992091,1
1505275582,21001002,0.01534306,2.00000000,1
1505275579,21001001,0.01534305,2.00000000,1
1505275577,21000996,0.01534302,2.00000000,1
1505275537,21000950,0.01534325,7.73686345,1
1505275536,21000942,0.01534324,1.95609100,1
1505275504,21000885,0.01534314,1.95527250,1
1505275344,21000508,0.01534299,0.00000007,1
1505275344,21000506,0.01534299,8.47978800,1
1505274710,20999706,0.01532361,20.26874921,1
1505274710,20999705,0.01532686,5.25615583,1
1505274709,20999699,0.01536517,0.41000000,1
1505274197,20998991,0.01530063,4.96195832,1
1505274192,20998977,0.01532282,0.33928000,1
1505274192,20998975,0.01537450,0.70210202,1
1505274192,20998974,0.01537457,0.64974710,1
1505274148,20998898,0.01537446,0.64751618,1
1505274144,20998885,0.01537451,0.64751408,1
1505274120,20998804,0.01526331,0.54000000,0
1505274119,20998803,0.01526331,1.24723400,0
1505274118,20998797,0.01526331,5.76774214,0
1505274118,20998796,0.01526296,9.42168886,0
1505274118,20998795,0.01526296,1.18599500,0
1505274114,20998779,0.01526353,0.63000000,0
1505274113,20998774,0.01526354,14.68773800,1
1505274113,20998772,0.01526354,8.08426200,1
1505274110,20998757,0.01526353,31.37540100,1
1505274108,20998753,0.01526350,12.82413786,1
1505274108,20998752,0.01526352,10.60730114,1
1505274107,20998748,0.01526346,5.57828500,1
1505274107,20998747,0.01526346,10.60730114,1
1505274107,20998746,0.01526346,14.65981411,1
1505274107,20998744,0.01529556,0.53000000,1
1505274020,20998467,0.01526249,46.01875000,1
1505274020,20998466,0.01526249,2.51782200,1
1505274019,20998463,0.01526249,10.25534329,1
1505274019,20998462,0.01532799,0.82000000,1
1505273842,20998166,0.01537551,1.73133000,0
1505273841,20998162,0.01537551,7.12850000,0
1505273840,20998161,0.01537548,4.35450000,0
1505273749,20997963,0.01528332,1.30270858,1
1505273749,20997962,0.01533224,2.63800242,1
1505273680,20997849,0.01536528,10.50419727,1
1505273611,20997788,0.01538604,13.88433500,0
1505273611,20997787,0.01538604,3.14926900,0
1505273603,20997778,0.01538604,6.63160700,0
1505273594,20997755,0.01538604,10.25508500,0
1505273592,20997750,0.01538601,1.00000000,0
1505273577,20997740,0.01538986,6.33660000,1
1505273571,20997732,0.01538979,1.00000000,1
1505273551,20997669,0.01531923,10.47007200,0
1505273551,20997668,0.01530000,7.66818400,0
1505273510,20997506,0.01531928,3.62528400,1
1505273510,20997505,0.01531928,3.35108588,1
1505273509,20997502,0.01531928,4.59243700,0
1505273509,20997500,0.01531928,3.35108600,0
1505273509,20997499,0.01531926,2.77158152,0
1505273504,20997487,0.01530001,3.65690600,0
1505273504,20997485,0.01530001,2.98086040,0
1505273504,20997484,0.01530001,0.44539856,0
1505273483,20997391,0.01521107,24.99999688,1
1505273481,20997385,0.01526569,0.00000312,1
1505273469,20997352,0.01529573,0.65084907,1
1505273465,20997345,0.01530000,7.08316467,0
1505273465,20997342,0.01530000,6.67656500,0
1505273465,20997340,0.01529999,12.44494836,0
1505273465,20997337,0.01529573,7.99027272,0
1505273465,20997336,0.01529573,13.12245625,0
1505273413,20997220,0.01526569,0.28660000,1
1505273387,20997155,0.01526569,0.71339688,0
1505273354,20996985,0.01521902,3.94168997,1
1505273340,20996921,0.01521904,3.50105536,1
1505273339,20996919,0.01521909,33.59516100,1
1505273331,20996892,0.01529958,85.04510050,1
1505273330,20996891,0.01529958,4.98919009,1
1505273328,20996886,0.01529958,45.92689608,1
1505273328,20996885,0.01529951,30.03881872,0
1505273328,20996884,0.01520032,3.27147460,0
1505273327,20996881,0.01520032,3.50105536,1
1505273327,20996880,0.01521901,0.65413004,1
1505273311,20996831,0.01519596,7.90621653,1
1505273310,20996827,0.01521901,1.12181428,0
1505273301,20996792,0.01519591,12.48019420,1
1505273301,20996790,0.01520066,0.17109335,1
1505273301,20996788,0.01521599,0.56000000,1
1505273301,20996787,0.01521900,1.24620000,1
1505273301,20996786,0.01521901,20.43094245,1
1505273300,20996779,0.01521901,9.25305755,1
1505273300,20996778,0.01527505,0.00000045,1
1505273283,20996628,0.01529995,1.48687214,0
1505273275,20996585,0.01527505,0.01815144,1
1505273275,20996584,0.01530001,0.44539856,1
1505273269,20996534,0.01530000,10.35722177,1
1505273267,20996522,0.01530000,1.21365134,1
1505273254,20996411,0.01530000,3.46470525,1
1505273252,20996398,0.01530000,4.96442164,1
1505273247,20996340,0.01527505,2.68902000,0
1505273246,20996337,0.01526740,1.35816337,0
1505273245,20996324,0.01527505,1.21365134,1
1505273244,20996323,0.01530001,1.47537077,1
1505273242,20996307,0.01530001,1.23180300,1
1505273241,20996296,0.01530001,1.21365100,1
1505273232,20996223,0.01527505,0.06074660,1
1505273232,20996221,0.01530000,2.98086040,1
1505273223,20996154,0.01530000,1.21365100,1
1505273210,20996060,0.01530003,1.83439800,1
1505273206,20996028,0.01530000,15.80548860,1
1505273206,20996026,0.01530007,3.92080940,1
1505273206,20996025,0.01531928,3.62478800,1
1505273182,20995894,0.01531911,3.62478800,0
1505273180,20995881,0.01530001,13.51911079,1
1505273180,20995880,0.01530567,0.18881936,1
1505273180,20995879,0.01531395,0.75000000,1
1505273180,20995878,0.01531912,3.91593369,1
1505273179,20995875,0.01531926,0.11025235,1
1505273179,20995872,0.01531928,2.49997681,1
1505273178,20995860,0.01531928,2.09246019,1
1505273178,20995858,0.01531933,1.82347350,1
1505273177,20995844,0.01531932,1.73396669,1
1505273167,20995775,0.01531929,2.18196700,1
1505273165,20995768,0.01531928,1.65288328,1
1505273165,20995766,0.01531928,2.26301463,1
1505273162,20995710,0.01531928,2.32942237,1
1505273157,20995658,0.01531926,3.80564556,1
1505273151,20995623,0.01531934,4.66755013,1
1505273147,20995614,0.01531927,4.60848762,1
1505273141,20995588,0.01531927,4.59243953,1
1505273138,20995561,0.01531925,89.33981755,1
1505273136,20995547,0.01531925,4.91780579,1
1505273126,20995458,0.01531923,1.15544974,1
1505273125,20995441,0.01531923,4.46087306,1
1505273124,20995433,0.01531923,37.05159200,1
1505273121,20995402,0.01531922,4.69042396,1
1505273118,20995384,0.01537386,0.78447975,0
1505272708,20994793,0.01543561,6.49245479,1
1505272691,20994744,0.01549545,4.66181500,0
1505272556,20994412,0.01549474,17.11247994,1
1505272059,20993924,0.01550641,1.00000000,0
1505272059,20993923,0.01550638,0.70884951,0
1505272032,20993874,0.01549631,1.41111051,0
1505272032,20993873,0.01549631,0.41325153,0
1505272031,20993872,0.01549631,6.64230100,0
1505272028,20993863,0.01549629,4.91997900,1
1505271965,20993769,0.01542977,2.41250452,1
1505271965,20993768,0.01542977,5.08668179,0
1505271888,20993725,0.01534031,2.78775332,1
1505271881,20993704,0.01534031,1.12240236,1
1505271739,20993524,0.01537189,1.00000000,1
1505271725,20993518,0.01540958,1.78649924,0
1505271659,20993430,0.01540984,24.68232557,0
1505271626,20993364,0.01530003,9.11746160,1
1505271617,20993328,0.01532236,3.64175425,1
1505271605,20993311,0.01534042,22.43804500,1
1505271211,20992961,0.01547937,0.00618267,1
1505271210,20992958,0.01547937,0.66202978,1
1505271210,20992957,0.01547937,31.55550660,0
1505271177,20992923,0.01538996,0.99157502,1
1505271177,20992922,0.01539000,0.00842498,1
1505271171,20992901,0.01539000,0.21344322,1
1505271171,20992899,0.01539000,0.49442171,1
1505271167,20992881,0.01539001,4.07910776,1
1505271167,20992880,0.01539001,1.49442200,1
1505271074,20992622,0.01539001,4.81731252,1
1505271060,20992544,0.01539001,0.75621724,1
1505271060,20992543,0.01539002,4.81731276,1
1505271047,20992486,0.01539000,0.68047829,1
1505271047,20992483,0.01540000,1.99681371,1
1505271020,20992341,0.01540000,25.00000000,1
1505271020,20992340,0.01540001,49.86477346,1
1505271020,20992339,0.01540020,25.00000000,1
1505271020,20992337,0.01545016,0.25600000,1
1505271020,20992336,0.01545017,0.00000049,1
1505270960,20992158,0.01545017,5.55182700,1
1505270954,20992101,0.01549482,1.00000000,1
1505270941,20992013,0.01549482,1.00000000,1
1505270941,20992007,0.01550000,8.77161290,1
1505270899,20991839,0.01550001,4.56721925,1
1505270855,20991756,0.01552191,1.00000000,1
1505270747,20991528,0.01550000,11.22838710,1
1505270709,20991481,0.01555520,1.00000000,1
1505270679,20991437,0.01556561,12.48000000,1
1505270665,20991407,0.01559603,0.36655304,1
1505270665,20991406,0.01562000,0.03690920,1
1505270664,20991403,0.01562000,0.46309080,1
1505270645,20991371,0.01565000,0.00000023,1
1505270645,20991369,0.01565000,3.79313700,1
1505270644,20991368,0.01565000,6.20686277,1
1505270644,20991367,0.01565000,0.00000023,1
1505270510,20991162,0.01565028,1.00000000,1
1505270502,20991148,0.01565148,1.00000000,1
1505270490,20991130,0.01565148,1.00000000,1
1505270478,20991117,0.01565148,1.00000000,1
1505270466,20991100,0.01565148,1.00000000,1
1505270459,20991078,0.01565148,1.00000000,1
1505270443,20991063,0.01565149,1.00000000,1
1505270437,20991060,0.01565149,1.00000000,1
1505270404,20991042,0.01565000,4.16115377,1
1505270403,20991041,0.01565148,1.00000000,1
1505270403,20991040,0.01565151,11.49936123,1
1505270382,20991022,0.01565196,5.16115400,1
1505270097,20990694,0.01571448,12.48000000,1
1505270030,20990675,0.01582378,24.00000000,0
1505269987,20990654,0.01582392,1.45000000,0
1505269795,20990475,0.01582636,70.18032383,1
1505269794,20990474,0.01578000,0.49910988,0
1505269794,20990473,0.01578000,0.48883766,0
1505269794,20990472,0.01576000,0.47120582,0
1505269793,20990471,0.01575999,1.26888152,0
1505269765,20990456,0.01573000,0.22000000,0
1505269765,20990455,0.01572995,0.00000028,0
1505269730,20990438,0.01572995,2.54704000,0
1505269717,20990427,0.01572995,24.23053500,0
1505269716,20990426,0.01572995,14.17705800,0
1505269709,20990419,0.01572995,2.54704000,0
1505269637,20990364,0.01572495,0.82000000,0
1505269585,20990283,0.01572578,2.57209435,0
1505269523,20990229,0.01572658,0.82453973,0
1505269348,20990041,0.01565000,20.83884600,1
1505269302,20989968,0.01572995,0.22000000,0
1505269246,20989837,0.01573000,0.28000000,0
1505269054,20989528,0.01571595,0.69708000,0
1505269049,20989524,0.01571596,5.90000000,0
1505269045,20989522,0.01571596,1.00000000,0
1505269036,20989507,0.01571596,0.69708000,0
1505269031,20989504,0.01571596,1.00000000,0
1505269023,20989478,0.01571603,0.99999993,0
1505269023,20989476,0.01566676,0.00000007,0
1505269005,20989459,0.01565000,1.99500000,0
1505268955,20989406,0.01566676,1.03562100,0
1505268946,20989381,0.01571957,1.00000000,0
1505268944,20989376,0.01566681,0.13000567,1
1505268944,20989375,0.01566681,0.49999995,1
1505268944,20989374,0.01570000,0.50000000,1
1505268933,20989362,0.01571969,0.50000000,0
1505268928,20989352,0.01566681,0.13619700,1
1505268928,20989351,0.01570000,0.50000000,1
1505268928,20989350,0.01570000,0.50000000,1
1505268923,20989344,0.01571973,0.49867985,0
1505268917,20989330,0.01563000,1.37949481,0
1505268912,20989294,0.01562999,12.48000000,0
1505268910,20989278,0.01563120,1.03600000,1
1505268908,20989261,0.01563120,17.58954200,1
1505268907,20989258,0.01563120,1.35581200,1
1505268906,20989257,0.01572000,0.00132015,0
1505268906,20989256,0.01571547,0.49867985,0
1505268905,20989253,0.01563120,0.01864600,1
1505268905,20989252,0.01572000,0.50000000,1
1505268900,20989220,0.01572210,0.50000000,0
1505268894,20989208,0.01572220,0.50000000,0
1505268889,20989163,0.01572225,0.50000000,0
1505268880,20989139,0.01573000,0.50000000,1
1505268869,20989108,0.01573981,0.50000000,0
1505268863,20989091,0.01573986,0.50000000,0
1505268858,20989086,0.01574983,2.39827985,0
1505268855,20989082,0.01574000,0.50000000,1
1505268848,20989059,0.01575000,0.04313726,1
1505268847,20989058,0.01575000,0.45686274,1
1505268840,20989044,0.01563122,0.26855800,1
1505268839,20989043,0.01576000,0.02810750,1
1505268837,20989038,0.01576166,0.50000000,0
1505268835,20989034,0.01576000,0.47189250,1
1505268828,20989015,0.01577000,0.04729565,1
1505268828,20989012,0.01577000,0.45270435,1
1505268820,20988998,0.01578000,0.01000000,1
1505268820,20988995,0.01578000,0.49000000,0
1505268819,20988993,0.01578000,0.01000000,1
1505268818,20988992,0.01578000,0.49000000,1
1505268811,20988967,0.01578000,0.50000000,1
1505268804,20988923,0.01579944,0.50000000,0
1505268782,20988802,0.01570000,0.50000000,1
1505268781,20988800,0.01570000,7.36066200,1
1505268781,20988799,0.01578000,0.50000000,1
1505268777,20988782,0.01580000,0.50000000,1
1505268774,20988772,0.01570000,12.13933800,1
1505268773,20988771,0.01570000,12.62794300,1
1505268772,20988768,0.01581000,0.01139453,1
1505268771,20988763,0.01581000,0.48860547,1
1505268769,20988752,0.01570000,7.37205700,1
1505268768,20988741,0.01582000,0.50000000,1
1505268765,20988730,0.01573000,0.50000000,1
1505268763,20988728,0.01583000,0.50000000,1
1505268757,20988706,0.01584000,0.50000000,1
1505268749,20988666,0.01573000,3.25688065,1
1505268748,20988657,0.01573000,4.98692100,1
1505268742,20988635,0.01574978,1.00000000,1
1505268736,20988615,0.01577417,0.61973500,1
1505268736,20988614,0.01578000,0.50000000,1
1505268713,20988579,0.01578059,1.23653297,1
1505268708,20988575,0.01579252,1.00000000,1
1505268704,20988557,0.01573001,2.18732467,1
1505268704,20988556,0.01579252,1.00000000,1
1505268704,20988555,0.01580000,1.00000000,1
1505268704,20988554,0.01580550,45.81267533,1
1505268695,20988521,0.01580550,22.73630428,1
1505268695,20988520,0.01580551,2.46369572,1
1505268684,20988506,0.01580550,45.08425105,1
1505268684,20988504,0.01580587,4.91574895,1
1505268659,20988459,0.01580579,50.00000000,1
1505268409,20988305,0.01583463,2.41531005,0
1505268409,20988304,0.01583463,12.58468995,1
1505268402,20988303,0.01583460,50.00000000,1
1505268390,20988280,0.01583449,0.00163980,1
1505268390,20988279,0.01583453,26.89836020,1
1505268376,20988273,0.01581997,1.53800000,1
1505268376,20988272,0.01587078,1.00000000,1
1505268376,20988271,0.01587079,27.74200000,1
1505268365,20988253,0.01588230,3.38375726,0
1505268365,20988250,0.01588239,9.09624274,1
1505263484,20985939,0.01599780,4.72628689,0
1505263463,20985924,0.01596777,5.99954500,1
1505262435,20984991,0.01596746,12.48000000,0
1505262420,20984978,0.01596759,3.52152265,0
1505262143,20984637,0.01586519,5.99967603,1
1505261940,20984247,0.01586301,1.00000000,1
1505261187,20983821,0.01591098,28.48788922,0
