date,tid,price,amount,type
1505346890,21103045,51.80,13.25000000,0
1505346628,21102919,51.83,18.68172677,0
1505346617,21102913,51.91,1.03756502,0
1505346527,21102834,51.93,1.36210000,1
1505346527,21102833,51.94,6.64680744,1
1505346459,21102610,52.10,0.77614400,0
1505346459,21102605,52.10,6.29385600,0
1505346241,21102503,51.82,0.00449606,0
1505346220,21102488,51.81,0.90514481,0
1505346213,21102484,51.81,0.47007232,1
1505346204,21102476,51.99,1.36369000,0
1505346191,21102461,51.99,0.10743852,1
1505346190,21102460,51.99,1.25126148,1
1505345362,21101802,52.55,2.01198858,0
1505344653,21101511,52.66,39.73300625,1
1505344652,21101510,52.66,54.88699375,1
1505344651,21101508,52.55,15.38000000,0
1505344412,21101366,52.73,1.34425008,1
1505344395,21101359,52.75,10.73032221,1
1505344216,21101318,52.75,7.63994034,1
1505344216,21101317,52.76,0.00005466,1
1505344214,21101315,52.76,1.34097783,1
1505344134,21101297,52.79,0.00000014,1
1505344132,21101296,52.87,1.34276033,0
1505343714,21101166,52.79,1.24514500,1
1505343697,21101163,52.79,0.10000000,0
1505343671,21101158,52.73,1.25126120,0
1505343671,21101157,52.73,0.10000000,0
1505343671,21101156,52.72,0.82313137,0
1505343671,21101155,52.72,0.52846843,0
1505343649,21101142,52.69,1.24689391,1
1505343647,21101141,52.69,0.10000000,0
1505343630,21101133,52.61,0.00000030,0
1505343630,21101132,52.61,1.25452000,0
1505343630,21101131,52.61,0.10000000,0
1505343630,21101130,52.61,0.58153157,0
1505343630,21101128,52.61,0.77296508,0
1505343536,21101088,52.60,1.70000000,0
1505343404,21101018,52.58,13.39000000,1
1505343374,21101003,52.57,1.99000000,1
1505343371,21101002,52.59,1.00000000,1
1505343370,21101001,52.59,1.00000000,0
1505343369,21101000,52.59,2.00000000,0
1505343368,21100999,52.59,2.00000000,0
1505343367,21100997,52.56,2.00000000,1
1505343134,21100853,52.59,4.64120839,1
1505343133,21100849,52.59,0.10000000,0
1505342987,21100728,52.42,5.18688900,0
1505342986,21100726,52.42,3.49612189,0
1505342986,21100725,52.40,2.09872611,0
1505342498,21100443,52.19,0.11420421,1
1505342497,21100442,52.55,0.10000000,0
1505342493,21100441,52.54,0.00000226,1
1505342493,21100440,52.54,1.34599000,1
1505342476,21100435,52.49,0.10000000,0
1505342476,21100434,52.48,1.35780217,0
1505342426,21100392,52.39,4.00000000,0
1505342418,21100366,52.39,3.00000000,0
1505342395,21100319,52.36,1.00000000,0
1505342393,21100318,52.11,2.00000000,1
1505342172,21100119,52.39,0.00000030,1
1505342114,21100046,52.39,1.25452000,1
1505342108,21100041,52.39,0.10000000,0
1505342100,21100031,52.36,1.36101069,0
1505341947,21099882,52.35,0.82771116,1
1505341937,21099871,52.35,0.52846843,0
1505341935,21099869,52.35,0.58153157,0
1505341927,21099861,52.35,0.38829235,0
1505341927,21099860,52.35,0.10000000,0
1505341927,21099859,52.35,0.10000000,0
1505341926,21099855,52.33,1.36170765,0
1505341857,21099744,52.30,8.74716960,0
1505341765,21099680,52.22,13.00000000,0
1505341732,21099667,52.00,14.75000000,1
1505341674,21099609,51.99,0.25000000,1
1505341630,21099580,51.91,0.00005815,0
1505341629,21099578,51.91,1.41994185,0
1505341628,21099577,51.91,2.66000000,1
1505341628,21099576,51.94,4.56000000,1
1505341627,21099575,51.95,1.36000000,1
1505341625,21099573,52.08,9.00000000,1
1505341617,21099555,51.93,8.72000000,0
1505341616,21099553,51.94,13.28000000,1
1505341597,21099529,51.94,22.00000000,1
1505341544,21099482,51.95,13.75000000,1
1505341502,21099452,51.95,2.00000000,1
1505341461,21099419,52.29,1.90763052,0
1505341440,21099390,51.97,7.58000000,1
1505341440,21099389,51.97,2.67000000,1
1505341440,21099388,51.98,15.00000000,1
1505341322,21099346,51.98,3.50000000,1
1505341227,21099296,51.97,5.00000000,1
1505340991,21099155,52.11,6.00000000,0
1505340988,21099154,52.11,1.23045500,0
1505340986,21099153,52.15,13.88000000,1
1505340977,21099146,52.11,17.41000000,0
1505340975,21099145,52.15,15.34000000,1
1505340966,21099142,52.14,22.00000000,1
1505340966,21099141,52.19,11.00000000,1
1505340958,21099138,52.14,2.50000000,1
1505340944,21099124,52.01,4.25000000,1
1505340944,21099123,52.02,15.00000000,1
1505340932,21099120,52.00,0.96000000,1
1505340932,21099119,52.00,15.00000000,1
1505340931,21099118,52.02,17.04000000,1
1505340916,21099113,52.06,0.50000000,1
1505340902,21099098,52.03,1.00000000,1
1505340818,21099053,52.30,0.29435946,0
1505340748,21099013,52.30,0.31810843,0
1505340683,21098903,52.30,26.00000000,0
1505340614,21098791,52.29,1.35780217,0
1505340601,21098777,52.29,9.09000000,0
1505340601,21098776,52.29,0.10000000,0
1505340601,21098775,52.25,1.36370614,0
1505340601,21098773,52.25,0.00000032,0
1505340589,21098765,52.19,0.10000000,0
1505340578,21098747,52.18,29.11000000,0
1505340483,21098682,52.03,0.20000000,0
1505340427,21098585,52.19,7.95478060,1
1505340426,21098584,52.06,2.25000000,0
1505340426,21098583,52.03,11.23000000,0
1505340424,21098582,51.99,0.10000000,0
1505340378,21098558,51.93,15.38000000,0
1505340375,21098557,51.89,0.10000000,0
1505340330,21098524,51.79,0.10000000,0
1505340282,21098450,51.69,1.00000000,1
1505340262,21098428,51.70,20.00000000,1
1505340200,21098377,51.51,2.98800000,1
1505340140,21098317,51.52,1.38295787,0
1505340106,21098296,51.51,1.38322655,1
1505340080,21098282,51.52,0.10742468,1
1505340080,21098281,51.52,1.27018532,1
1505340036,21098258,51.59,3.00000000,1
1505339507,21098064,51.69,0.10000000,0
1505339117,21097873,51.68,10.00023000,0
1505338857,21097681,51.71,1.57765800,1
1505338363,21097463,51.55,47.06000000,1
1505338311,21097441,51.60,19.13904796,1
1505338034,21097323,51.73,6.96795582,0
1505338033,21097322,51.73,2.41995341,0
1505337950,21097283,51.53,5.73385706,1
1505337797,21097188,51.68,2.42033925,1
1505337765,21097179,51.68,19.30000000,1
1505337698,21097146,51.70,53.00000000,1
1505337695,21097144,51.69,47.00000000,0
1505337656,21097118,51.68,18.73510043,1
1505337646,21097113,51.68,9.54456032,1
1505337645,21097112,51.70,2.56980695,1
1505337645,21097111,51.70,1.28880040,1
1505337645,21097110,51.72,2.42000000,1
1505337645,21097109,51.80,0.15000000,1
1505337645,21097108,51.80,0.00000019,1
1505337625,21097079,51.80,18.99999981,1
1505337607,21097073,51.80,1.00000000,1
1505337485,21096990,51.87,4.38797000,1
1505337342,21096865,51.87,0.15000000,0
1505337308,21096851,51.88,0.28791378,0
1505337293,21096843,51.96,14.97826034,1
1505337277,21096831,51.96,31.74173966,1
1505337277,21096830,52.00,0.00000034,1
1505337252,21096820,52.00,0.14999966,1
1505337252,21096819,52.00,58.03036234,1
1505337217,21096755,52.00,141.96963766,1
1505337217,21096754,52.01,28.71000000,1
1505337089,21096709,52.01,0.98640947,1
1505337020,21096680,52.17,6.80023000,0
1505337020,21096679,52.14,0.10000000,0
1505337019,21096677,52.09,0.10000000,0
1505336971,21096655,52.01,5.80000000,1
1505336901,21096628,52.08,18.52026497,1
1505336899,21096627,52.04,0.10000000,0
1505336893,21096625,52.01,30.00000000,1
1505336878,21096621,52.01,1.84144700,0
1505336867,21096612,52.01,2.23200000,1
1505336735,21096567,52.01,4.39050200,1
1505336453,21096383,51.99,19.00000000,1
1505336416,21096367,52.16,1.36101069,0
1505336408,21096354,52.19,2.71111572,1
1505336408,21096353,52.19,6.64546600,1
1505336408,21096352,52.18,0.10000000,0
1505336406,21096350,52.14,0.10000000,0
1505336179,21096252,52.17,5.06030960,0
1505336178,21096251,52.15,2.63829235,0
1505336178,21096250,52.14,0.10000000,0
1505336176,21096249,52.07,0.30000000,0
1505336155,21096243,51.95,21.72000000,1
1505336155,21096242,51.90,25.00000000,0
1505336149,21096241,51.89,25.00000000,0
1505336037,21096184,52.01,46.72000000,1
1505336032,21096177,51.99,28.57270000,1
1505336032,21096176,52.01,1.36370614,1
1505336002,21096144,52.09,3.77980419,0
1505335994,21096140,52.09,1.16125743,1
1505335986,21096098,52.14,9.56559264,1
1505335975,21096091,52.09,0.10000000,1
1505335909,21096049,52.15,1.36170765,0
1505335884,21096034,52.14,0.95665516,0
1505335875,21096027,52.09,0.10000000,0
1505335852,21096006,52.01,1.27018500,0
1505335852,21096005,52.01,0.10000000,0
1505335769,21095922,51.99,0.10000000,0
1505335757,21095908,51.91,0.00000244,0
1505335756,21095906,51.91,1.37265000,0
1505335707,21095843,51.89,0.10000000,0
1505335697,21095820,51.73,0.10742488,1
1505335696,21095818,51.79,0.10000000,0
1505335627,21095730,51.67,4.03347865,0
1505335612,21095724,51.67,25.07284300,0
1505335608,21095720,51.67,9.00000000,0
1505335574,21095674,51.67,23.16624734,0
1505335556,21095653,51.67,2.00000000,0
1505335553,21095651,51.67,3.00000000,0
1505335517,21095627,51.67,1.00000000,0
1505335507,21095616,51.67,24.01246300,0
1505335507,21095615,51.66,1.01000000,0
1505335500,21095606,51.66,1.00000000,0
1505335485,21095592,51.66,1.00000000,0
1505335476,21095585,51.67,5.41000000,0
1505335476,21095584,51.66,1.59000000,0
1505335451,21095567,51.67,345.93000000,0
1505335451,21095566,51.66,2.32000000,0
1505335437,21095555,51.67,56.50000000,0
1505335430,21095550,51.67,4.93963227,0
1505335429,21095548,51.66,2.76000000,0
1505335421,21095540,51.67,2.32661332,0
1505335421,21095539,51.67,4.36241668,0
1505335415,21095535,51.67,10.07083000,0
1505335415,21095534,51.66,3.28000000,0
1505335415,21095533,51.66,1.38000000,0
1505335411,21095530,51.55,1.38242142,1
1505335410,21095526,51.67,1.37265244,0
1505335409,21095522,51.67,6.00000000,0
1505335407,21095518,51.67,4.40294200,0
1505335400,21095509,51.67,10.64341700,0
1505335400,21095508,51.66,4.04000000,0
1505335398,21095505,51.66,0.75878887,0
1505335372,21095480,51.67,5.75000000,0
1505335369,21095477,51.67,1.66808592,0
1505335366,21095473,51.67,7.95714400,0
1505335364,21095464,51.67,30.84816600,0
1505335362,21095460,51.66,4.80000000,0
1505335354,21095445,51.67,0.05000000,0
1505335354,21095444,51.66,5.70000000,0
1505335327,21095402,51.67,27.99090291,0
1505335326,21095401,51.66,0.00000514,0
1505335326,21095399,51.66,6.76999486,0
1505335326,21095398,51.66,0.63636314,0
1505335303,21095372,51.54,19.30000000,1
1505335300,21095371,51.66,6.81145400,0
1505335192,21095263,51.67,18.19344300,0
1505335189,21095262,51.66,9.33000000,0
1505335150,21095255,51.66,1.60696700,0
1505335141,21095247,51.67,20.00000000,1
1505335141,21095246,51.68,0.00000005,1
1505335141,21095245,51.77,50.69000000,1
1505335135,21095237,51.77,9.31000000,1
1505335107,21095229,51.77,10.56323000,0
1505335042,21095191,51.77,9.63492370,0
1505335034,21095181,51.72,15.30529400,1
1505334976,21095148,51.80,0.15000000,1
1505334703,21094994,51.89,1.00000000,0
1505334584,21094907,51.90,1.00000000,0
1505334565,21094848,51.90,2.70000000,0
1505334565,21094847,51.90,54.00000000,0
1505334564,21094846,51.89,0.10000000,0
1505334564,21094845,51.88,1.59000000,0
1505334492,21094822,51.73,1.59000000,1
1505334492,21094821,51.75,34.91000000,1
1505334435,21094800,51.98,0.00032000,0
1505334435,21094799,51.89,0.10000000,0
1505334336,21094730,51.92,15.00000000,1
1505334196,21094666,51.84,6.53031745,1
1505334196,21094665,51.91,4.24000000,1
1505334194,21094664,51.94,2.85072658,1
1505334158,21094628,52.06,0.00535900,0
1505334158,21094627,51.99,0.10000000,0
1505334053,21094571,51.94,12.19098942,1
1505333919,21094474,52.05,9.90023000,0
1505333918,21094472,51.99,0.10000000,0
1505333858,21094431,51.85,4.24000000,0
1505333851,21094397,51.89,0.10000000,0
1505333851,21094396,51.88,10.06000000,0
1505333843,21094385,51.86,21.76000000,0
1505333843,21094384,51.85,5.03000000,0
1505333837,21094376,51.86,5.03000000,0
1505333835,21094372,51.86,10.00023000,0
1505333748,21094327,51.79,0.10000000,0
1505333748,21094326,51.79,0.13517798,0
1505333731,21094298,51.72,0.10459348,0
1505333698,21094221,51.72,0.30826764,0
1505333676,21094195,51.70,2.77440873,0
1505333658,21094177,51.70,1.00000000,0
1505333653,21094172,51.72,3.71574999,0
1505333651,21094167,51.69,16.02755500,1
1505333651,21094162,51.71,7.00000000,0
1505333648,21094161,51.71,14.00000000,0
1505333645,21094157,51.71,9.57957841,0
1505333643,21094153,51.70,4.04146562,0
1505333613,21094119,51.68,4.04149995,1
1505333613,21094118,51.68,4.04150000,1
1505333612,21094116,51.68,3.63731905,1
1505333612,21094115,51.68,4.04150000,1
1505333594,21094073,51.69,0.10000000,0
1505333588,21094049,51.51,2.25917755,1
1505333588,21094048,51.66,0.00000045,1
1505333577,21094028,51.66,6.39586300,1
1505333577,21094027,51.66,5.81817100,1
1505333575,21094023,51.65,2.78596555,0
1505333566,21093997,51.65,0.15767080,0
1505333565,21093992,51.64,5.40000000,0
1505333564,21093987,51.65,0.63636365,1
1505333563,21093985,51.65,2.42000000,1
1505333517,21093914,51.69,0.49400000,1
1505333517,21093913,51.69,0.10000000,0
1505333496,21093887,51.68,1.18800000,0
1505333475,21093869,51.59,0.10000000,0
1505333378,21093697,51.47,0.30976034,0
1505333371,21093689,51.29,6.79732600,0
1505333371,21093688,51.29,28.25000000,0
1505333360,21093673,51.37,48.43200000,0
1505333355,21093665,51.44,28.25000000,0
1505333353,21093661,51.37,4.53510549,0
1505333353,21093660,51.32,16.18296961,1
1505333342,21093639,51.49,11.25000000,1
1505333336,21093629,51.49,0.10199563,1
1505333335,21093628,51.49,9.04857084,1
1505333335,21093627,51.49,0.09943353,0
1505333335,21093626,51.48,2.00000000,0
1505333333,21093625,51.31,19.99980511,0
1505333328,21093609,51.31,19.41297993,1
1505333324,21093602,51.28,44.18340278,1
1505333324,21093600,51.30,23.27074522,1
1505333323,21093599,51.31,1.37983900,1
1505333322,21093598,51.31,40.99895300,1
1505333322,21093597,51.31,1.62120800,1
1505333319,21093592,51.30,1.37925478,1
1505333319,21093591,51.35,0.00058422,1
1505333313,21093585,51.35,19.99941578,1
1505333304,21093577,51.34,37.00377900,1
1505333291,21093571,51.34,14.99622100,1
1505333207,21093465,51.44,3.00000000,0
1505333183,21093455,51.49,0.00056647,0
1505333183,21093454,51.40,12.34085604,1
1505333181,21093453,51.40,5.65880749,0
1505333155,21093434,51.33,0.17436197,0
1505333153,21093433,51.32,5.65666407,0
1505333138,21093423,51.29,1.48993800,1
1505333082,21093344,51.24,2.31089000,1
1505333065,21093334,51.20,4.12861111,1
1505333027,21093311,51.39,1.00000000,0
1505333020,21093286,51.40,0.90000000,1
1505333019,21093285,51.39,0.10000000,0
1505332793,21093110,51.21,15.64993160,1
1505332793,21093109,51.21,6.15000000,1
1505332668,21093033,51.26,9.95223780,1
1505332501,21092911,51.25,8.25000000,1
1505332433,21092843,51.24,9.40000000,1
1505332420,21092828,51.48,3.87453875,0
1505332391,21092820,51.21,22.60000000,1
1505332391,21092819,51.21,16.40000000,1
1505332211,21092696,51.23,11.88300903,1
1505332130,21092638,51.27,1.17000000,1
1505332130,21092637,51.55,1.69888165,1
1505332090,21092617,51.20,8.20000000,1
1505332090,21092616,51.53,8.61090626,0
1505332088,21092615,51.49,0.10000000,0
1505331867,21092493,51.29,0.02514036,0
1505331863,21092488,51.29,4.97485964,1
1505331863,21092487,51.30,15.00000000,1
1505331856,21092482,51.46,10.00023000,0
1505331825,21092446,51.39,5.90000000,1
1505331823,21092442,51.39,0.10000000,0
1505331591,21092301,51.29,9.88865800,1
1505331591,21092300,51.30,4.00000000,1
1505331448,21092168,51.67,8.28836849,0
1505331447,21092164,51.59,0.10000000,0
1505331447,21092162,51.59,0.10000000,0
1505331447,21092160,51.49,0.10000000,0
1505331445,21092156,51.39,0.10000000,0
1505331222,21091960,51.29,0.13647884,1
1505331211,21091946,51.35,0.13579049,1
1505331036,21091693,51.55,3.00023000,0
1505330838,21091552,51.56,0.09658650,0
1505330736,21091519,51.39,0.50000000,1
1505330733,21091518,51.74,1.45689988,0
1505330732,21091517,51.69,0.10000000,0
1505330732,21091516,51.60,9.08207509,0
1505330732,21091515,51.59,0.00000502,0
1505330730,21091514,51.58,8.69153049,0
1505330706,21091507,51.59,0.09999498,0
1505330706,21091506,51.59,1.86459202,0
1505330677,21091483,51.43,0.10000000,1
1505330640,21091437,51.42,0.30000000,1
1505330591,21091422,51.41,8.49153049,1
1505330590,21091421,51.58,0.13580000,1
1505330590,21091420,51.58,0.13580000,1
1505330590,21091419,51.58,0.13580000,1
1505330590,21091418,51.58,0.13580000,1
1505330590,21091417,51.58,0.13580000,1
1505330590,21091416,51.58,0.13580000,1
1505330590,21091415,51.58,0.13580000,1
1505330589,21091414,51.58,0.13580000,1
1505330589,21091413,51.58,0.00000951,1
1505330402,21091286,51.59,1.00023000,0
1505330270,21091202,51.55,0.13579049,0
1505330267,21091199,51.59,0.13517798,0
1505330248,21091178,51.61,0.91790000,1
1505330248,21091177,51.61,0.00002491,1
1505330154,21091127,51.73,0.00012371,1
1505329983,21091011,51.73,4.67987629,1
1505329982,21091010,51.90,3.70173410,0
1505329982,21091009,51.89,0.10000000,0
1505329981,21091008,51.79,0.10000000,0
1505329754,21090922,51.73,25.32000000,1
1505329754,21090921,51.74,14.68000000,1
1505329468,21090748,51.76,3.00000000,1
1505329367,21090659,52.06,0.18659733,0
1505329337,21090634,52.08,2.79652547,0
1505329012,21090453,52.08,7.33390300,0
1505328982,21090421,52.08,0.50000000,0
1505328960,21090414,52.03,0.49050000,1
1505328960,21090413,52.03,0.00010670,1
1505328959,21090411,52.08,0.50000000,0
1505328951,21090402,52.05,17.14870577,1
1505328934,21090395,52.08,7.66129032,0
1505328852,21090308,52.05,24.09086813,1
1505328657,21090209,52.06,1.00000000,1
1505328636,21090165,52.05,2.00000000,1
1505328563,21090122,52.05,3.54042610,1
1505328563,21090121,52.11,0.88627900,1
1505328505,21090090,52.28,0.34590318,1
1505328475,21090055,52.35,0.95224451,0
1505328154,21089873,52.54,1.04395814,0
1505327942,21089765,52.33,22.69768384,0
1505327928,21089757,52.33,30.86000000,0
1505327924,21089756,52.33,4.91220000,1
1505327842,21089659,52.34,1.15947708,1
1505327841,21089656,52.34,1.46513100,1
1505327841,21089654,52.34,4.63667300,1
1505327840,21089651,52.34,3.91220000,1
1505327840,21089648,52.34,1.00000000,1
1505327836,21089631,52.50,9.65844951,0
1505327836,21089630,52.50,8.18212191,0
1505327835,21089629,52.49,0.10000000,0
1505327835,21089628,52.48,0.96000000,0
1505327833,21089625,52.39,0.10000000,0
1505327791,21089593,52.29,0.10000000,0
1505327791,21089592,52.23,4.91222544,0
1505327772,21089573,52.23,1.00000000,0
1505327760,21089535,52.23,6.59490000,0
1505327757,21089534,52.23,3.00000000,0
1505327731,21089488,52.23,5.63962856,0
1505327731,21089487,52.22,0.12793797,0
1505327731,21089486,52.22,1.01206203,0
1505327723,21089474,52.23,6.82866400,0
1505327723,21089473,52.23,1.17133600,0
1505327720,21089466,52.23,23.33000000,0
1505327720,21089465,52.22,1.67000000,0
1505327715,21089462,52.22,1.67000000,0
1505327693,21089438,52.21,5.15621221,0
1505327693,21089436,52.19,0.10000000,0
1505327538,21089310,52.11,5.51372100,1
1505327434,21089208,52.11,0.10000000,1
1505327409,21089189,52.22,1.91018767,0
1505327405,21089181,52.11,0.10000000,1
1505327394,21089170,52.11,0.10000000,1
1505327347,21089095,52.23,23.52324600,0
1505327329,21089079,52.22,2.44000000,0
1505327328,21089077,52.22,2.44000000,0
1505327239,21088989,52.22,0.90023000,0
1505327237,21088988,52.19,0.10000000,0
1505327136,21088845,52.12,3.79000000,1
1505327125,21088819,52.09,0.10000000,0
1505327125,21088818,52.05,6.60000000,0
1505327122,21088804,52.04,6.51144236,1
1505327121,21088800,52.07,3.23000000,0
1505327121,21088799,52.06,46.77000000,0
1505327121,21088798,52.03,0.49039330,1
1505327121,21088797,52.03,0.49050000,1
1505327120,21088796,52.04,0.49045919,1
1505327117,21088781,51.99,0.00004081,0
1505327117,21088780,51.99,0.49050000,0
1505327115,21088779,51.99,0.00001887,0
1505327115,21088778,51.99,0.49055968,0
1505327114,21088777,51.99,0.39932145,0
1505327101,21088761,51.99,0.10000000,1
1505327101,21088760,51.99,0.00034982,1
1505327097,21088746,51.99,0.09965018,1
1505327096,21088745,51.99,0.10000000,1
1505327096,21088744,51.99,0.10000000,1
1505327096,21088743,51.99,0.10000000,1
1505327096,21088741,51.99,0.00002109,1
1505327096,21088739,52.00,0.10000000,1
1505327089,21088697,51.99,0.09997891,0
1505327085,21088691,51.99,0.00002109,0
1505327085,21088690,51.98,31.33107891,0
1505327049,21088654,51.71,31.33107891,1
1505327049,21088652,51.71,6.69000000,1
1505327046,21088646,51.77,6.69000175,1
1505327017,21088577,51.69,1.22791032,1
1505327017,21088576,51.89,0.10000000,1
1505327016,21088575,51.89,0.10000000,1
1505327016,21088574,51.89,0.10000000,1
1505327016,21088573,51.89,0.10000000,1
1505327016,21088572,51.89,0.10000000,1
1505327016,21088571,51.89,0.10000000,1
1505327016,21088570,51.90,0.10000000,1
1505327016,21088569,51.90,0.10000000,1
1505327016,21088568,51.90,0.10000000,1
1505327016,21088567,51.90,0.10000000,1
1505327015,21088566,51.90,0.10000000,1
1505327015,21088565,51.90,0.10000000,1
1505327015,21088564,51.90,0.10000000,1
1505327015,21088563,51.90,0.10000000,1
1505327010,21088554,51.98,11.65826182,1
1505327008,21088550,51.98,30.03448211,1
1505327006,21088543,51.98,4.14723991,0
1505326985,21088521,51.90,46.76979095,1
1505326983,21088519,51.89,0.10000000,0
1505326955,21088490,51.84,12.52990000,0
1505326917,21088449,51.84,10.00000000,0
1505326900,21088408,51.81,0.10000000,1
1505326900,21088407,51.81,0.10000000,1
1505326899,21088406,51.81,0.10000000,1
1505326893,21088401,51.79,0.10000000,0
1505326838,21088304,51.69,0.89937044,0
1505326838,21088302,51.69,0.89937044,0
1505326838,21088301,51.69,0.89937044,0
1505326838,21088300,51.68,4.84380700,0
1505326834,21088297,51.67,2.00000000,0
1505326820,21088286,51.68,4.99997800,0
1505326769,21088249,51.69,0.10000000,0
1505326762,21088235,51.68,5.12526400,1
1505326750,21088225,51.61,0.91787509,1
1505326750,21088224,51.61,0.91790000,1
1505326750,21088222,51.61,0.91790000,1
1505326750,21088221,51.62,0.91790000,1
1505326725,21088181,51.59,0.91788153,0
1505326720,21088178,51.45,8.66000000,1
1505326720,21088177,51.45,5.84000000,1
1505326704,21088169,51.59,0.90601000,0
1505326704,21088168,51.59,0.10000000,0
1505326670,21088133,51.53,15.80255385,0
1505326666,21088130,51.53,0.59744615,1
1505326666,21088129,51.53,9.72000000,1
1505326665,21088128,51.53,6.68255385,0
1505326665,21088127,51.53,9.71744615,0
1505326624,21088087,51.49,0.10000000,0
1505326524,21087986,51.39,0.10000000,0
1505326488,21087904,51.29,0.10000000,0
1505326466,21087889,51.29,0.10000000,0
1505326440,21087867,51.29,0.10000000,0
1505326403,21087825,51.28,4.00000000,0
1505326398,21087818,51.28,6.00000000,0
1505326389,21087814,51.28,8.93876341,0
1505326384,21087794,51.29,5.48123659,1
1505326384,21087790,51.29,0.10000000,0
1505326383,21087788,51.27,14.41876341,0
1505326379,21087774,51.21,0.81640400,0
1505326379,21087773,51.18,25.01381848,0
1505326373,21087765,51.21,5.87999600,0
1505326372,21087764,51.20,0.10000400,0
1505326372,21087763,51.19,26.02000000,0
1505326366,21087749,51.20,0.03021600,1
1505326365,21087748,51.20,0.10000000,1
1505326364,21087744,51.20,9.86978400,0
1505326353,21087734,51.19,0.10000000,0
1505326353,21087732,51.14,0.10000000,0
1505326343,21087724,51.09,12.00000000,1
1505326326,21087705,51.01,6.86991119,1
1505326302,21087660,51.18,0.50000000,0
1505326217,21087540,51.30,0.50000000,0
1505326158,21087452,51.40,0.46979558,0
1505326146,21087440,51.40,0.06515000,1
1505326105,21087410,51.40,0.25000000,1
1505326028,21087274,51.40,6.00000000,0
1505326024,21087259,51.40,1.00000000,0
1505326023,21087256,51.40,2.42302400,0
1505326017,21087245,51.40,7.45000000,1
1505326017,21087244,51.65,0.10000000,1
1505326011,21087235,51.68,27.97541821,1
1505326002,21087221,51.68,12.87637900,1
1505326002,21087220,51.71,27.97541800,1
1505325985,21087210,51.71,48.02458200,1
1505325985,21087209,51.72,0.93000000,1
1505325974,21087198,51.72,8.25889598,1
1505325964,21087180,51.83,22.53106500,1
1505325964,21087178,51.85,22.52987500,1
1505325957,21087162,51.90,20.00000000,1
1505325828,21087014,51.92,2.44915500,0
1505325828,21087013,51.92,4.88882700,0
1505325828,21087011,51.92,7.66201800,0
1505325738,21086802,52.06,3.26895401,1
1505325736,21086801,51.99,0.63127599,1
1505325736,21086800,51.99,0.10000000,0
1505325713,21086755,51.91,0.93000000,1
1505325693,21086747,51.95,10.00000000,1
1505325693,21086745,51.96,15.00000000,1
1505325617,21086665,51.97,6.98189000,1
1505325617,21086664,51.98,5.59000000,1
1505325507,21086498,52.23,4.50023000,0
1505325445,21086446,52.24,8.00000000,0
1505325435,21086436,52.23,3.56023000,0
1505325371,21086356,52.12,18.02719500,1
1505325333,21086314,52.13,4.22671923,1
1505325333,21086312,52.14,0.00008991,1
1505325322,21086308,52.14,12.38761009,1
1505325316,21086292,52.15,12.38770000,1
1505325316,21086291,52.15,12.38770000,1
1505325306,21086278,52.16,0.00002524,1
1505325303,21086271,52.16,0.63130146,1
1505325303,21086270,52.16,2.83361400,1
1505325286,21086235,52.16,9.55408600,1
1505325238,21086183,52.35,0.90601000,0
1505325236,21086179,52.29,0.10000000,0
1505325138,21086132,52.43,5.40987984,1
1505325136,21086130,52.43,2.22000000,0
1505325136,21086128,52.39,0.10000000,0
1505325136,21086127,52.33,11.09000000,0
1505325136,21086126,52.32,9.07964332,0
1505325136,21086125,52.29,0.10000000,0
1505325127,21086108,52.17,12.38770000,1
1505325058,21085948,52.19,4.89412859,0
1505325057,21085947,52.22,15.00000000,1
1505324877,21085751,52.08,8.54763409,1
1505324877,21085750,52.10,1.92686000,0
1505324876,21085748,52.10,1.91322100,0
1505324838,21085714,52.36,7.31431008,0
1505324837,21085712,52.29,0.10000000,0
1505324573,21085395,52.10,7.20821000,0
1505324571,21085394,52.25,12.79179000,1
1505324554,21085371,52.25,2.20821000,1
1505324534,21085354,52.50,10.90000000,0
1505324532,21085353,52.49,0.10000000,0
1505324473,21085325,52.19,4.18859842,1
1505324472,21085323,52.48,20.00000000,0
1505324454,21085286,52.30,12.54884362,1
1505324333,21085064,52.30,6.15736138,1
1505324310,21085031,52.50,0.10000000,1
1505324290,21085004,52.65,6.50180436,0
1505324289,21085000,52.59,15.00000000,0
1505324224,21084880,52.56,8.33913509,1
1505324221,21084877,52.57,2.63914762,0
1505324204,21084850,52.68,18.00023000,0
1505324190,21084819,52.57,16.75000000,1
1505324180,21084810,52.52,0.41020100,0
1505324180,21084809,52.58,21.83979900,1
1505324144,21084775,52.69,0.40000000,0
1505324142,21084774,52.64,0.10000000,0
1505323963,21084476,52.40,5.90426873,0
1505323960,21084475,52.40,0.00200000,1
1505323854,21084302,52.59,2.09214243,1
1505323852,21084295,52.59,1.62020700,0
1505323831,21084257,52.54,2.09391930,1
1505323829,21084256,52.54,0.10000000,0
1505323648,21083993,52.40,0.09800000,1
1505323625,21083963,52.63,1.80023000,1
1505323625,21083958,52.59,0.10000000,0
1505323623,21083952,52.49,0.10000000,0
1505323563,21083915,52.39,0.10000000,0
1505323510,21083862,52.29,0.10000000,0
1505323431,21083746,52.24,0.10000000,0
1505323327,21083630,52.23,5.00000000,1
1505323282,21083577,52.35,1.91163000,0
1505323280,21083573,52.29,0.10000000,0
1505323232,21083496,52.26,1.00680832,1
1505323232,21083495,52.35,3.39102196,1
1505323232,21083493,52.31,1.00000000,0
1505323230,21083487,52.26,6.10000000,0
1505323225,21083478,52.29,0.75118198,1
1505323225,21083475,52.29,0.10000000,0
1505323225,21083474,52.26,1.13173502,0
1505323222,21083467,52.26,0.00018398,1
1505323221,21083461,52.26,1.13173518,1
1505323219,21083459,52.26,6.86808084,0
1505323218,21083457,52.26,0.37191916,0
1505323214,21083450,52.19,0.10000000,0
1505323203,21083422,52.14,0.10000000,0
1505323193,21083398,52.09,0.10000000,0
1505323108,21083324,51.97,6.98790900,1
1505323086,21083296,52.09,0.10000000,1
1505323085,21083294,52.11,0.09610097,1
1505323083,21083289,52.17,0.59400000,1
1505323083,21083288,52.18,0.16365000,0
1505323071,21083283,52.18,1.00023000,0
1505323041,21083255,52.18,1.00599000,0
1505322981,21083057,52.19,1.90670627,1
1505322981,21083056,52.19,0.10000000,0
1505322951,21083013,52.20,3.06143879,1
1505322950,21083012,52.20,2.89006121,1
1505322949,21083009,52.19,0.10000000,0
1505322945,21083006,52.18,0.61507442,0
1505322891,21082957,52.09,0.00389903,0
1505322890,21082951,52.09,0.09610097,0
1505322887,21082946,52.04,0.10000000,0
1505322800,21082853,51.76,3.49960311,1
1505322787,21082831,52.03,0.73476840,0
1505322787,21082829,51.99,0.10000000,0
1505322785,21082826,51.98,0.12413889,0
1505322771,21082817,51.89,0.10000000,0
1505322771,21082816,51.84,0.10000000,0
1505322712,21082759,51.79,0.10000000,0
1505322633,21082677,51.71,5.00000000,1
1505322584,21082608,51.97,1.86683700,0
1505322574,21082586,52.00,16.40000000,1
1505322574,21082585,52.00,12.22641826,1
1505322561,21082566,52.00,2.67358174,1
1505322557,21082554,51.99,0.10000000,0
1505322540,21082505,52.04,16.30000000,1
1505322539,21082503,52.04,0.10000000,1
1505322537,21082497,52.06,2.01171724,0
1505322535,21082496,52.00,16.40000000,0
1505322532,21082494,52.01,18.48342300,1
1505322532,21082493,52.03,39.66612900,1
1505322525,21082479,52.05,16.95856833,1
1505322509,21082452,52.05,22.71038467,1
1505322509,21082451,52.06,16.40000000,1
1505322497,21082440,52.09,18.83098500,1
1505322496,21082439,52.12,39.66809600,1
1505322455,21082353,52.14,26.44408600,1
1505322444,21082332,52.28,1.06000000,1
1505322444,21082331,52.28,1.06000000,1
1505322444,21082330,52.28,1.06000000,1
1505322444,21082329,52.28,0.26231082,1
1505322439,21082325,52.28,0.79768918,1
1505322439,21082322,52.28,1.06000000,1
1505322434,21082317,52.29,1.06000000,1
1505322434,21082316,52.29,0.96000000,1
1505322423,21082285,52.30,0.10000000,1
1505322423,21082284,52.30,0.10000000,1
1505322423,21082283,52.30,0.10000000,1
1505322423,21082282,52.30,0.10000000,1
1505322423,21082280,52.30,0.10000000,1
1505322423,21082278,52.30,0.10000000,1
1505322423,21082277,52.31,0.10000000,1
1505322422,21082276,52.31,0.10000000,1
1505322422,21082275,52.31,0.10000000,1
1505322422,21082273,52.31,0.10000000,1
1505322422,21082272,52.31,0.10000000,1
1505322422,21082269,52.31,0.10000000,1
1505322422,21082268,52.31,0.10000000,1
1505322421,21082267,52.31,0.10000000,1
1505322421,21082265,52.31,0.10000000,1
1505322421,21082263,52.31,0.10000000,1
1505322325,21082044,52.32,18.49096237,1
1505322325,21082043,52.32,19.83447700,1
1505322325,21082042,52.32,19.83431200,1
1505322325,21082041,52.32,0.10000000,1
1505322325,21082040,52.32,0.10000000,1
1505322315,21082010,52.46,28.92000000,1
1505322314,21082002,52.47,11.17000000,1
1505322314,21081998,52.47,17.75000000,1
1505322313,21081996,52.49,7.49000000,1
1505322313,21081994,52.49,30.44000000,1
1505322308,21081978,52.49,7.00000000,1
1505322298,21081963,52.49,4.00000000,1
1505322296,21081950,52.56,15.00000000,1
1505322276,21081872,52.51,0.10000000,1
1505322275,21081870,52.69,18.21329474,0
1505322274,21081867,52.65,0.10000000,0
1505322274,21081866,52.59,0.10000000,0
1505322273,21081865,52.55,2.00000000,1
1505322272,21081858,52.55,0.25000000,0
1505322248,21081729,52.49,10.24000000,1
1505322245,21081719,52.50,27.00000000,1
1505322237,21081694,52.56,20.07166100,1
1505322236,21081693,52.56,0.69264201,1
1505322232,21081683,52.58,2.70000000,1
1505322232,21081682,52.58,0.79000000,1
1505322232,21081681,52.58,0.79000000,1
1505322232,21081680,52.58,0.70000000,1
1505322224,21081667,52.58,0.09000000,1
1505322224,21081666,52.58,0.16000000,1
1505322222,21081664,52.59,2.02390000,1
1505322208,21081637,52.67,3.03018796,0
1505322206,21081630,52.66,4.08859842,0
1505322205,21081625,52.65,0.10000000,0
1505322184,21081611,52.69,17.45283735,0
1505322184,21081610,52.66,48.00000000,0
1505322182,21081607,52.64,0.10000000,0
1505322178,21081600,52.60,0.10000000,1
1505322178,21081599,52.60,0.10000000,1
1505322178,21081597,52.60,0.10000000,1
1505322177,21081595,52.60,0.10000000,1
1505322177,21081594,52.60,0.10000000,1
1505322177,21081593,52.60,0.10000000,1
1505322177,21081592,52.60,0.10000000,1
1505322177,21081591,52.60,0.10000000,1
1505322177,21081590,52.60,0.10000000,1
1505322176,21081589,52.60,2.12390000,1
1505322176,21081588,52.60,2.12390000,1
1505322176,21081587,52.60,2.12390000,1
1505322173,21081581,52.61,0.57610000,0
1505322172,21081580,52.61,0.10000000,1
1505322172,21081579,52.61,0.10000000,1
1505322172,21081578,52.61,0.10000000,1
1505322172,21081577,52.61,0.10000000,1
1505322172,21081576,52.61,0.10000000,1
1505322171,21081575,52.61,0.10000000,1
1505322171,21081573,52.61,0.10000000,1
1505322171,21081572,52.61,0.10000000,1
1505322171,21081570,52.61,0.10000000,1
1505322171,21081568,52.61,0.10000000,1
1505322171,21081567,52.61,0.10000000,1
1505322171,21081566,52.61,0.10000000,1
1505322171,21081565,52.61,0.10000000,1
1505322170,21081564,52.61,0.10000000,1
1505322170,21081563,52.61,0.10000000,1
1505322170,21081562,52.61,0.10000000,1
1505322170,21081561,52.61,0.10000000,1
1505322170,21081559,52.61,0.10000000,1
1505322170,21081557,52.61,0.10000000,1
1505322170,21081556,52.61,0.10000000,1
1505322169,21081555,52.61,0.10000000,1
1505322169,21081554,52.61,0.10000000,1
1505322169,21081553,52.61,0.10000000,1
1505322169,21081552,52.61,2.12390000,1
1505322164,21081540,52.62,13.09794700,1
1505322161,21081536,52.62,7.00000000,1
1505322122,21081452,52.69,18.83338394,0
1505322122,21081451,52.69,0.10000000,0
1505322117,21081440,52.59,0.10000000,0
1505322114,21081433,52.58,0.63000000,0
1505322114,21081431,52.58,0.79000000,1
1505322114,21081430,52.58,0.79000000,1
1505322113,21081429,52.58,0.79000000,1
1505322108,21081414,52.52,0.07695799,0
1505322107,21081412,52.52,0.30783195,0
1505322107,21081411,52.52,0.38478994,0
1505322102,21081402,52.49,25.00000000,1
1505322097,21081397,52.52,0.37264612,0
1505322097,21081395,52.52,0.38478994,0
1505322097,21081394,52.52,0.38478994,0
1505322091,21081384,52.49,0.10000000,0
1505322089,21081376,52.48,35.34000000,0
1505322071,21081350,52.44,0.10000000,1
1505322070,21081349,52.44,0.10000000,1
1505322069,21081337,52.44,0.10000000,1
1505322067,21081330,52.51,11.50826772,0
1505322067,21081326,52.45,0.10000000,1
1505322067,21081324,52.45,0.10000000,1
1505322063,21081312,52.50,2.31211197,1
1505322061,21081306,52.50,1.61788803,0
1505322060,21081304,52.50,2.31211197,0
1505322060,21081302,52.49,0.10000000,0
1505322060,21081300,52.44,0.10000000,1
1505322057,21081295,52.44,0.10000000,1
1505322057,21081294,52.44,0.10000000,1
1505322056,21081293,52.44,0.10000000,1
1505322054,21081289,52.44,0.10000000,1
1505322054,21081288,52.45,1.67586600,1
1505322049,21081274,52.47,2.99412900,0
1505322049,21081272,52.47,1.67587100,0
1505322047,21081262,52.39,0.10000000,0
1505322020,21081212,52.48,16.63466514,0
1505322019,21081209,52.39,0.10000000,0
1505321986,21081164,52.34,0.10000000,1
1505321986,21081162,52.34,0.10000000,1
1505321986,21081161,52.35,0.10000000,1
1505321986,21081160,52.35,0.10000000,1
1505321985,21081158,52.35,0.10000000,1
1505321984,21081156,52.44,0.94622425,0
1505321983,21081155,52.39,0.10000000,0
1505321972,21081136,52.29,0.10000000,0
1505321935,21081024,52.04,11.36940568,1
1505321934,21081021,52.09,0.10000000,1
1505321934,21081018,52.10,0.10000000,1
1505321934,21081017,52.10,0.10000000,1
1505321933,21081014,52.11,46.80000000,1
1505321925,21081006,52.19,0.10000000,0
1505321925,21081005,52.18,6.73316501,0
1505321918,21080995,52.18,7.90000000,0
1505321918,21080993,52.14,0.10000000,0
1505321900,21080967,52.09,0.10000000,0
1505321797,21080788,52.18,0.64347438,0
1505321795,21080781,52.09,0.10000000,0
1505321771,21080742,52.18,4.72336061,0
1505321769,21080740,52.09,0.10000000,0
1505321681,21080664,52.18,23.00000000,0
1505321677,21080662,52.28,7.34023000,0
1505321675,21080660,52.19,0.10000000,0
1505321540,21080389,52.25,0.90277511,0
1505321540,21080387,52.20,0.10000000,0
1505321539,21080385,52.19,0.10000000,0
1505321539,21080382,52.10,0.03435923,0
1505321539,21080381,52.10,0.10000000,0
1505321538,21080376,52.09,0.10000000,0
1505321491,21080303,51.99,16.40000000,0
1505321491,21080302,51.94,0.10000000,0
1505321469,21080279,52.00,0.00000006,1
1505321469,21080278,52.00,15.00000000,0
1505321468,21080277,52.00,0.21069794,0
1505321468,21080276,51.99,0.10000000,0
1505321468,21080275,51.94,0.10000000,0
1505321450,21080240,51.97,0.10000000,1
1505321449,21080238,52.00,5.66586352,0
1505321449,21080237,52.00,3.50000000,0
1505321449,21080236,51.99,0.10000000,0
1505321449,21080234,51.97,15.21069848,0
1505321438,21080217,51.89,0.10000000,0
1505321425,21080149,51.89,0.10000000,0
1505321396,21080046,51.79,45.01808700,1
1505321395,21080045,51.81,24.63000000,1
1505321369,21080002,51.89,0.10000000,0
1505321341,21079938,51.88,0.34946801,0
1505321334,21079904,51.88,0.92000000,1
1505321332,21079898,51.88,0.35000000,0
1505321332,21079896,51.79,1.73000000,0
1505321324,21079879,51.97,48.93930152,0
1505321324,21079878,51.97,11.85000000,0
1505321323,21079877,51.89,0.10000000,0
1505321323,21079875,51.80,13.69783081,0
1505321323,21079874,51.80,97.00000000,0
1505321322,21079871,51.79,2.14000000,0
1505321322,21079870,51.77,0.43000000,0
1505321321,21079866,51.76,45.28400000,1
1505321320,21079865,51.76,18.25097479,0
1505321308,21079845,51.78,49.00000000,0
1505321305,21079844,51.79,1.39833944,1
1505321305,21079843,51.77,0.53000000,0
1505321302,21079834,51.80,3.00000000,0
1505321298,21079826,51.79,12.17000000,1
1505321297,21079823,51.79,0.10000000,0
1505321297,21079821,51.78,0.77000000,0
1505321296,21079820,51.69,0.10000000,0
1505321296,21079819,51.68,3.86000000,0
1505321282,21079771,51.63,19.79000000,1
1505321282,21079768,51.63,11.11000000,1
1505321281,21079766,51.59,0.10000000,0
1505321271,21079717,51.59,0.10000000,0
1505321269,21079698,51.41,0.46652831,1
1505321269,21079696,51.41,2.11510000,1
1505321269,21079694,51.41,2.11510000,1
1505321268,21079692,51.41,2.11510000,1
1505321268,21079690,51.41,2.11510000,1
1505321268,21079688,51.41,2.11510000,1
1505321268,21079686,51.41,2.11510000,1
1505321268,21079683,51.42,2.11510000,1
1505321267,21079682,51.43,17.54551500,0
1505321267,21079681,51.43,1.00000000,0
1505321192,21079559,51.33,2.11508500,1
1505321190,21079556,51.34,17.88491500,1
1505321183,21079552,51.28,9.00000000,1
1505321173,21079524,51.66,1.13453181,0
1505321160,21079485,51.59,0.10000000,0
1505321160,21079484,51.49,0.10000000,0
1505321160,21079483,51.48,16.40000000,0
1505321137,21079435,51.38,9.47000000,0
1505321124,21079402,51.39,0.10000000,0
1505321124,21079400,51.38,10.75000000,0
1505321120,21079394,51.38,0.50000000,0
1505321119,21079392,51.33,16.40000000,0
1505321119,21079389,51.29,0.10000000,0
1505321107,21079369,51.19,0.10000000,0
1505321088,21079356,51.13,0.70000000,1
1505321086,21079355,51.20,0.10000000,1
1505321052,21079333,51.19,0.10000000,0
1505320928,21079257,51.09,0.10000000,0
1505320802,21079141,51.21,22.10314133,1
1505320799,21079138,51.21,36.15661004,0
1505320787,21079124,51.21,5.84338996,0
1505320786,21079123,51.19,0.10000000,0
1505320755,21079100,51.14,15.29200000,0
1505320754,21079099,51.14,15.29200000,0
1505320754,21079098,51.12,5.88244400,0
1505320737,21079090,51.09,0.10000000,0
1505320696,21079048,51.12,6.72485300,0
1505320674,21079022,51.09,0.10000000,0
1505320669,21079018,50.99,22.41300000,1
1505320636,21078971,51.09,0.10000000,0
1505320607,21078933,50.97,0.10000000,1
1505320603,21078919,50.99,18.94820400,0
1505320603,21078918,50.99,7.43179600,0
1505320602,21078917,50.99,0.10000000,0
1505320602,21078916,50.98,13.52000000,0
1505320601,21078910,50.91,8.30000000,1
1505320592,21078901,50.98,16.07000000,0
1505320591,21078899,50.94,0.10000000,0
1505320563,21078875,50.89,0.10000000,0
1505320544,21078871,50.89,0.10000000,0
1505320521,21078857,50.89,0.10000000,0
1505320349,21078729,50.99,19.99976309,1
1505320349,21078728,50.99,17.27723000,1
1505320348,21078727,50.99,1.99970700,1
1505320334,21078720,51.07,1.00023000,0
1505320331,21078716,50.99,0.10000000,0
1505320222,21078544,50.99,2.00000000,1
1505320156,21078512,51.09,9.80023000,0
1505320156,21078511,51.09,0.10000000,0
1505320155,21078508,50.99,0.10000000,0
1505320100,21078393,50.79,1.98167708,1
1505319876,21078112,50.99,0.10000000,0
1505319876,21078110,50.98,21.91000000,0
1505319827,21078068,50.89,0.10000000,0
1505319572,21077792,50.80,0.90023000,0
1505319570,21077790,50.79,0.10000000,0
1505319566,21077787,50.69,0.90000000,1
1505319514,21077753,50.70,3.86854905,0
1505319514,21077752,50.69,0.10000000,0
1505319412,21077666,50.70,0.12411068,1
1505319412,21077665,50.70,6.26465715,1
1505319410,21077664,50.74,6.31515000,0
1505319409,21077661,50.70,3.99966200,1
1505319391,21077625,50.69,0.10000000,0
1505319258,21077425,50.70,1.54711832,1
1505319258,21077422,50.69,0.10000000,0
1505319258,21077420,50.59,0.10000000,0
1505319257,21077417,50.50,17.43281904,0
1505319121,21077332,50.49,0.10000000,0
1505319095,21077300,50.48,0.40000000,1
1505319058,21077264,50.49,0.10000000,0
1505318627,21076879,50.49,0.10000000,0
1505318500,21076762,50.22,8.04000000,1
1505318500,21076761,50.23,9.96000000,1
1505318426,21076674,50.33,9.43000000,1
1505318417,21076665,50.33,2.40256200,1
1505318417,21076663,50.33,11.47360900,1
1505318416,21076662,50.57,19.00023000,0
1505318415,21076660,50.33,0.75639100,1
1505318377,21076623,50.49,0.10000000,0
1505318200,21076486,50.43,1.90786200,0
1505318167,21076439,50.74,9.63568845,1
1505318167,21076438,50.74,2.22320000,1
1505318166,21076436,50.69,0.10000000,1
1505318166,21076434,50.68,43.22856400,1
1505318164,21076424,50.67,43.22893700,0
1505318147,21076409,50.78,14.83139818,0
1505318147,21076408,50.78,1.72000000,0
1505318146,21076406,50.69,0.10000000,0
1505318146,21076405,50.62,2.39680000,0
1505318146,21076404,50.59,0.10000000,0
1505318144,21076402,50.49,0.40629404,0
1505318144,21076401,50.49,0.10000000,0
1505318102,21076352,50.37,6.99900000,1
1505318024,21076305,50.35,8.31311877,0
1505318002,21076294,50.35,16.40000000,0
1505318001,21076292,50.35,16.40000000,0
1505317993,21076283,50.36,12.61643935,0
1505317931,21076144,50.36,8.43399247,0
1505317930,21076140,50.50,2.02787791,1
1505317927,21076138,50.50,6.15424400,1
1505317927,21076137,50.51,2.02787800,1
1505317925,21076132,50.51,8.18212200,1
1505317913,21076117,50.52,41.99014700,1
1505317878,21076086,50.67,5.85000000,0
1505317697,21075904,50.82,7.61643935,1
1505317650,21075807,50.94,5.00000000,0
1505317646,21075794,50.76,1.78000000,1
1505317645,21075793,50.76,1.78000000,1
1505317645,21075790,50.77,18.93820000,1
1505317645,21075788,50.77,18.93820000,1
1505317645,21075787,50.77,2.85452373,1
1505317642,21075784,50.77,16.08367627,1
1505317642,21075783,50.77,8.55632373,1
1505317642,21075782,50.79,15.36000000,1
1505317638,21075776,50.96,1.14927575,0
1505317638,21075774,50.89,0.00000567,0
1505317637,21075771,50.96,3.92335000,1
1505317635,21075765,50.89,0.10000000,0
1505317627,21075753,50.80,6.00000000,1
1505317610,21075731,50.79,4.00000000,1
1505317606,21075726,50.78,12.00000000,1
1505317561,21075659,50.80,1.60000000,1
1505317494,21075537,50.98,31.55550660,0
1505317493,21075535,51.39,15.28312901,1
1505317493,21075534,51.36,2.26000000,0
1505317492,21075533,51.29,0.10000000,0
1505317492,21075532,51.28,0.13635151,0
1505317492,21075531,51.19,0.10000000,0
1505317491,21075530,51.09,0.10000000,0
1505317491,21075529,51.07,1.12000000,0
1505317491,21075528,51.07,5.60000000,0
1505317491,21075527,50.99,33.73988468,0
1505317490,21075526,50.98,0.10000000,0
1505317475,21075496,50.77,10.38187627,1
1505317475,21075495,50.77,18.93820000,1
1505317475,21075494,50.77,0.00003873,1
1505317475,21075493,50.78,16.12000000,1
1505317474,21075492,50.80,18.55988500,1
1505317465,21075467,50.79,18.75348900,1
1505317461,21075461,50.80,19.07500500,1
1505317413,21075369,50.99,11.90000000,0
1505317413,21075368,50.98,0.10000000,0
1505317297,21075226,50.99,1.85624632,0
1505317296,21075220,50.98,0.10000000,0
1505317090,21074866,50.78,5.00000000,1
1505317038,21074797,50.99,9.75783000,0
1505317038,21074795,50.99,0.10000000,0
1505317038,21074793,50.89,0.10000000,0
1505317036,21074791,50.79,0.10000000,0
1505316989,21074718,50.77,0.50000000,0
1505316985,21074710,50.77,35.86852573,0
1505316984,21074709,50.76,0.40340427,0
1505316980,21074706,50.76,1.13849487,0
1505316974,21074698,50.76,1.13810086,0
1505316967,21074684,50.77,19.23800000,0
1505316963,21074675,50.76,3.18000000,0
1505316960,21074669,50.69,0.10000000,0
1505316939,21074639,50.64,33.38345200,0
1505316939,21074638,50.59,0.10000000,0
1505316920,21074610,50.64,11.31277600,0
1505316918,21074597,50.64,3.00023000,0
1505316904,21074566,50.64,2.00000000,0
1505316898,21074560,50.59,0.10000000,0
1505316872,21074522,50.58,1.78865164,0
1505316841,21074450,50.49,0.10000000,0
1505316841,21074449,50.48,48.00000000,0
1505316777,21074346,50.62,0.98380086,0
1505316775,21074344,50.59,0.10000000,0
1505316716,21074285,50.57,3.06367412,1
1505316696,21074253,50.57,14.96795000,1
1505316692,21074241,50.57,9.02493800,1
1505316692,21074240,50.57,5.95799600,1
1505316658,21074205,50.54,1.14046504,0
1505316658,21074204,50.53,0.85976496,1
1505316655,21074198,50.43,26.56500000,0
1505316628,21074157,50.14,3.58568064,0
1505316627,21074154,50.14,11.44458936,0
1505316626,21074152,50.15,17.60304000,1
1505316616,21074132,50.53,10.30773797,1
1505316616,21074128,50.49,13.32590600,1
1505316616,21074126,50.49,2.92314400,1
1505316615,21074124,50.49,3.36475711,1
1505316614,21074121,50.49,0.10000000,0
1505316581,21074054,50.06,0.00000046,0
1505316580,21074053,50.06,6.60698600,0
1505316579,21074052,50.07,17.17088700,1
1505316566,21074042,50.17,2.39230000,1
1505316566,21074041,50.17,2.39230000,1
1505316566,21074040,50.17,2.39230000,1
1505316566,21074039,50.17,2.39225550,1
1505316554,21074032,50.18,0.40623755,1
1505316504,21074016,50.16,0.00004450,0
1505316503,21074015,50.16,2.39230000,0
1505316396,21073840,50.15,20.79799784,1
1505316395,21073839,50.15,0.97106334,0
1505316395,21073838,50.15,2.07298086,0
1505316395,21073837,50.15,9.71122447,0
1505316337,21073778,50.00,49.21425144,0
1505316336,21073777,50.00,1.29218200,0
1505316319,21073766,49.98,0.14120000,1
1505316318,21073764,49.98,6.85880000,0
1505316133,21073555,49.56,41.16737976,0
1505316133,21073553,49.61,1.00000000,1
1505316133,21073549,49.71,1.00000000,1
1505316133,21073547,49.71,15.00000000,0
1505316132,21073544,49.72,2.84000000,1
1505316132,21073541,49.77,14.19000000,1
1505316131,21073540,49.77,20.00000000,1
1505316131,21073538,49.81,1.00000000,1
1505316131,21073536,49.91,1.00000000,1
1505316130,21073532,49.92,23.00000000,0
1505316129,21073528,49.92,15.00000000,0
1505316129,21073525,49.92,17.34133200,1
1505316111,21073475,49.95,15.00000000,1
1505316103,21073465,49.93,9.49007626,1
1505316091,21073448,49.97,4.00200120,0
1505316046,21073374,49.96,3.72000000,0
1505316043,21073369,49.95,8.37322836,1
1505315966,21073182,50.13,3.97707386,0
1505315953,21073142,50.14,6.37160000,1
1505315950,21073127,50.15,0.49710867,0
1505315947,21073109,50.14,0.48000000,0
1505315944,21073097,50.15,1.25953377,1
1505315943,21073094,50.15,2.03038722,1
1505315941,21073084,50.15,6.91838984,1
1505315939,21073079,50.15,10.85295168,1
1505315938,21073075,50.16,10.20831132,1
1505315938,21073071,50.16,2.07290580,1
1505315936,21073065,50.16,2.66824100,1
1505315933,21073062,50.16,1.00000000,1
1505315931,21073059,50.16,11.28121700,1
1505315907,21072980,50.16,10.00000000,1
1505315906,21072978,50.16,0.26642488,1
1505315904,21072967,50.20,13.69615189,1
1505315904,21072966,50.20,12.64367646,1
1505315904,21072965,50.20,1.69811200,1
1505315901,21072952,50.20,5.12034196,1
1505315898,21072939,50.20,3.30052658,1
1505315888,21072910,50.20,14.29444300,1
1505315888,21072909,50.21,34.79000000,1
1505315888,21072908,50.22,17.91555700,1
1505315878,21072876,50.23,13.18897300,1
1505315878,21072875,50.23,37.05710000,1
1505315878,21072873,50.24,18.75392700,1
1505315866,21072842,50.35,9.00000000,0
1505315854,21072810,50.29,19.39020600,1
1505315854,21072809,50.31,9.07370187,1
1505315850,21072802,50.32,29.00000000,1
1505315845,21072787,50.29,19.79310800,1
1505315845,21072785,50.31,0.87209487,1
1505315842,21072776,50.31,8.20160700,0
1505315841,21072774,50.31,7.79839300,0
1505315841,21072772,50.28,0.46000000,0
1505315838,21072768,50.28,2.76000000,1
1505315838,21072766,50.28,13.78000000,1
1505315829,21072758,50.42,9.09658865,0
1505315827,21072745,50.42,8.98176500,0
1505315827,21072741,50.33,0.09681200,0
1505315824,21072731,50.33,20.90318800,1
1505315819,21072725,50.43,35.69750000,1
1505315819,21072724,50.43,35.69750000,1
1505315818,21072723,50.44,13.40248472,1
1505315818,21072722,50.45,15.18000000,1
1505315818,21072721,50.46,16.40530800,1
1505315676,21072439,50.81,24.40799055,0
1505315675,21072438,50.80,8.09000000,0
1505315675,21072437,50.79,0.10000000,0
1505315674,21072435,50.78,1.62000000,0
1505315674,21072434,50.70,0.13808616,0
1505315674,21072431,50.69,0.10000000,0
1505315672,21072424,50.59,0.10000000,0
1505315669,21072417,50.55,0.13850026,0
1505315669,21072416,50.53,0.00000576,0
1505315668,21072410,50.53,5.23101400,0
1505315667,21072409,50.52,1.90114100,1
1505315667,21072406,50.52,4.41211000,0
1505315666,21072401,50.52,3.28349901,0
1505315665,21072387,50.52,3.46862700,0
1505315660,21072363,50.52,3.19468700,0
1505315632,21072289,50.46,0.65649672,1
1505315620,21072249,50.53,0.90000000,0
1505315620,21072248,50.49,0.10000000,0
1505315606,21072226,50.47,5.95000000,0
1505315603,21072221,50.44,0.90000000,1
1505315601,21072216,50.41,19.00000000,0
1505315592,21072207,50.41,4.00000000,0
1505315586,21072195,50.41,3.00000000,0
1505315578,21072183,50.41,14.64109972,0
1505315578,21072182,50.40,5.39898028,0
1505315577,21072181,50.40,4.46101972,0
1505315577,21072179,50.40,6.53898028,0
1505315553,21072079,50.40,9.86101972,0
1505315553,21072078,50.37,0.13898028,0
1505315505,21071958,50.14,0.00003749,0
1505315503,21071951,50.14,3.34796056,0
1505315498,21071939,50.14,15.99581172,0
1505315456,21071786,50.14,38.90946600,0
1505315456,21071785,50.10,1.17000000,0
1505315456,21071784,50.09,0.23000000,0
1505315455,21071781,49.82,9.61000000,1
1505315453,21071770,50.10,16.40000000,0
1505315453,21071769,50.10,1.72000000,0
1505315452,21071768,50.09,1.20000000,0
1505315452,21071767,50.09,0.34000000,0
1505315420,21071658,49.60,1.20325010,1
1505315420,21071656,49.60,12.72822580,1
1505315404,21071612,50.14,3.71999784,1
1505315403,21071607,50.14,0.66000000,1
1505315403,21071605,50.10,3.30000000,0
1505315403,21071602,49.87,0.14036166,0
1505315403,21071600,49.87,0.00000347,0
1505315402,21071598,49.86,0.14040300,0
1505315402,21071595,49.74,0.13964782,0
1505315402,21071594,49.74,0.00110587,0
1505315402,21071592,49.70,0.00000034,0
1505315400,21071588,49.70,2.99999966,0
1505315400,21071586,49.69,0.00000034,0
1505315395,21071569,49.69,0.93999966,0
1505315395,21071568,49.68,0.13910115,0
1505315395,21071567,49.68,0.00181332,0
1505315394,21071566,49.68,0.14091447,0
1505315394,21071565,49.66,0.14098340,0
1505315365,21071510,49.31,0.00003650,0
1505315365,21071509,49.31,2.81950000,0
1505315355,21071497,49.31,33.22192100,0
1505315351,21071493,49.50,0.32370946,1
1505315351,21071492,49.50,4.44990000,1
1505315191,21071325,49.50,4.44991165,0
1505315055,21071105,49.21,0.95860000,0
1505315005,21071027,49.21,0.18226061,1
1505315004,21071026,49.21,0.14224751,1
1505314999,21071019,49.21,0.67549188,1
1505314999,21071017,49.23,0.32370946,1
1505314999,21071015,49.23,0.14170040,1
1505314948,21070919,49.31,1.00000000,1
1505314866,21070784,49.40,0.29082415,1
1505314864,21070781,49.41,0.06276408,1
1505314856,21070773,49.41,0.93723592,1
1505314666,21070412,49.48,16.40000000,0
1505314642,21070349,49.51,0.49011000,0
1505314642,21070348,49.50,1.30989000,0
1505314631,21070334,49.40,0.14170040,1
1505314605,21070312,49.41,1.96249178,0
1505314605,21070311,49.41,0.29000000,1
1505314605,21070309,49.42,0.29000000,1
1505314604,21070306,49.44,0.32370946,1
1505314526,21070213,49.59,0.14040300,0
1505314524,21070206,49.49,0.13910115,1
1505314506,21070171,49.42,0.14164522,0
1505314452,21069989,49.14,2.42000000,1
1505314450,21069981,49.16,2.17800000,1
1505314433,21069925,49.23,38.49807028,0
1505314412,21069867,49.04,0.63000000,1
1505314411,21069864,49.01,1.24958142,0
1505314411,21069863,49.01,5.04779088,0
1505314326,21069665,49.00,29.88673947,1
1505314325,21069662,49.00,0.62966000,1
1505314310,21069636,49.01,4.97458391,1
1505314306,21069633,49.01,10.01541609,0
1505314306,21069632,49.00,30.66610205,1
1505314301,21069628,49.00,13.04625000,1
1505314299,21069627,49.00,5.20774500,1
1505314299,21069622,49.13,0.14146114,0
1505314297,21069620,49.00,49.54999500,1
1505314287,21069601,49.00,10.00000000,0
1505314287,21069600,48.99,0.14289122,0
1505314287,21069598,48.85,5.87061726,0
1505314260,21069547,48.85,23.24223800,0
1505314257,21069537,48.85,2.94061700,0
1505314257,21069536,48.84,2.93000000,0
1505314238,21069507,48.85,5.24688900,0
1505314233,21069493,48.85,5.32278900,0
1505314207,21069457,48.85,1.14787500,0
1505314204,21069453,48.85,17.42959800,0
1505314187,21069422,48.85,9.51955000,0
1505314187,21069421,48.84,1.50000000,0
1505314183,21069416,48.85,2.24885200,0
1505314183,21069414,48.84,1.50000000,0
1505314162,21069380,48.85,5.46805500,0
1505314162,21069379,48.84,1.78000000,0
1505314160,21069376,48.85,11.09640700,0
1505314159,21069371,48.85,6.09033000,0
1505314158,21069365,48.85,25.67200000,0
1505314155,21069359,48.85,0.43720100,0
1505314152,21069354,48.85,20.03473200,0
1505314151,21069352,48.84,2.11000000,0
1505314141,21069347,48.85,49.99152100,0
1505314139,21069344,48.85,0.69141400,0
1505314138,21069343,48.85,20.51139900,0
1505314138,21069342,48.84,2.51000000,0
1505314133,21069338,48.85,0.80160300,0
1505314132,21069337,48.85,1.91154700,0
1505314123,21069323,48.85,1.02000000,0
1505314123,21069321,48.84,2.98000000,0
1505314121,21069319,48.85,28.32743400,0
1505314102,21069295,48.85,170.29158800,0
1505314102,21069294,48.84,0.76909600,0
1505314097,21069292,48.84,2.78090400,0
1505314091,21069280,48.85,14.02900000,0
1505314089,21069278,48.85,130.82356800,0
1505314085,21069275,48.85,41.79000000,0
1505314085,21069274,48.84,4.21000000,0
1505314076,21069261,48.84,5.01000000,0
1505314062,21069231,48.85,5.13273398,0
1505314062,21069230,48.84,6.00457002,0
1505314058,21069219,48.84,1.22542998,0
1505314053,21069206,48.84,6.79490000,0
1505314049,21069199,48.84,0.50000000,0
1505314041,21069186,48.85,49.00000000,0
1505314036,21069181,48.84,8.68000000,0
1505314036,21069180,48.83,17.08000000,0
1505314003,21069137,48.83,17.77718615,0
1505313940,21069068,48.83,7.58157625,0
1505313939,21069064,48.83,8.68000000,0
1505313931,21069051,48.83,1.00000000,0
1505313919,21069040,48.64,35.67271785,1
1505313868,21068906,48.60,35.43228683,0
1505313825,21068841,48.60,4.56771317,1
1505313777,21068768,48.60,9.00000000,1
1505313749,21068738,48.60,0.36544165,1
1505313749,21068737,48.61,7.08455835,1
1505313729,21068689,48.81,0.14289122,0
1505313723,21068677,48.85,0.09703172,0
1505313723,21068673,48.83,0.14337000,0
1505313722,21068662,48.61,5.35914400,0
1505313722,21068658,48.61,0.55548429,0
1505313717,21068649,48.61,0.14337000,0
1505313715,21068643,48.61,0.85599671,1
1505313701,21068618,48.71,1.00000000,1
1505313626,21068366,48.71,1.00000000,1
1505313613,21068301,48.72,0.31765858,1
1505313611,21068286,48.81,1.00000000,1
1505313577,21067949,48.91,1.00000000,1
1505313577,21067943,48.92,4.90782750,1
1505313525,21067690,48.92,3.00000000,1
1505313519,21067671,49.23,0.14164522,0
1505313518,21067669,48.93,1.00000000,1
1505313508,21067638,48.94,3.46000000,1
1505313504,21067620,48.95,21.00000000,1
1505313501,21067612,48.99,17.30000000,0
1505313495,21067606,49.01,0.18493304,1
1505313495,21067604,49.01,40.81506696,1
1505313488,21067598,49.01,19.12000000,1
1505313486,21067594,49.01,1.00000000,1
1505313459,21067567,49.09,0.62659829,1
1505313446,21067556,49.29,9.88894243,0
1505313437,21067543,49.13,3.89000000,1
1505313406,21067493,49.48,0.14091447,0
1505313402,21067484,49.30,0.14146753,1
1505313393,21067473,49.30,0.14199945,0
1505313393,21067471,49.27,0.14209163,0
1505313393,21067469,49.21,1.55000000,0
1505313393,21067467,49.09,4.96081892,0
1505313390,21067441,49.09,1.55938072,0
1505313389,21067433,49.09,1.21980036,0
1505313358,21067385,49.09,1.71786514,0
1505313354,21067364,49.08,2.93000000,0
1505313348,21067351,48.94,2.92552000,0
1505313228,21067246,49.04,20.13723491,0
1505313214,21067230,49.09,5.99327765,0
1505313214,21067228,49.07,2.24000000,0
1505313214,21067227,48.93,0.15127911,0
1505313213,21067226,48.92,7.90000000,0
1505313166,21067183,48.93,3.44236246,0
1505313153,21067172,48.95,0.51678615,0
1505313147,21067170,48.99,40.61200000,0
1505313141,21067165,48.96,4.65107527,1
1505313074,21067111,49.04,0.88757744,0
1505312932,21066859,49.03,1.00023000,0
1505312892,21066746,48.71,0.15000000,1
1505312804,21066569,48.71,1.00000000,1
1505312664,21066398,48.83,0.20993000,1
1505312663,21066397,48.85,2.01000000,1
1505312662,21066394,48.75,3.72161000,0
1505312661,21066393,48.75,2.28000000,1
1505312661,21066392,48.81,1.00000000,1
1505312658,21066384,49.11,2.00023000,0
1505312568,21066249,48.88,31.58658900,1
1505312549,21066194,48.85,13.93147590,1
1505312537,21066148,49.11,0.14200292,0
1505312532,21066122,49.08,0.14209163,1
1505312519,21066041,48.82,11.84000000,0
1505312519,21066036,48.75,10.86483400,1
1505312512,21066008,48.75,4.00000000,1
1505312486,21065914,48.66,11.27607500,1
1505312485,21065908,48.66,7.74631300,1
1505312485,21065906,48.66,26.11277800,1
1505312430,21065751,48.61,0.14400329,1
1505312423,21065705,48.66,23.30463485,1
1505312422,21065702,48.71,1.00000000,1
1505312422,21065699,48.81,15.58000000,1
1505312422,21065697,48.81,0.14282799,1
1505312422,21065695,48.81,1.00000000,1
1505312420,21065687,48.86,0.14253716,1
1505312397,21065587,48.89,3.74838816,1
1505312397,21065586,48.89,3.82161184,1
1505312395,21065581,48.91,1.00000000,1
1505312374,21065484,48.92,15.00000000,1
1505312320,21065289,49.01,0.14282799,0
1505312319,21065283,49.01,0.85717201,1
1505312311,21065272,49.01,0.14282799,1
1505312306,21065265,49.11,0.85746284,1
1505312304,21065255,49.11,0.14253716,1
1505312301,21065248,49.15,0.14098340,1
1505312301,21065247,49.17,0.15000000,1
1505312301,21065245,49.17,0.14184397,1
1505312297,21065224,49.21,1.00000000,1
1505312282,21065167,49.31,1.00000000,1
1505312202,21064890,49.38,0.14081673,1
1505312177,21064784,49.40,3.89333000,0
1505312148,21064682,49.40,6.43844600,0
1505312143,21064676,49.40,10.36850000,0
1505312140,21064670,49.40,4.83497970,0
1505312139,21064664,49.40,29.88727957,0
1505312139,21064663,49.41,1.00000000,1
1505312139,21064662,49.42,15.00000000,1
1505312090,21064510,49.51,1.00000000,1
1505312090,21064509,49.52,14.00000000,1
1505312087,21064506,49.52,1.00000000,1
1505312083,21064495,49.52,1.00000000,1
1505312079,21064472,49.55,1.00000000,1
1505312069,21064441,49.56,12.05220000,0
1505312064,21064419,49.60,5.30085200,1
1505312053,21064391,49.60,44.69914800,1
1505312050,21064387,49.61,15.00000000,1
1505312020,21064341,49.68,1.69129000,0
1505312015,21064340,49.68,0.20000000,0
1505312006,21064333,49.70,50.00000000,1
1505312000,21064327,49.73,15.58000000,1
1505311993,21064302,49.72,23.84000000,1
1505311989,21064292,49.81,1.28174000,0
1505311988,21064286,49.81,1.64012000,0
1505311982,21064272,49.83,27.00000000,0
1505311982,21064270,49.83,22.02000000,0
1505311981,21064268,49.83,1.80000000,1
1505311981,21064267,49.83,13.76846600,1
1505311978,21064264,49.89,1.09493000,0
1505311977,21064261,49.89,6.15066000,0
1505311977,21064253,49.83,1.81153400,1
1505311976,21064248,49.89,4.31576000,0
1505311975,21064237,49.89,1.82459000,0
1505311974,21064229,49.84,1.90989000,0
1505311973,21064223,49.84,0.13898028,0
1505311934,21064149,49.96,1.60526000,0
1505311934,21064148,49.96,0.72549100,0
1505311934,21064147,49.90,0.15000000,0
1505311909,21064113,50.02,2.81864000,0
1505311863,21064047,50.13,2.47936600,1
1505311856,21064035,50.16,0.10000000,1
1505311822,21064018,50.35,0.13808616,0
1505311813,21064010,50.35,1.82224428,0
1505311811,21064009,50.32,0.13912924,0
1505311712,21063899,50.16,1.53686568,1
1505311577,21063730,50.23,4.96456301,0
1505311512,21063688,50.24,10.46490023,0
1505311512,21063687,50.21,0.00000500,0
1505311389,21063556,50.21,2.99999500,0
1505311272,21063481,50.31,34.48961500,0
1505311197,21063294,50.31,2.14377100,0
1505311190,21063287,50.31,0.17035000,0
1505311071,21063161,50.24,4.40545382,0
1505311069,21063158,50.24,3.75410964,0
1505311063,21063144,50.24,10.00023000,0
1505311043,21063114,50.23,1.98586502,0
1505311018,21063025,50.15,37.99961392,0
1505311016,21063015,50.16,15.00000000,1
1505311012,21062990,50.15,0.32438700,0
1505311011,21062983,50.15,17.50892800,0
1505311010,21062980,50.15,1.22000000,0
1505311010,21062977,50.15,18.35759000,0
1505311010,21062975,50.15,15.58909500,0
1505311007,21062956,50.14,5.95152000,0
1505311007,21062954,50.14,53.00000000,0
1505311007,21062952,50.14,1.04848000,0
1505311006,21062950,50.10,6.12000000,0
1505311005,21062934,50.07,18.15537728,0
1505311004,21062927,50.07,39.81804972,0
1505311004,21062926,50.06,0.00000500,0
1505311004,21062921,50.06,29.49999500,0
1505310959,21062857,49.86,14.47031669,0
1505310900,21062774,50.07,11.68012900,0
1505310887,21062762,50.07,18.37275300,0
1505310847,21062711,50.07,39.70061352,0
1505310803,21062621,50.04,2.99900000,1
1505310790,21062571,50.23,0.13850026,0
1505310779,21062557,50.30,9.76834065,0
1505310779,21062556,50.25,0.13928748,0
1505310679,21062484,49.89,15.03000000,1
1505310674,21062476,50.22,1.97000000,0
1505310674,21062474,50.22,9.86000000,0
1505310655,21062425,50.22,5.95878136,0
1505310555,21062337,49.97,3.01023000,0
1505310483,21062245,49.69,1.66822703,1
1505310304,21061945,49.83,73.05111972,1
1505310303,21061937,49.82,0.94288028,0
1505310302,21061935,49.82,9.20164000,1
1505310302,21061934,49.82,5.85547972,1
1505310297,21061913,49.90,4.88380200,0
1505310292,21061886,49.88,21.30000000,1
1505310272,21061846,50.06,1.00023000,0
1505310267,21061839,49.88,0.06953908,1
1505310267,21061838,49.90,4.93046092,1
1505310175,21061607,49.98,2.54517100,0
1505310163,21061594,50.00,0.00004560,1
1505310118,21061542,50.00,4.99995440,1
1505310118,21061540,50.00,0.00004540,1
1505310110,21061512,50.00,3.49995460,1
1505310095,21061481,49.96,2.02000000,1
1505310095,21061479,50.22,21.65193150,0
1505310094,21061476,49.96,15.58000000,0
1505310094,21061473,49.95,2.02000000,0
1505310092,21061454,49.94,20.54800010,0
1505309969,21061256,49.83,5.65012760,0
1505309969,21061254,49.83,0.35207990,0
1505309966,21061240,49.83,1.55792010,0
1505309966,21061238,49.83,13.66564000,0
1505309963,21061233,49.83,1.91436000,0
1505309961,21061217,49.85,2.07999000,0
1505309961,21061214,49.83,0.00000500,0
1505309960,21061210,49.83,15.57999500,0
1505309959,21061207,49.83,2.36636000,0
1505309959,21061206,49.83,13.21364000,0
1505309828,21061055,49.97,5.86814726,0
1505309715,21060948,49.85,5.00023000,0
1505309677,21060896,49.49,4.88713000,0
1505309675,21060894,49.49,7.49287000,0
1505309669,21060881,49.50,0.00000036,0
1505309666,21060880,49.50,15.22589782,0
1505309666,21060879,49.49,0.00000018,0
1505309664,21060873,49.49,11.79671200,0
1505309660,21060856,49.49,2.92328782,0
1505309659,21060853,49.50,59.00000000,0
1505309638,21060807,49.50,1.00000000,0
1505309629,21060798,49.50,4.00000000,0
1505309625,21060797,49.50,6.00000000,0
1505309624,21060796,49.50,1.00000000,0
1505309622,21060794,49.50,32.00000000,0
1505309552,21060719,49.47,7.82817600,1
1505309515,21060683,49.47,21.62436700,1
1505309492,21060655,49.51,1.00000000,1
1505309482,21060635,49.82,0.13912924,0
1505309466,21060619,49.52,73.40468950,1
1505309466,21060618,49.69,20.70560569,1
1505309465,21060617,49.69,3.48345800,1
1505309464,21060616,49.69,49.05000000,1
1505309432,21060568,49.53,11.94372600,1
1505309409,21060546,49.61,14.58000000,1
1505309404,21060540,49.61,1.00000000,1
1505309384,21060495,49.64,14.05038539,0
1505309382,21060493,49.71,1.00000000,1
1505309332,21060447,49.88,20.00023000,0
1505309292,21060358,49.70,2.50000000,0
1505309288,21060353,49.70,1.00000000,0
1505309238,21060294,49.71,4.01327701,0
1505309234,21060292,49.71,0.14081673,1
1505309224,21060286,49.79,1.82201000,1
1505309224,21060284,49.79,0.82201000,1
1505309219,21060280,49.71,1.00000000,0
1505309219,21060279,49.50,4.00549573,1
1505309219,21060278,49.51,1.00000000,1
1505309218,21060277,49.61,1.00000000,1
1505309218,21060276,49.64,3.20000000,1
1505309218,21060275,49.64,1.82201000,0
1505309218,21060274,49.68,0.14039310,1
1505309216,21060272,49.71,1.00000000,1
1505309151,21060188,50.01,6.98100379,0
1505309135,21060157,49.76,0.00000033,0
1505309132,21060148,49.76,0.14070000,1
1505309132,21060147,49.76,0.14070000,1
1505309132,21060146,49.76,0.14070000,1
1505309132,21060145,49.76,0.14070000,1
1505309132,21060144,49.76,0.14070000,1
1505309132,21060143,49.76,0.14070000,1
1505309132,21060142,49.76,0.14070000,1
1505309132,21060141,49.77,0.14070000,1
1505309132,21060140,49.77,0.14070000,1
1505309131,21060139,49.77,0.14070000,1
1505309131,21060138,49.77,0.14070000,1
1505309131,21060137,49.77,0.00001167,1
1505309062,21060037,49.86,0.14039310,1
1505309056,21060028,49.81,1.14000000,0
1505309054,21060026,49.80,106.58623006,1
1505309054,21060025,49.80,0.13935894,1
1505309054,21060024,49.81,1.00000000,1
1505309054,21060022,49.82,0.14000000,1
1505309053,21060020,49.89,1.00000000,1
1505309040,21060003,49.89,6.62000000,1
1505309040,21060001,49.89,7.62000000,1
1505309040,21060000,49.90,1.00000000,1
1505309039,21059998,49.91,1.00000000,0
1505309039,21059996,49.90,6.62000000,1
1505309039,21059995,49.91,1.00000000,1
1505309014,21059923,49.96,15.73000000,0
1505309005,21059888,49.96,18.69000000,0
1505309005,21059886,49.95,1.01700781,0
1505308984,21059750,49.95,3.00000000,0
1505308983,21059749,49.95,1.49233000,0
1505308980,21059734,49.95,2.17910078,0
1505308980,21059733,49.93,0.82089922,0
1505308980,21059731,49.93,1.12910078,1
1505308966,21059699,49.95,6.31515000,0
1505308966,21059698,49.95,18.42762800,0
1505308965,21059695,49.93,3.70413922,1
1505308961,21059680,49.95,0.25000000,0
1505308954,21059639,49.93,3.16656000,1
1505308948,21059596,49.95,15.58000000,1
1505308947,21059594,49.95,7.99980000,1
1505308931,21059438,50.00,0.14000000,1
1505308929,21059422,50.00,12.55065048,0
1505308929,21059420,49.99,38.45480000,0
1505308928,21059412,49.98,1.44304999,1
1505308928,21059409,49.98,0.00173241,1
1505308928,21059408,49.98,0.13773760,1
1505308927,21059401,49.99,57.00000000,0
1505308926,21059393,50.00,4.16401852,1
1505308926,21059391,50.00,3.62178800,1
1505308926,21059389,50.00,1.08312300,1
1505308926,21059387,50.00,8.81205100,1
1505308926,21059385,50.00,7.99980000,1
1505308925,21059379,50.00,4.31921948,1
1505308925,21059374,50.00,1.06328252,1
1505308925,21059373,50.00,7.99980000,1
1505308925,21059372,50.00,5.93691748,1
1505308925,21059371,50.00,0.91374752,1
1505308925,21059368,50.02,0.10000000,1
1505308924,21059353,50.00,9.91573000,1
1505308923,21059349,50.00,5.66941400,1
1505308923,21059346,50.00,3.50110848,1
1505308923,21059341,50.01,1.33535452,1
1505308922,21059336,50.01,8.06945200,1
1505308922,21059335,50.01,8.02801252,1
1505308922,21059331,50.01,1.00000000,1
1505308922,21059329,50.02,0.13928748,1
1505308897,21059144,50.26,0.00000465,1
1505308867,21059030,50.07,2.17589535,0
1505308864,21059022,50.08,8.41000000,1
1505308856,21058973,50.10,12.77818900,0
1505308856,21058972,50.10,10.70793600,0
1505308797,21058749,50.50,1.78458000,1
1505308789,21058686,50.50,1.21542000,1
1505308787,21058662,50.54,5.50000000,1
1505308787,21058659,50.54,0.01183745,1
1505308787,21058657,50.54,1.99000000,1
1505308787,21058652,50.54,5.90478255,1
1505308786,21058648,50.66,6.89143308,0
1505308784,21058623,50.54,6.45456000,1
1505308782,21058597,50.54,0.91039045,1
1505308773,21058512,50.76,1.42080378,1
1505308772,21058493,50.42,0.31026700,0
1505308771,21058492,50.42,2.00000000,0
1505308771,21058490,50.42,0.10000000,0
1505308771,21058489,50.20,20.00000000,1
1505308770,21058488,50.20,7.77638300,1
1505308770,21058487,50.20,0.76088000,1
1505308770,21058485,50.21,7.46273700,1
1505308770,21058483,50.21,14.50193100,1
1505308770,21058481,50.21,4.45533200,1
1505308769,21058476,50.42,0.11846600,0
1505308769,21058473,50.42,13.44677400,0
1505308769,21058471,50.39,2.01476000,0
1505308768,21058465,50.39,3.90100000,1
1505308768,21058463,50.39,2.21070500,1
1505308768,21058461,50.39,4.87353500,1
1505308768,21058460,50.39,2.01476000,1
1505308768,21058459,50.54,15.58000000,1
1505308706,21058139,50.91,14.86226240,0
1505308706,21058138,50.83,0.13773760,0
1505308705,21058130,50.54,0.00173241,1
1505308698,21058077,50.52,11.28116102,0
1505308698,21058076,50.51,31.55541947,0
1505308698,21058075,50.18,0.16341951,0
1505308698,21058069,50.18,3.16189564,0
1505308697,21058060,50.18,2.14709985,0
1505308697,21058059,50.18,5.22979993,0
1505308695,21058052,50.02,15.00000000,1
1505308694,21058036,50.28,9.20778307,1
1505308694,21058033,50.28,2.79221693,1
1505308694,21058031,50.43,1.00000000,1
1505308694,21058029,50.54,8.75778307,1
1505308694,21058027,50.54,15.13635200,1
1505308693,21058025,50.54,9.66393700,1
1505308693,21058024,50.54,3.71569600,1
1505308693,21058021,50.54,25.72623193,1
1505308693,21058019,50.62,37.27376807,1
1505308693,21058018,50.62,1.00000000,1
1505308692,21058009,50.62,12.00000000,1
1505308692,21058006,50.62,4.72623193,1
1505308692,21058004,50.67,0.13741656,1
1505308692,21058002,50.68,8.07000000,1
1505308691,21057998,50.68,40.42000000,1
1505308691,21057996,50.69,6.64635151,1
1505308691,21057986,50.69,13.35364849,1
1505308691,21057983,50.93,6.64635151,1
1505308690,21057982,50.93,12.77289900,1
1505308690,21057981,50.93,15.03439700,1
1505308690,21057978,50.93,5.54635249,1
1505308690,21057975,50.94,15.00000000,1
1505308690,21057971,50.95,0.13635151,1
1505308661,21057849,51.00,2.16642051,0
1505308659,21057846,50.99,0.10000000,0
1505308605,21057750,51.13,113.12942456,1
1505308603,21057743,51.13,52.00000000,1
1505308599,21057737,51.13,5.17110200,1
1505308543,21057654,51.13,92.00000000,1
1505308540,21057645,51.13,13.00000000,1
1505308539,21057643,51.15,15.00000000,1
1505308494,21057556,51.13,17.04328500,1
1505308421,21057479,51.13,105.00000000,1
1505308420,21057478,51.14,15.00000000,1
1505308349,21057362,51.13,25.39780931,1
1505308348,21057359,51.14,30.90830349,1
1505308340,21057335,51.13,26.35701800,1
1505308337,21057315,51.13,26.99999981,1
1505308334,21057311,51.14,48.39000000,1
1505308330,21057305,51.15,22.14000000,1
1505308315,21057288,51.27,1.66822703,0
1505308256,21057164,51.20,0.00000019,1
1505308254,21057159,51.20,19.99999981,1
1505308238,21057124,51.59,3.66950959,1
1505308237,21057121,51.53,1.25000000,0
1505308237,21057117,51.41,0.82749994,0
1505308235,21057112,51.40,6.25000000,0
1505308231,21057100,51.41,51.17250006,0
1505308231,21057099,51.40,0.82749994,0
1505308230,21057098,51.40,3.17250006,1
1505308204,21056981,51.48,17.35232100,0
1505308204,21056980,51.47,10.16000000,0
1505308203,21056978,51.39,48.11659800,0
1505308203,21056972,51.39,2.88340200,0
1505308198,21056952,51.40,0.62147800,1
1505308194,21056940,51.40,54.66175200,0
1505308190,21056929,51.40,1.33824800,0
1505308173,21056860,51.39,6.22165025,0
1505308156,21056821,51.46,2.00056573,0
1505308156,21056820,51.46,20.00000000,0
1505308143,21056779,51.13,32.52277220,0
1505308143,21056778,51.14,30.00000000,0
1505308142,21056775,51.15,2.59671274,0
1505308142,21056773,51.15,15.00000000,0
1505308141,21056770,51.15,48.54000000,1
1505308136,21056762,51.40,12.16789883,0
1505308136,21056761,51.31,10.16000000,1
1505308135,21056760,51.36,16.00000000,1
1505308134,21056759,51.30,9.52055600,1
1505308134,21056758,51.30,4.44483400,1
1505308134,21056757,51.30,8.25722200,1
1505308129,21056745,51.31,15.00000000,1
1505308129,21056743,51.32,1.75000000,1
1505308125,21056721,51.37,1.04630000,1
1505308125,21056720,51.37,1.04630000,1
1505308125,21056718,51.37,1.04630000,1
1505308125,21056716,51.37,1.04630000,1
1505308125,21056714,51.37,0.91000000,1
1505308124,21056711,51.37,0.91000000,1
1505308124,21056708,51.37,0.91000000,1
1505308118,21056694,51.38,1.04630000,1
1505308115,21056683,51.39,1.14630000,1
1505308114,21056682,51.39,1.04630000,1
1505308114,21056681,51.39,1.04630000,1
1505308114,21056680,51.39,1.04630000,1
1505308114,21056679,51.39,1.14630000,1
1505308114,21056677,51.39,1.04630000,1
1505308114,21056675,51.39,1.14630000,1
1505308104,21056654,51.40,1.14630000,1
1505308093,21056605,51.47,1.73869000,1
1505308091,21056602,51.48,14.23000000,0
1505308064,21056485,51.41,33.99919808,0
1505308064,21056483,51.41,15.00000000,1
1505308064,21056481,51.41,0.00080192,1
1505308053,21056447,51.49,0.03435923,1
1505308044,21056419,51.49,0.10000000,0
1505308041,21056410,51.41,1.14549808,1
1505308027,21056361,51.39,0.10000000,0
1505308027,21056360,51.37,0.13628872,0
1505308014,21056309,51.34,0.91000000,0
1505308007,21056290,51.34,1.10000000,0
1505307990,21056228,51.36,1.00000000,0
1505307925,21055918,50.95,0.13741656,1
1505307919,21055888,51.29,1.79572837,1
1505307917,21055851,51.16,7.48243158,0
1505307917,21055849,51.16,0.31000000,0
1505307909,21055822,51.16,0.13628872,0
1505307900,21055806,51.30,6.73684210,0
1505307900,21055805,51.29,0.10000000,0
1505307900,21055804,51.23,0.13664065,0
1505307899,21055802,51.19,0.10000000,0
1505307899,21055800,51.16,0.39000000,0
1505307899,21055799,51.16,1.93000000,0
1505307899,21055797,51.09,0.10000000,0
1505307898,21055787,50.99,0.03728301,0
1505307898,21055786,50.99,0.10000000,0
1505307897,21055784,50.99,0.10000000,0
1505307855,21055596,50.95,1.95780177,0
1505307852,21055583,50.94,1.95838241,0
1505307819,21055474,50.96,0.13664065,0
1505307816,21055457,50.98,6.21515000,0
1505307816,21055456,50.89,0.10000000,0
1505307807,21055417,50.87,2.73037358,1
1505307807,21055416,50.87,7.83190300,1
1505307805,21055406,50.87,15.58000000,0
1505307805,21055405,50.87,3.75772342,0
1505307805,21055404,50.79,0.10000000,0
1505307749,21055261,50.51,4.49850000,1
1505307715,21055162,50.70,91.70409809,1
1505307713,21055155,50.64,24.42736400,0
1505307702,21055127,50.61,4.47000000,1
1505307701,21055121,50.64,26.31421000,0
1505307700,21055118,50.64,6.25842600,0
1505307700,21055116,50.61,4.47000000,0
1505307608,21054891,50.71,0.39025833,1
1505307608,21054885,50.69,0.10000000,0
1505307606,21054860,50.59,0.10000000,0
1505307588,21054804,50.53,3.08999500,0
1505307552,21054735,50.45,1.17271699,1
1505307552,21054734,50.49,0.03728301,1
1505307549,21054731,50.49,0.10000000,0
1505307540,21054702,50.45,1.59084797,0
1505307539,21054694,50.45,2.88915203,0
1505307538,21054693,50.44,0.13879643,0
1505307494,21054625,50.35,1.77701771,1
1505307494,21054622,50.41,3.54298229,1
1505307487,21054597,50.35,0.00000500,0
1505307487,21054591,50.35,8.15999500,0
1505307485,21054587,50.24,114.39385257,0
1505307483,21054583,50.24,20.00000000,0
1505307478,21054578,50.24,1.46735100,0
1505307456,21054521,50.23,0.13935894,0
1505307397,21054398,50.23,15.58000000,1
1505307396,21054397,50.24,13.59595100,0
1505307396,21054396,50.23,15.58000000,0
1505307374,21054354,50.09,1.00000000,1
1505307364,21054327,50.24,0.99263535,0
1505307362,21054323,50.09,3.01000000,1
1505307353,21054299,50.25,0.13879643,0
1505307349,21054293,50.09,3.58000000,1
1505307344,21054281,50.10,0.13974052,0
1505307343,21054280,50.09,4.25000000,0
1505307325,21054253,50.09,1.04999500,0
1505307313,21054223,49.99,5.24984996,0
1505307304,21054184,50.00,1.95700000,0
1505307300,21054176,49.99,6.24000000,0
1505307292,21054154,50.00,1.54300000,0
1505307266,21054073,49.92,0.59485834,0
1505307265,21054072,49.91,1.66980566,0
1505307232,21053982,49.92,0.13974052,0
1505307227,21053977,49.76,0.14068833,0
1505307208,21053936,49.74,7.22640793,0
1505307208,21053932,49.74,15.58000000,0
1505307207,21053929,49.74,15.58000000,0
1505307064,21053621,49.74,10.20776980,0
1505307064,21053620,49.73,6.83551520,0
1505307063,21053617,49.73,1.95448480,0
1505307018,21053556,49.74,3.30818254,0
1505307016,21053551,49.73,9.65000000,0
1505307013,21053541,49.73,0.80000000,0
1505306913,21053436,49.74,0.74185766,0
1505306901,21053412,49.74,0.33856051,0
1505306884,21053386,49.74,0.17437000,0
1505306840,21053313,49.74,1.25693000,0
1505306840,21053312,49.73,13.83000000,0
1505306837,21053309,49.72,4.00023000,0
1505306736,21053094,49.68,18.00629500,1
1505306672,21052885,49.72,8.10163562,1
1505306670,21052872,49.60,1.68000000,0
1505306614,21052715,49.71,0.80023000,0
1505306603,21052673,49.74,3.45592156,0
1505306603,21052667,49.74,2.13000000,0
1505306603,21052665,49.73,1.26000000,0
1505306603,21052662,49.73,6.32000000,0
1505306590,21052596,49.73,1.10195706,0
1505306590,21052594,49.49,0.32080994,0
1505306590,21052593,49.49,1.64548800,1
1505306590,21052592,49.49,1.93174500,1
1505306564,21052495,49.47,3.35000000,0
1505306563,21052493,49.46,3.35000000,0
1505306559,21052486,49.34,1.01074179,1
1505306536,21052400,49.35,0.14184397,1
1505306536,21052396,49.46,0.14068833,0
1505306535,21052395,49.46,1.00000000,0
1505306439,21052136,49.34,1.77816782,1
1505306438,21052130,49.34,1.78000000,0
1505306416,21052071,49.01,11.57854753,0
1505306414,21052066,49.11,1.00000000,1
1505306414,21052065,49.12,7.42145247,1
1505306375,21051985,49.38,20.00000000,0
1505306363,21051946,49.40,20.00000000,0
1505306358,21051929,49.40,65.00000000,0
1505306349,21051903,49.39,5.00000000,0
1505306347,21051902,49.40,7.00000000,0
1505306321,21051849,49.42,2.01841360,0
1505306319,21051844,49.42,0.22043986,0
1505306274,21051753,48.93,10.63109202,1
1505306272,21051751,49.01,1.00000000,1
1505306239,21051631,49.10,65.00000000,0
1505306232,21051585,49.01,1.00000000,1
1505306196,21051407,49.26,0.26686502,0
1505306195,21051405,48.90,1.42145100,1
1505306193,21051393,49.25,46.00000000,0
1505306191,21051379,48.90,2.58549100,1
1505306191,21051377,48.93,24.63927200,0
1505306191,21051375,48.90,6.00536000,1
1505306191,21051374,48.91,1.00000000,1
1505306191,21051373,49.00,0.50000000,1
1505306184,21051339,49.00,6.50000000,1
1505306183,21051338,49.21,0.50000000,1
1505306183,21051336,49.21,0.50000000,0
1505306182,21051332,49.01,1.00000000,1
1505306156,21051220,49.18,5.00000000,0
1505306151,21051192,48.89,7.18380327,0
1505306151,21051190,48.92,3.35000000,1
1505306149,21051184,48.99,1.00000000,1
1505306142,21051141,48.91,5.00000000,1
1505306142,21051140,49.00,10.00000000,1
1505306137,21051114,49.03,10.00000000,1
1505306135,21051099,49.03,14.98000000,0
1505306135,21051098,49.02,0.02000000,0
1505306134,21051097,49.02,9.28560000,1
1505306134,21051096,49.02,0.02000000,1
1505306134,21051094,49.03,50.49000000,1
1505306133,21051087,49.03,9.30560000,1
1505306130,21051077,49.00,9.30555891,0
1505306127,21051069,49.00,4.00000000,0
1505306127,21051067,49.00,10.00000000,0
1505306123,21051046,49.00,2.03633639,0
1505306121,21051039,49.00,2.82927653,0
1505306118,21051022,49.00,3.00000000,0
1505306111,21050989,49.00,3.46477252,0
1505306107,21050953,48.96,0.35820000,0
1505306094,21050892,49.00,2.00000000,0
1505306091,21050890,49.00,1.00000000,0
1505306088,21050887,49.00,6.99857143,0
1505306087,21050885,48.96,0.43000000,0
1505306068,21050851,49.00,1.00000000,0
1505306065,21050833,49.00,4.36548422,0
1505306065,21050830,48.99,28.06000000,0
1505306065,21050828,48.96,0.64000000,0
1505306065,21050827,48.90,12.93451578,0
1505306061,21050802,48.90,1.00000000,0
1505306061,21050801,48.90,1.49657600,0
1505306055,21050779,48.89,17.34582800,0
1505306055,21050775,48.90,1.27750000,0
1505306054,21050773,48.90,9.29140822,0
1505306047,21050723,48.90,2.00000000,0
1505305982,21050499,48.62,3.60036330,1
1505305982,21050498,48.70,10.56632443,1
1505305982,21050497,48.70,2.76303901,1
1505305982,21050496,48.71,1.00000000,1
1505305981,21050495,48.72,15.00000000,0
1505305981,21050493,48.74,2.22343044,1
1505305981,21050492,48.74,3.70537546,1
1505305981,21050491,48.74,3.85207221,1
1505305979,21050489,48.81,0.13194082,1
1505305962,21050470,48.81,0.86805918,1
1505305879,21050224,48.75,22.99986400,0
1505305847,21050171,48.75,5.00000000,1
1505305832,21050108,48.90,11.17615149,1
1505305775,21050003,48.90,13.20858896,0
1505305756,21049985,48.80,47.14805600,1
1505305742,21049967,48.92,0.90862633,0
1505305696,21049915,48.70,0.73349022,1
1505305676,21049871,48.74,0.07359987,0
1505305676,21049869,48.74,3.78805908,0
1505305662,21049848,48.74,1.62494870,0
1505305662,21049847,48.74,6.01702411,0
1505305661,21049844,48.74,6.01702392,0
1505305661,21049843,48.74,0.01674189,0
1505305661,21049841,48.73,1.60000000,0
1505305659,21049835,48.74,6.01887009,0
1505305659,21049834,48.74,1.60853508,0
1505305657,21049831,48.74,1.35904801,0
1505305657,21049830,48.74,1.59868691,0
1505305653,21049824,48.74,7.61756257,0
1505305649,21049808,48.74,44.25989977,0
1505305649,21049807,48.74,53.38010023,0
1505305649,21049806,48.73,2.36000000,0
1505305643,21049796,48.74,9.42463274,0
1505305643,21049795,48.73,0.41000000,0
1505305621,21049733,48.74,0.60986869,0
1505305621,21049732,48.73,0.75000000,0
1505305620,21049729,48.74,14.64679934,0
1505305620,21049728,48.73,0.75000000,0
1505305527,21049522,48.70,0.00017336,0
1505305526,21049517,48.70,16.04086242,0
1505305525,21049516,48.70,2.76748305,0
1505305523,21049493,48.70,2.20328542,0
1505305515,21049459,48.70,5.06468172,0
1505305512,21049446,48.70,5.00000000,0
1505305510,21049437,48.70,2.10410876,0
1505305509,21049435,48.70,3.86000000,0
1505305477,21049350,48.70,2.10410677,0
1505305476,21049342,48.70,6.06160164,0
1505305475,21049340,48.52,1.96000000,1
1505305472,21049325,48.70,13.04283600,0
1505305471,21049320,48.70,20.72171500,0
1505305470,21049316,48.70,16.20246700,0
1505305463,21049298,48.70,100.00000000,0
1505305462,21049297,48.50,2.33000000,1
1505305457,21049277,48.70,2.99424500,0
1505305451,21049246,48.72,1.31999500,1
1505305450,21049243,48.74,1.93859900,0
1505305450,21049242,48.72,0.76000000,0
1505305449,21049238,48.50,3.80999998,1
1505305448,21049236,48.51,0.00000002,1
1505305447,21049223,48.72,1.19057462,0
1505305443,21049209,48.51,15.78185998,0
1505305441,21049205,48.51,2.15547810,0
1505305440,21049202,48.51,38.07788600,0
1505305440,21049198,48.51,3.55644430,0
1505305436,21049183,48.51,14.07800600,0
1505305436,21049182,48.50,6.58000000,0
1505305435,21049169,48.51,0.83577600,0
1505305432,21049156,48.44,1.62000000,0
1505305432,21049155,48.44,7.91702000,0
1505305430,21049148,48.44,0.20298000,0
1505305412,21049103,48.44,3.59971253,0
1505305403,21049058,48.51,0.41059781,0
1505305403,21049057,48.44,2.95000000,0
1505305403,21049056,48.44,14.74000000,0
1505305400,21049053,48.34,5.83700000,1
1505305398,21049044,48.34,1.69374542,0
1505305398,21049042,48.34,14.63000000,0
1505305390,21049025,48.34,5.43745000,0
1505305389,21049021,48.34,6.10219280,0
1505305389,21049020,48.34,1.32505690,0
1505305389,21049018,48.34,1.69938922,0
1505305388,21049011,48.34,1.68561119,0
1505305387,21049002,48.34,5.47196000,0
1505305385,21048990,48.34,3.39521998,0
1505305385,21048986,48.34,8.55937449,0
1505305385,21048985,48.34,9.42055351,0
1505305384,21048973,48.34,7.02916839,0
1505305378,21048951,48.34,19.96227500,0
1505305378,21048950,48.34,13.58800310,0
1505305378,21048949,48.34,50.00000000,0
1505305377,21048947,48.34,12.15426447,0
1505305377,21048943,48.32,9.50013243,0
1505305368,21048907,48.33,6.07986757,1
1505305367,21048900,48.33,2.49534450,0
1505305366,21048898,48.25,13.43250215,1
1505305365,21048890,48.34,3.91765962,0
1505305363,21048882,48.34,3.93472425,0
1505305363,21048877,48.34,20.00000000,0
1505305362,21048869,48.34,3.91150157,0
1505305361,21048855,48.34,0.75469784,0
1505305358,21048847,48.34,5.32715225,0
1505305358,21048846,48.33,7.67284775,0
1505305347,21048803,48.33,1.00000000,0
1505305347,21048799,48.33,15.54785600,0
1505305345,21048785,48.30,4.45237400,0
1505305345,21048784,48.30,1.05961400,0
1505305344,21048778,48.30,3.00601200,0
1505305343,21048771,48.30,1.00000000,0
1505305330,21048740,48.32,8.61899300,1
1505305330,21048738,48.33,7.00000000,0
1505305326,21048724,48.30,5.83004081,1
1505305325,21048723,48.30,10.74278219,1
1505305320,21048697,48.33,7.00000000,0
1505305318,21048685,48.30,15.58000000,0
1505305317,21048682,48.33,3.73995072,0
1505305317,21048681,48.30,6.26004928,0
1505305317,21048680,48.30,20.14347826,0
1505305317,21048677,48.30,20.06273291,0
1505305316,21048670,48.30,1.42484472,0
1505305306,21048627,48.30,2.76563146,0
1505305305,21048620,48.13,2.89729366,1
1505305298,21048588,48.21,0.00000002,0
1505305298,21048587,48.21,1.42759100,0
1505305287,21048528,48.12,20.00000000,1
1505305287,21048523,48.21,5.00000000,0
1505305280,21048485,48.21,11.00000000,0
1505305278,21048472,48.21,1.57240898,0
1505305276,21048463,48.21,2.00000000,0
1505305272,21048446,48.21,7.00000000,0
1505305267,21048410,48.12,179.48756114,1
1505305262,21048375,48.21,4.00000000,0
1505305254,21048343,48.21,10.00000000,0
1505305253,21048338,48.20,1.26825726,0
1505305249,21048323,48.20,8.79875518,0
1505305248,21048320,48.20,19.16659751,0
1505305217,21048171,48.22,3.00000000,0
1505305209,21048134,48.23,13.41894693,0
1505305189,21048034,48.24,2.17481358,0
1505305188,21048033,48.18,3.06944444,0
1505305182,21048015,48.01,5.38999500,1
1505305182,21048013,48.01,15.04787400,1
1505305176,21047994,48.01,3.33844622,0
1505305176,21047993,48.01,1.00000000,1
1505305176,21047992,48.04,3.62500000,1
1505305176,21047991,48.10,28.00000000,0
1505305174,21047989,48.11,1.00000000,1
1505305173,21047985,48.22,39.00000000,0
1505305167,21047967,48.12,3.90000000,1
1505305164,21047962,48.20,2.57960199,0
1505305161,21047955,48.24,1.93055555,1
1505305127,21047882,48.23,3.48341625,0
1505305127,21047881,48.23,2.76677714,0
1505305104,21047762,48.23,2.00907293,0
1505305017,21047559,48.28,1.69469759,0
1505304975,21047459,48.26,2.00023000,0
1505304918,21047255,48.30,1.83960838,0
1505304917,21047251,48.30,1.12265898,0
1505304907,21047148,48.18,12.49890000,1
1505304898,21047032,48.32,5.68729573,0
1505304898,21047031,48.31,11.77000000,0
1505304895,21047028,48.17,14.58500000,1
1505304895,21047026,48.18,35.41500000,1
1505304878,21046968,48.33,1.00271248,0
1505304878,21046967,48.31,7.60873020,0
1505304873,21046948,48.31,6.37126980,0
1505304848,21046868,48.33,7.03663305,0
1505304848,21046867,48.33,42.96336695,0
1505304848,21046866,48.32,60.00000000,0
1505304847,21046862,48.33,2.03663305,0
1505304846,21046843,48.38,5.00000000,1
1505304845,21046840,48.38,50.00000000,1
1505304834,21046810,48.25,0.30000000,1
1505304810,21046702,48.18,4.01000000,1
1505304810,21046698,48.18,25.24452400,1
1505304810,21046697,48.18,12.97615000,1
1505304810,21046696,48.19,4.01000000,1
1505304809,21046695,48.21,1.00000000,1
1505304802,21046664,48.31,1.00000000,1
1505304798,21046642,48.26,2.76932600,1
1505304797,21046634,48.26,4.20000000,1
1505304795,21046624,48.45,3.64213564,0
1505304795,21046620,48.45,2.73513068,0
1505304793,21046609,48.46,1.19514440,0
1505304793,21046605,48.46,2.79653679,0
1505304786,21046577,48.12,46.67845606,1
1505304786,21046574,48.16,9.10280886,1
1505304782,21046559,48.49,10.29078160,0
1505304780,21046556,48.18,3.03000000,1
1505304780,21046555,48.19,2.97000000,1
1505304780,21046554,48.20,1.00000000,1
1505304778,21046543,48.21,1.00000000,1
1505304773,21046510,48.25,54.00000000,1
1505304771,21046498,48.26,1.00000000,1
1505304768,21046484,48.28,2.69379300,0
1505304766,21046477,48.26,47.15459700,1
1505304766,21046476,48.29,12.84540300,1
1505304766,21046475,48.29,1.00000000,1
1505304765,21046472,48.29,26.87553800,1
1505304765,21046470,48.29,19.27905900,1
1505304761,21046444,48.28,2.12580500,0
1505304759,21046428,48.31,1.00000000,1
1505304685,21046006,48.50,2.98185941,0
1505304685,21046004,48.50,2.26775056,0
1505304685,21046001,48.50,2.49050783,0
1505304685,21045999,48.50,1.91000000,0
1505304685,21045993,48.50,0.30000000,0
1505304681,21045947,48.50,2.52715161,0
1505304678,21045926,48.26,2.17526383,1
1505304678,21045924,48.31,1.00000000,1
1505304678,21045923,48.31,0.50001017,1
1505304676,21045920,48.41,1.00000000,1
1505304670,21045886,48.50,2.20194861,1
1505304665,21045871,48.51,1.51492076,0
1505304660,21045814,48.51,2.97205670,0
1505304656,21045800,48.50,10.93000000,1
1505304649,21045732,48.51,2.78276923,0
1505304643,21045707,48.51,6.09000000,0
1505304640,21045704,48.50,115.52753633,1
1505304640,21045703,48.50,1.00000000,1
1505304640,21045701,48.50,2.47246367,1
1505304639,21045696,48.51,3.62420512,0
1505304631,21045669,48.51,7.12000000,1
1505304631,21045668,48.51,1.00000000,1
1505304620,21045646,48.67,7.25257000,0
1505304617,21045626,48.59,2.43784370,0
1505304616,21045622,48.59,0.67578837,0
1505304615,21045617,48.59,3.23991333,0
1505304613,21045605,48.59,3.89736823,0
1505304612,21045598,48.59,2.81481441,0
1505304609,21045575,48.59,1.09897092,0
1505304602,21045542,48.59,3.18745614,0
1505304601,21045534,48.59,3.13251282,0
1505304600,21045532,48.59,3.75506032,0
1505304600,21045524,48.59,7.91492799,0
1505304599,21045509,48.59,0.71125965,0
1505304599,21045503,48.59,6.36703638,0
1505304598,21045497,48.59,0.80652940,0
1505304598,21045490,48.59,3.90497849,0
1505304595,21045476,48.59,3.89930851,0
1505304594,21045465,48.59,3.88849490,0
1505304593,21045459,48.59,3.25548597,0
1505304593,21045457,48.67,3.42801568,0
1505304589,21045445,48.61,0.49750000,0
1505304588,21045438,48.61,0.50000000,1
1505304587,21045434,48.67,3.94157770,0
1505304582,21045417,48.75,13.89713701,0
1505304577,21045399,48.71,1.00000000,1
1505304553,21045316,48.90,1.06687116,0
1505304486,21045207,48.81,1.00000000,1
1505304486,21045206,48.81,1.00000000,1
1505304486,21045205,48.91,0.99990773,1
1505304445,21045129,48.91,0.00009227,0
1505304397,21045082,48.91,1.19505213,0
1505304396,21045079,48.87,15.00000000,1
1505304388,21045013,48.91,43.07500000,0
1505304386,21045011,48.82,1.58867750,1
1505304335,21044936,48.91,103.74000000,0
1505304335,21044935,48.90,9.26000000,0
1505304319,21044912,48.91,112.00000000,0
1505304316,21044891,48.90,1.00000000,1
1505304314,21044887,48.90,11.00000000,0
1505304299,21044843,48.91,3.63476387,0
1505304299,21044842,48.90,4.15934779,0
1505304296,21044837,48.90,8.91065221,0
1505304268,21044797,48.90,4.07975460,0
1505304254,21044778,48.77,1.00000000,1
1505304252,21044776,48.81,1.00000000,1
1505304234,21044735,48.77,1.00000000,1
1505304234,21044734,48.81,1.00000000,1
1505304167,21044593,48.90,1.21590676,0
1505304163,21044585,48.90,8.05470000,0
1505304152,21044561,48.91,6.32518574,0
1505304150,21044555,48.91,43.88165405,0
1505304150,21044554,48.90,11.13000000,0
1505304147,21044537,48.91,2.22199551,0
1505304147,21044535,48.91,6.32090249,0
1505304146,21044533,48.90,6.56543967,0
1505304142,21044527,48.69,17.69700000,1
1505304142,21044522,48.89,17.09488752,0
1505304141,21044515,48.89,2.67041504,0
1505304140,21044496,48.89,9.10427315,0
1505304139,21044494,48.91,26.66346350,0
1505304138,21044485,48.71,1.00000000,1
1505304138,21044484,48.81,1.00000000,1
1505304132,21044440,48.91,7.38662850,0
1505304129,21044417,48.91,7.37796594,0
1505304127,21044403,48.91,7.36949136,0
1505304125,21044383,48.91,7.36084729,0
1505304123,21044376,48.91,1.00000000,1
1505304089,21044295,49.01,1.79000000,1
1505304083,21044279,49.01,2.21000000,0
1505304071,21044238,49.00,23.71992505,1
1505304071,21044237,49.00,1.00000000,1
1505304071,21044236,49.00,12.11381300,1
1505304071,21044234,49.00,14.69022400,1
1505304071,21044232,49.00,5.94997600,1
1505304070,21044226,49.00,17.49262800,1
1505304065,21044206,49.01,4.14363900,0
1505304062,21044188,49.01,2.00000000,1
1505304062,21044187,49.01,1.99983026,1
1505304051,21044100,49.01,10.49000000,0
1505304050,21044097,49.01,2.00000000,0
1505304048,21044089,49.02,40.51489188,0
1505304047,21044081,49.02,37.86597308,0
1505304047,21044080,49.02,43.46022031,0
1505304046,21044076,49.02,10.09383925,0
1505304045,21044073,49.02,43.46022031,0
1505304044,21044066,49.01,13.33000000,0
1505304036,21044040,49.01,1.50000000,1
1505304030,21044019,49.02,16.08350238,0
1505304025,21044002,49.01,0.50000000,1
1505304025,21044000,49.02,12.66625300,0
1505304023,21043994,49.02,6.28629747,0
1505304022,21043991,49.02,12.66421300,0
1505304020,21043988,49.02,2.63055896,0
1505304019,21043983,49.02,18.68033455,0
1505304013,21043968,49.02,6.94756700,0
1505304005,21043946,49.02,2.13994288,0
1505304005,21043944,49.02,7.67523460,0
1505304004,21043933,49.02,43.72154222,0
1505304002,21043914,49.02,2.13933088,0
1505303998,21043895,49.02,14.50000000,1
1505303983,21043807,49.02,0.50000000,1
1505303942,21043624,49.02,0.50000000,1
1505303902,21043533,49.01,0.50000000,1
1505303892,21043523,49.01,0.25365649,1
1505303890,21043503,49.01,1.45399809,1
1505303888,21043501,49.09,0.55000191,1
1505303886,21043498,49.09,5.72712884,1
1505303886,21043497,49.09,6.27287116,1
1505303862,21043401,49.03,0.50000000,1
1505303860,21043394,49.21,14.34605000,0
1505303860,21043393,49.20,11.90000000,0
1505303860,21043390,49.19,4.22000000,0
1505303854,21043376,49.19,3.43225500,0
1505303850,21043370,49.21,38.17000000,0
1505303850,21043368,49.20,11.83000000,0
1505303849,21043365,49.10,7.65999997,0
1505303848,21043361,49.10,15.40556500,0
1505303848,21043360,49.09,7.66000000,0
1505303841,21043329,49.09,6.05295315,0
1505303819,21043272,49.02,1.00000000,0
1505303819,21043271,49.04,19.53268862,1
1505303818,21043270,49.03,0.50000000,0
1505303741,21043199,49.19,8.97859500,0
1505303741,21043198,49.01,0.50000000,1
1505303737,21043192,49.00,105.03343395,1
1505303736,21043191,49.01,1.00000000,1
1505303736,21043190,49.11,1.00000000,1
1505303736,21043189,49.12,33.64413680,1
1505303734,21043186,49.15,5.00051225,1
1505303734,21043185,49.15,5.00051225,1
1505303734,21043184,49.15,5.00051225,1
1505303734,21043183,49.15,0.32089250,1
1505303704,21043126,49.20,7.69776422,0
1505303701,21043117,49.15,0.20000000,1
1505303698,21043114,49.15,4.47961975,1
1505303698,21043113,49.15,0.52089325,1
1505303688,21043096,49.15,4.47961900,1
1505303688,21043095,49.16,5.52140500,1
1505303687,21043090,49.20,3.78075828,0
1505303684,21043073,49.16,8.97859500,1
1505303680,21043054,49.16,0.50000000,1
1505303672,21043023,49.15,4.50000000,0
1505303672,21043022,49.15,15.00000000,0
1505303665,21042966,49.19,4.38462086,0
1505303659,21042953,49.20,4.38462086,0
1505303658,21042949,49.19,3.06705300,0
1505303654,21042944,49.20,4.38462086,0
1505303648,21042924,49.21,4.38462086,0
1505303627,21042900,49.21,4.38914854,0
1505303619,21042895,49.21,2.00000000,1
1505303612,21042892,49.13,9.22398074,1
1505303612,21042890,49.21,2.00000000,1
1505303611,21042889,49.24,11.31236402,0
1505303611,21042888,49.24,26.89000000,0
1505303577,21042827,49.12,0.59000000,1
1505303555,21042778,49.21,2.00000000,1
1505303418,21042611,49.28,1.00023000,0
1505303370,21042546,49.12,9.54483538,1
1505303369,21042545,49.12,7.87377850,1
1505303356,21042529,49.14,1.06789000,1
1505303354,21042521,49.16,1.06789000,1
1505303352,21042518,49.14,1.06789000,1
1505303349,21042513,49.15,1.06789000,1
1505303347,21042505,49.16,0.56779000,1
1505303347,21042503,49.21,0.50000000,1
1505303322,21042476,49.21,0.50000000,1
1505303319,21042470,49.31,0.88302208,1
1505303319,21042467,49.31,1.11697792,0
1505303273,21042425,49.15,0.50000000,1
1505303257,21042401,49.17,1.34266849,0
1505303257,21042400,49.21,0.75733151,1
1505303255,21042397,49.31,1.00000000,1
1505303241,21042380,49.38,1.00000000,0
1505303238,21042377,49.34,5.16729191,1
1505303238,21042376,49.34,1.03302100,1
1505303221,21042355,49.44,8.00000000,0
1505303179,21042315,49.44,8.41497223,0
1505303178,21042314,49.42,3.59869446,1
1505303177,21042313,49.42,2.72778500,0
1505303163,21042289,49.34,1.01777000,1
1505303119,21042249,49.34,2.78191709,1
1505303119,21042248,49.37,0.61270391,1
1505303112,21042243,49.37,3.13956000,1
1505303089,21042221,49.43,2.00788995,0
1505303068,21042201,49.42,2.00023000,0
1505303058,21042197,49.31,1.00000000,1
1505303027,21042160,49.22,9.13185697,1
1505302980,21042056,49.31,1.00000000,1
1505302978,21042054,49.32,3.60000000,1
1505302957,21042037,49.41,1.00000000,0
1505302853,21041905,49.33,2.02229880,0
1505302847,21041903,49.33,3.86000000,0
1505302812,21041850,49.21,0.24266849,1
1505302803,21041832,49.25,1.44871300,0
1505302801,21041826,49.25,23.56318800,0
1505302768,21041792,49.25,2.81216900,0
1505302762,21041788,49.25,12.43847000,0
1505302759,21041787,49.25,9.73746000,0
1505302724,21041739,49.35,21.79102233,0
1505302715,21041725,49.42,2.01861594,1
1505302678,21041654,49.15,0.51103676,1
1505302668,21041647,49.16,0.51103676,1
1505302667,21041645,49.45,13.78323333,0
1505302656,21041628,49.15,0.25497400,1
1505302646,21041607,49.14,0.25497400,1
1505302638,21041585,49.12,2.91538988,1
1505302638,21041583,49.12,1.15614820,1
1505302637,21041582,49.20,8.05000000,1
1505302637,21041581,49.21,1.00000000,1
1505302637,21041580,49.31,1.00000000,1
1505302615,21041541,49.27,0.29212464,1
1505302605,21041511,49.28,0.29212464,1
1505302603,21041488,49.28,15.14784200,0
1505302588,21041438,49.18,44.85115800,1
1505302587,21041434,49.19,0.00964246,1
1505302587,21041433,49.44,1.99135754,1
1505302586,21041428,49.41,1.00312000,0
1505302538,21041221,49.10,0.50000000,1
1505302523,21041173,48.98,0.84000000,0
1505302520,21041170,48.98,0.47000000,0
1505302520,21041169,48.98,6.53000000,0
1505302514,21041156,48.98,9.65000000,0
1505302501,21041114,48.79,2.48521009,0
1505302499,21041101,48.79,8.97478991,0
1505302478,21041072,48.66,0.33501439,1
1505302469,21041062,48.79,0.76680000,0
1505302451,21041018,48.61,0.50000000,1
1505302444,21040989,48.65,13.57163200,1
1505302443,21040988,48.65,20.59246300,1
1505302422,21040921,48.76,20.45734208,0
1505302399,21040836,48.50,0.52753633,1
1505302399,21040835,48.50,5.34742268,1
1505302399,21040832,48.51,0.50000000,1
1505302398,21040829,48.52,3.62504099,1
1505302383,21040811,48.84,0.61261261,0
1505302377,21040808,48.51,0.50000000,1
1505302369,21040780,48.61,1.00000000,1
1505302306,21040614,48.67,48.13048804,1
1505302296,21040589,48.55,0.50000000,1
1505302284,21040543,48.89,7.00940000,0
1505302279,21040506,48.89,1.00023000,0
1505302255,21040444,48.55,48.50000000,1
1505302255,21040442,48.61,1.00000000,1
1505302255,21040440,48.70,0.50000000,1
1505302245,21040424,48.71,1.00000000,1
1505302245,21040423,48.80,1.00000000,1
1505302245,21040421,48.81,1.00000000,1
1505302232,21040396,48.87,2.80000000,0
1505302194,21040312,48.90,0.50000000,1
1505302191,21040310,48.91,1.00000000,1
1505302184,21040307,48.95,34.59577476,1
1505302172,21040291,49.01,1.00000000,1
1505302156,21040275,49.05,5.00023000,0
1505302148,21040259,49.05,6.46200000,0
1505302144,21040248,49.05,1.45100000,0
1505302139,21040239,49.05,14.00000000,0
1505302108,21040166,49.08,6.88060309,0
1505302107,21040165,49.04,1.23700000,1
1505302101,21040150,49.01,5.77640000,0
1505302101,21040147,49.01,1.00000000,1
1505302099,21040139,49.08,2.53000500,0
1505302091,21040116,49.08,2.46999500,0
1505302083,21040096,48.95,9.96672000,1
1505302083,21040094,49.03,2.36328000,1
1505302082,21040093,48.94,5.00000000,0
1505302082,21040092,48.93,0.00000524,0
1505302082,21040089,48.93,49.56250600,0
1505302078,21040077,48.93,1.00000000,0
1505302078,21040074,48.93,7.14911069,0
1505302076,21040064,48.93,11.20573800,0
1505302076,21040063,48.93,5.00000000,0
1505302075,21040060,48.92,0.65906376,0
1505302074,21040056,48.92,3.93019411,0
1505302074,21040054,48.92,5.11592655,0
1505302072,21040052,48.92,3.00000000,0
1505302072,21040050,48.92,1.31481558,0
1505302069,21040041,48.93,51.67318647,0
1505302069,21040040,48.92,8.69749953,0
1505302067,21040034,48.92,3.55496667,0
1505302067,21040032,48.92,12.74753380,0
1505302065,21040020,48.93,7.01340000,0
1505302043,21039976,48.93,1.10668000,0
1505302037,21039962,48.93,1.00000000,0
1505302025,21039936,48.92,3.63538055,1
1505302024,21039931,48.93,49.83000000,1
1505302024,21039930,48.93,1.53361945,1
1505302019,21039915,49.10,1.00312000,0
1505302011,21039901,48.95,0.50000000,0
1505301933,21039660,49.12,1.39067589,0
1505301933,21039659,49.12,4.27809446,0
1505301893,21039516,49.11,5.16932100,0
1505301888,21039499,48.92,0.50000000,1
1505301887,21039498,49.11,2.79067399,0
1505301884,21039492,49.11,7.95999500,0
1505301865,21039427,49.04,0.00000008,1
1505301865,21039426,49.12,4.00000000,0
1505301864,21039424,49.04,7.85239346,1
1505301864,21039423,49.04,7.85239354,1
1505301859,21039396,49.04,13.08421696,0
1505301857,21039388,49.04,13.06338950,0
1505301855,21039377,49.12,2.96516676,0
1505301854,21039376,49.05,0.84712965,0
1505301852,21039371,49.05,16.15287035,1
1505301849,21039370,49.05,3.93899372,0
1505301847,21039364,49.05,20.06100628,0
1505301845,21039352,48.94,0.50000000,1
1505301843,21039340,48.99,0.52700534,1
1505301843,21039339,49.00,10.00000000,1
1505301843,21039338,49.01,1.00000000,1
1505301807,21039258,49.36,51.20894020,0
1505301806,21039256,49.35,4.85000000,1
1505301806,21039255,49.32,0.97000000,1
1505301806,21039254,49.27,80.00000000,1
1505301806,21039251,49.23,60.00000000,1
1505301804,21039243,49.09,0.00000033,0
1505301794,21039198,49.09,5.24999967,0
1505301791,21039194,48.99,0.23298966,1
1505301788,21039186,49.09,6.01000000,0
1505301783,21039168,49.08,1.63000000,1
1505301772,21039104,49.10,19.81169475,0
1505301769,21039077,49.10,53.00000000,0
1505301766,21039071,49.01,1.42000000,1
1505301766,21039070,49.01,7.10000000,1
1505301762,21039061,48.99,0.93000000,1
1505301761,21039058,49.01,47.40195300,0
1505301759,21039036,48.99,1.88644417,1
1505301759,21039034,48.99,1.69000000,0
1505301757,21039007,48.96,2.53401381,0
1505301756,21038998,48.96,5.91598619,0
1505301740,21038963,49.00,3.80749700,0
1505301733,21038945,49.00,5.45000000,0
1505301717,21038924,48.98,5.30000000,0
1505301711,21038917,48.99,5.30000000,0
1505301703,21038911,48.97,5.30000000,1
1505301690,21038887,49.02,6.53209704,0
1505301676,21038852,49.00,18.00000000,1
1505301676,21038851,49.00,4.71109252,1
1505301675,21038850,49.01,1.00000000,1
1505301652,21038826,49.01,5.09000000,0
1505301648,21038821,49.01,1.00000000,1
1505301619,21038797,49.01,8.29453281,1
