date,tid,price,amount,type
1505347017,21103087,61.85,0.10000000,0
1505346574,21102868,61.62,0.95932847,1
1505346574,21102867,61.62,0.95932847,1
1505346574,21102866,61.62,0.95932847,1
1505346574,21102865,61.62,0.95932847,1
1505346548,21102852,61.65,0.10000000,0
1505346475,21102685,61.62,9.02000000,1
1505346167,21102434,61.52,1.15815994,0
1505346152,21102427,61.51,0.56258505,1
1505346152,21102426,61.54,0.28599285,1
1505346152,21102425,61.68,1.15142210,1
1505346019,21102330,61.93,0.10000000,0
1505346013,21102324,61.81,30.37500000,1
1505345940,21102223,61.88,1.15142210,1
1505345933,21102215,62.08,1.14384331,1
1505345914,21102137,62.16,49.11098966,1
1505345900,21102113,62.16,40.00000000,1
1505345892,21102095,62.16,40.00000000,1
1505345887,21102087,62.16,1.39781400,1
1505345887,21102086,62.17,5.16478600,1
1505345887,21102084,62.17,6.83521400,1
1505345877,21102073,62.23,5.50189559,1
1505345869,21102066,62.23,140.10700000,1
1505345849,21102059,62.23,48.91000000,1
1505345845,21102057,62.23,35.39956198,1
1505345844,21102056,62.24,4.60043802,1
1505345780,21102026,62.25,10.00000000,1
1505345750,21102007,62.25,40.00000000,1
1505344721,21101563,62.24,16.89322452,1
1505344708,21101552,62.24,19.41000000,0
1505344687,21101530,62.42,4.18542700,1
1505344661,21101523,62.42,1.98041912,0
1505344661,21101522,62.42,2.20500801,0
1505344656,21101519,62.42,4.18542713,0
1505344654,21101517,62.42,6.71956486,0
1505344654,21101515,62.41,9.42922039,0
1505344653,21101514,62.41,13.11000000,0
1505344653,21101513,62.41,6.30000000,0
1505344413,21101367,62.60,1.34420615,0
1505344409,21101365,62.62,3.90000000,1
1505344397,21101361,62.64,6.53272669,1
1505344397,21101360,62.64,7.63999500,1
1505344214,21101313,62.64,1.34097783,0
1505343799,21101198,62.73,1.31023600,1
1505343798,21101197,62.72,0.68976400,0
1505343776,21101192,62.72,2.31023600,0
1505343658,21101148,62.49,1.09101416,0
1505343658,21101147,62.49,1.07908700,0
1505343651,21101145,62.49,1.09101400,0
1505343650,21101143,62.49,1.24867978,0
1505343634,21101134,62.49,3.41878100,0
1505343630,21101129,62.49,4.50979500,0
1505343614,21101126,62.49,11.22700000,0
1505343613,21101125,62.49,5.00000000,0
1505343609,21101122,62.49,1.57269800,0
1505343608,21101121,62.49,4.20184400,0
1505343606,21101120,62.49,5.00000000,0
1505343600,21101116,62.49,15.08300000,0
1505343587,21101112,62.49,35.39664806,0
1505343586,21101111,62.49,0.90657646,0
1505343586,21101110,62.49,113.18560000,0
1505343580,21101107,62.49,14.49460000,0
1505343576,21101104,62.49,31.49366254,0
1505343365,21100994,62.54,1.00000000,0
1505343037,21100764,62.29,0.10000000,0
1505342985,21100724,62.29,6.84227300,0
1505342966,21100713,62.38,10.00000000,0
1505342954,21100708,62.29,1.88000000,1
1505342954,21100707,62.29,10.21652160,1
1505342953,21100706,62.29,1.00000000,1
1505342941,21100696,62.29,1.14384331,1
1505342935,21100695,62.29,0.74963509,0
1505342934,21100694,62.29,13.11000000,1
1505342934,21100693,62.29,1.14036491,1
1505342667,21100555,62.60,0.94952325,1
1505342561,21100482,62.69,29.76550212,1
1505342553,21100478,62.70,4.05465600,1
1505342551,21100477,62.70,0.50000000,0
1505342551,21100476,62.70,0.18237800,0
1505342551,21100475,62.65,0.18296600,0
1505342535,21100469,62.60,0.18355400,0
1505342532,21100466,62.55,0.18404400,0
1505342521,21100461,62.54,0.97303122,0
1505342508,21100449,62.54,0.16632338,0
1505342508,21100448,62.52,1.18399662,0
1505342448,21100402,62.52,1.81600338,0
1505342448,21100401,62.52,1.18399662,0
1505342416,21100339,62.52,1.13398163,0
1505342415,21100338,62.50,1.14036491,1
1505342413,21100336,62.50,5.21331349,0
1505342411,21100334,62.50,7.87887100,0
1505342409,21100333,62.50,36.90781551,0
1505342409,21100332,62.49,0.98650349,0
1505342408,21100331,62.49,0.15381700,0
1505342400,21100324,62.30,7.67281681,0
1505342397,21100322,62.30,47.13914200,0
1505342391,21100312,62.30,45.66935500,0
1505342388,21100311,62.30,2.86085800,0
1505342386,21100308,62.30,37.70800000,0
1505342382,21100298,62.30,14.24310100,0
1505342381,21100297,62.30,32.03295536,0
1505342375,21100282,62.30,336.20800000,0
1505342372,21100277,62.30,32.03295536,0
1505342370,21100273,62.30,176.02900000,0
1505342360,21100255,62.30,32.06488519,0
1505342347,21100238,62.30,32.06488519,0
1505342275,21100197,62.29,0.24000000,1
1505342262,21100188,62.29,0.28000000,1
1505342249,21100179,62.29,0.33000000,1
1505342227,21100165,62.30,31.21488519,0
1505342209,21100153,62.29,0.40000000,1
1505342201,21100143,62.30,1.32499100,0
1505342186,21100136,62.30,11.59863900,0
1505342182,21100135,62.30,54.16985600,0
1505342181,21100134,62.30,4.94528100,0
1505342157,21100111,62.29,0.47000000,1
1505342143,21100104,62.29,0.56000000,1
1505342130,21100082,62.29,0.66000000,1
1505342129,21100081,62.30,1.25706000,0
1505342117,21100053,62.29,0.79000000,1
1505342104,21100036,62.29,0.94000000,1
1505342090,21100010,62.29,1.12000000,1
1505342077,21099988,62.29,1.32000000,1
1505342067,21099968,62.30,21.51488519,0
1505342064,21099962,62.29,1.57000000,1
1505342051,21099958,62.29,1.87000000,1
1505342038,21099948,62.29,2.22000000,1
1505342024,21099938,62.29,2.64000000,1
1505342019,21099934,62.30,13.51488519,0
1505342012,21099928,62.29,3.14000000,1
1505342002,21099914,62.29,3.72000000,0
1505341991,21099909,62.29,4.43000000,0
1505341979,21099900,62.30,1.13935460,0
1505341973,21099899,62.30,0.12420892,0
1505341973,21099898,62.29,5.26000000,0
1505341970,21099897,62.21,1.14532599,0
1505341961,21099893,62.17,5.38420892,0
1505341959,21099892,62.17,43.45700000,0
1505341950,21099885,62.17,25.10047283,0
1505341950,21099884,62.17,11.20275169,0
1505341941,21099872,62.17,0.49610400,0
1505341937,21099870,62.17,2.65907400,0
1505341934,21099868,62.17,36.30322452,0
1505341922,21099852,62.17,39.66956753,0
1505341921,21099851,62.17,0.85563800,0
1505341920,21099849,62.17,10.59658999,0
1505341908,21099828,62.17,8.16016016,0
1505341890,21099805,62.17,11.07579200,0
1505341885,21099798,62.17,0.10000000,0
1505341880,21099792,62.17,26.08394248,0
1505341876,21099786,62.17,41.01557200,0
1505341871,21099772,62.17,92.00000000,0
1505341868,21099763,62.17,90.00000000,0
1505341833,21099723,62.17,2.75921700,0
1505341823,21099720,62.17,6.33888200,0
1505341810,21099709,62.17,0.63175500,0
1505341787,21099687,62.16,6.61000000,1
1505341774,21099683,62.16,7.86000000,1
1505341761,21099678,62.16,9.34000000,1
1505341757,21099677,62.16,11.49185952,1
1505341747,21099674,62.16,11.09000000,1
1505341744,21099671,62.16,6.00000000,1
1505341743,21099670,62.16,13.18000000,0
1505341704,21099651,62.16,0.80228443,0
1505341630,21099581,62.08,1.41994185,1
1505341618,21099559,62.17,14.50431001,0
1505341618,21099558,62.16,10.31000000,0
1505341589,21099524,61.97,4.02374410,1
1505341446,21099399,62.16,1.98578678,0
1505341445,21099397,62.16,0.10000000,0
1505341445,21099394,62.16,0.10000000,0
1505341397,21099378,61.97,9.11280000,1
1505341371,21099360,62.16,0.10000000,0
1505341278,21099330,62.15,0.32380952,0
1505341237,21099300,62.12,0.10000000,0
1505341196,21099279,62.06,0.10000000,0
1505341196,21099278,62.06,0.10000000,0
1505341036,21099202,62.17,0.10000000,0
1505341035,21099201,62.17,3.83750444,0
1505341035,21099200,62.16,12.18000000,0
1505341018,21099193,62.16,2.50820557,0
1505341017,21099191,62.16,3.19610000,0
1505341017,21099190,62.16,2.79250000,0
1505341017,21099188,62.16,0.10000000,0
1505341016,21099186,62.16,0.10000000,0
1505340720,21099005,62.16,1.14032049,0
1505340707,21098982,62.17,27.71637288,0
1505340707,21098981,62.16,7.44000000,0
1505340707,21098980,62.13,1.14685164,0
1505340585,21098760,61.94,0.00894548,0
1505340506,21098703,62.02,5.96322452,1
1505340479,21098678,61.79,2.00000000,0
1505340478,21098676,61.77,2.00000000,0
1505340348,21098539,61.76,17.00000000,1
1505340289,21098460,61.50,69.35434318,0
1505340287,21098459,61.50,13.34000000,0
1505340280,21098446,61.50,129.44884300,0
1505340271,21098442,61.50,47.00300000,0
1505340271,21098439,61.50,13.15218700,0
1505340269,21098438,61.49,13.34000000,1
1505340267,21098432,61.50,22.53915600,0
1505340239,21098397,61.50,2.63926100,0
1505340239,21098396,61.49,9.20135300,0
1505340233,21098394,61.49,2.00000000,0
1505340230,21098391,61.49,0.87864700,1
1505340209,21098382,61.44,14.55000000,0
1505340132,21098310,61.40,6.49837134,0
1505339974,21098236,61.49,5.24573101,0
1505339846,21098199,61.20,5.00000000,0
1505339799,21098189,61.49,0.10000000,0
1505339767,21098181,61.56,0.10000000,0
1505339515,21098070,61.34,0.00005435,0
1505339491,21098060,61.34,5.14000000,0
1505339120,21097878,61.46,0.10000000,0
1505339120,21097877,61.46,10.00000000,0
1505339096,21097854,61.55,50.00000000,0
1505339096,21097853,61.46,50.00000000,0
1505339076,21097838,61.26,5.14000000,1
1505339074,21097837,61.33,17.86000000,1
1505338889,21097735,61.69,7.07388435,0
1505338889,21097734,61.68,17.09086559,0
1505338823,21097662,61.42,2.50000000,1
1505338725,21097619,61.79,11.89393323,1
1505338725,21097618,61.66,2.00000000,0
1505338723,21097617,61.59,2.00000000,0
1505338669,21097585,61.33,2.00000000,1
1505338612,21097552,61.30,10.00000000,1
1505338547,21097536,61.34,4.50800000,0
1505338547,21097535,61.26,0.49200000,0
1505338515,21097524,61.26,9.50800000,0
1505338380,21097481,61.32,1.01663405,0
1505337659,21097129,61.17,3.98767148,1
1505337656,21097117,61.24,18.73510043,0
1505337644,21097105,61.28,18.39312127,0
1505337624,21097077,61.43,18.99999981,0
1505337591,21097066,61.33,1.16174792,0
1505337573,21097057,61.27,17.48765177,0
1505337572,21097056,61.31,40.00000000,1
1505337572,21097055,61.31,1.15834823,1
1505337572,21097054,61.35,31.97400000,1
1505337571,21097053,61.44,0.38000000,1
1505337334,21096864,61.44,0.76039000,1
1505337325,21096862,61.44,1.61235604,1
1505337318,21096855,61.60,0.40200000,0
1505337241,21096802,61.64,10.22565547,1
1505337176,21096743,61.87,0.24117363,0
1505337131,21096722,61.97,16.48135023,1
1505337130,21096721,61.97,10.43000000,0
1505336820,21096598,61.88,5.45241842,0
1505336727,21096521,61.86,8.41009529,0
1505336702,21096513,61.88,14.15975465,0
1505336702,21096512,61.88,0.13000000,0
1505336702,21096511,61.87,0.13000000,0
1505336701,21096510,61.86,1.33490000,0
1505336686,21096507,61.88,1.98609529,0
1505336685,21096506,61.88,5.63200000,0
1505336685,21096505,61.87,0.79200000,0
1505336389,21096332,61.70,30.00000000,1
1505336128,21096239,61.88,0.10000000,0
1505336099,21096235,61.88,0.10000000,0
1505336099,21096234,61.88,0.14514515,0
1505336094,21096229,61.80,45.24624800,0
1505336093,21096228,61.80,1.60952800,0
1505336080,21096221,61.79,52.65000000,0
1505336045,21096193,61.79,0.15000000,0
1505336038,21096187,61.79,0.10000000,0
1505336038,21096185,61.79,0.10000000,0
1505336020,21096158,61.78,0.13000000,1
1505335931,21096055,62.00,1.37788383,0
1505335875,21096029,62.00,1.14532599,0
1505335870,21096022,61.98,10.07936516,1
1505335869,21096021,61.98,13.11000000,1
1505335867,21096020,61.96,13.11000000,0
1505335867,21096019,61.92,0.00385895,0
1505335761,21095916,61.78,1.37128000,1
1505335717,21095862,61.86,1.15187680,0
1505335715,21095859,61.70,14.42442381,0
1505335715,21095858,61.69,0.42000000,1
1505335712,21095853,61.70,100.00000000,0
1505335704,21095840,61.70,177.70000000,0
1505335702,21095837,61.70,6.11403600,0
1505335702,21095836,61.69,0.50000000,0
1505335701,21095832,61.68,1.15834823,1
1505335701,21095829,61.70,101.00000000,0
1505335700,21095828,61.70,3.29671059,0
1505335700,21095827,61.69,3.34928941,0
1505335700,21095826,61.69,1.15071059,0
1505335697,21095821,61.70,107.29737400,0
1505335695,21095816,61.70,177.70000000,0
1505335694,21095814,61.70,173.79100000,0
1505335693,21095811,61.70,7.50000000,0
1505335693,21095810,61.69,0.60000000,0
1505335661,21095782,61.70,7.69000000,0
1505335661,21095780,61.69,0.71000000,0
1505335573,21095673,61.70,18.13000000,0
1505335573,21095672,61.69,0.85000000,0
1505335573,21095671,61.69,5.22000000,0
1505335532,21095642,61.69,0.10000000,0
1505335467,21095576,61.67,0.10000000,0
1505335438,21095558,61.58,2.32000000,1
1505335429,21095546,61.58,10.42878079,1
1505335409,21095521,61.27,1.16288558,0
1505335407,21095517,61.64,1.15187680,0
1505335400,21095507,61.65,14.68341713,1
1505335398,21095504,61.65,0.75878887,1
1505335398,21095502,61.57,0.13000000,0
1505335397,21095501,61.49,2.01000000,0
1505335368,21095476,61.39,1.66774801,0
1505335361,21095455,61.37,4.79943295,1
1505335025,21095168,61.51,2.67584566,1
1505334903,21095101,61.51,0.23200000,1
1505334836,21095060,61.50,2.00000000,0
1505334836,21095059,61.48,12.58936234,0
1505334807,21095043,61.48,1.99963766,0
1505334805,21095041,61.50,2.00000000,1
1505334776,21095024,61.69,0.10000000,0
1505334420,21094784,61.62,0.10000000,1
1505334391,21094756,61.70,4.70858995,0
1505334389,21094755,61.69,5.72000000,0
1505334360,21094732,61.69,0.13000000,0
1505334269,21094710,61.69,0.18000000,0
1505334247,21094703,61.70,11.61650327,0
1505334246,21094702,61.69,6.86000000,0
1505334198,21094669,61.69,0.18000000,0
1505334177,21094653,61.70,10.89695454,0
1505334177,21094651,61.69,6.96000000,0
1505334177,21094650,61.59,0.61954873,0
1505334175,21094648,61.59,18.19394800,1
1505334175,21094646,61.61,0.12000000,1
1505334175,21094645,61.61,11.00000000,1
1505334160,21094629,61.69,3.28101700,0
1505334139,21094621,61.70,17.64956157,0
1505334139,21094620,61.69,18.65366254,0
1505334135,21094618,61.70,5.63650327,0
1505334135,21094617,61.70,49.43135800,0
1505334130,21094614,61.70,5.41698500,0
1505334124,21094613,61.69,12.84000000,0
1505334053,21094568,61.60,0.00001658,0
1505334052,21094567,61.60,12.19098942,0
1505334031,21094556,61.61,27.80899400,0
1505333968,21094504,61.75,262.80675100,1
1505333959,21094499,61.76,24.33471848,0
1505333947,21094487,61.75,2.95968302,1
1505333919,21094473,61.75,40.00000000,1
1505333903,21094458,61.75,98.00000000,1
1505333882,21094446,61.75,22.41000000,1
1505333882,21094444,61.76,17.59000000,1
1505333868,21094437,61.76,7.09710000,1
1505333867,21094435,61.75,32.90290000,1
1505333851,21094395,61.76,7.09710000,1
1505333841,21094379,61.75,29.75539094,1
1505333831,21094368,61.85,29.61322452,1
1505333819,21094359,61.73,0.11341449,0
1505333647,21094160,61.60,95.71682111,0
1505333644,21094155,61.60,98.00000000,0
1505333634,21094145,61.60,18.29650327,0
1505333629,21094133,61.60,0.18000000,0
1505333611,21094112,61.60,18.47650327,0
1505333609,21094107,61.60,80.02399000,0
1505333606,21094102,61.60,6.39586300,0
1505333606,21094101,61.60,26.21186500,0
1505333595,21094077,61.60,4.80000000,0
1505333591,21094057,61.60,10.52031127,0
1505333588,21094052,61.60,7.95619200,0
1505333581,21094033,61.60,10.52031127,0
1505333577,21094026,61.59,6.69000000,1
1505333565,21093994,61.60,0.00619200,0
1505333565,21093993,61.59,7.95000000,0
1505333558,21093967,61.60,122.89544781,0
1505333558,21093966,61.59,1.22379919,0
1505333552,21093960,61.59,8.22620081,0
1505333552,21093959,61.50,10.25030246,0
1505333486,21093878,61.50,61.01998700,0
1505333484,21093877,61.50,58.98372400,0
1505333478,21093874,61.50,103.00000000,0
1505333469,21093858,61.49,1.62568800,0
1505333467,21093849,61.49,6.94000000,0
1505333401,21093755,61.47,8.11452741,0
1505333385,21093728,61.26,30.72075800,0
1505333385,21093727,61.24,15.82295100,0
1505333381,21093715,61.24,14.89781300,0
1505333380,21093711,61.22,0.84527590,0
1505333372,21093690,61.18,6.79728621,1
1505333347,21093651,61.20,18.47650327,0
1505333303,21093576,61.20,29.93349673,0
1505333281,21093565,61.10,4.22320000,1
1505333239,21093513,61.19,23.98306105,1
1505333238,21093510,61.19,12.32000000,0
1505333137,21093422,61.13,2.26484541,0
1505333137,21093421,61.12,14.63000000,0
1505333135,21093420,61.10,31.49366254,0
1505333083,21093347,60.91,26.40306356,1
1505332782,21093104,61.09,1.97560976,0
1505332604,21092996,61.06,4.57500819,1
1505332469,21092897,60.83,13.12000000,0
1505332461,21092887,60.83,13.29000000,0
1505332460,21092886,60.83,13.29000000,0
1505332439,21092865,60.83,0.15000000,0
1505332434,21092844,60.83,0.15000000,1
1505332386,21092777,60.85,0.15000000,1
1505332369,21092768,60.86,0.25000000,0
1505332327,21092759,60.86,0.11000000,0
1505332284,21092735,60.86,0.77111000,0
1505332255,21092723,60.86,4.54400000,0
1505332255,21092722,60.86,0.15000000,0
1505332255,21092721,60.86,30.04000000,0
1505332245,21092719,60.86,14.59943935,0
1505332216,21092707,60.86,36.30322452,0
1505332194,21092692,60.86,0.15000000,1
1505332056,21092599,61.01,0.15000000,1
1505331972,21092542,61.09,2.41562100,0
1505331941,21092513,61.19,4.00000000,0
1505331934,21092511,61.02,0.15000000,1
1505331852,21092480,61.03,18.52191275,1
1505331654,21092384,61.22,1.29862410,0
1505331654,21092383,61.22,2.14390000,0
1505331654,21092382,61.22,2.14390000,0
1505331653,21092381,61.22,2.14390000,0
1505331653,21092380,61.22,2.14390000,0
1505331653,21092379,61.21,2.14390000,0
1505331653,21092378,61.21,2.14390000,0
1505331653,21092377,61.21,2.14390000,0
1505331653,21092376,61.21,2.14390000,0
1505331653,21092375,61.21,2.14390000,0
1505331652,21092374,61.20,45.00000000,1
1505331652,21092373,61.20,2.60000000,1
1505331652,21092372,61.16,0.11445389,0
1505331651,21092371,61.14,53.00000000,0
1505331651,21092370,61.11,2.85538067,0
1505331651,21092369,61.09,12.98000000,0
1505331650,21092366,61.07,47.14000000,1
1505331565,21092267,61.15,0.15000000,0
1505331558,21092262,61.15,1.00000000,0
1505331522,21092230,61.15,0.15000000,1
1505331336,21092105,61.00,2.42500000,0
1505331291,21092034,60.85,0.62000000,0
1505331261,21091997,60.85,19.38000000,1
1505331192,21091895,61.00,0.32500000,0
1505331118,21091836,60.85,4.03963899,1
1505331117,21091835,60.85,0.11445389,0
1505331117,21091834,60.90,96.32900000,1
1505331115,21091833,60.92,31.37690712,1
1505331093,21091798,61.12,11.41462015,0
1505331064,21091747,61.23,2.14390552,1
1505331047,21091715,61.15,34.15931900,0
1505331047,21091714,61.15,12.84068100,0
1505331043,21091709,61.15,35.65261000,0
1505330843,21091557,61.13,14.27000000,1
1505330843,21091556,61.15,5.00000000,1
1505330843,21091555,61.25,0.73000000,1
1505330467,21091327,61.19,0.15000000,1
1505330456,21091317,61.19,0.11439777,0
1505330266,21091195,61.48,0.11341449,0
1505329984,21091015,61.57,8.09922053,0
1505329827,21090959,61.31,11.55708766,1
1505329826,21090958,61.44,0.89937044,1
1505329826,21090957,61.44,0.89937044,1
1505329826,21090956,61.44,0.89937044,1
1505329824,21090953,61.53,1.42381400,1
1505328996,21090432,61.79,31.31500000,0
1505328989,21090426,61.80,5.77000000,0
1505328984,21090423,61.77,42.13463900,1
1505328957,21090406,61.80,0.75600000,1
1505328907,21090341,61.88,32.39979000,0
1505328877,21090316,61.80,0.24400000,1
1505328587,21090141,62.00,27.96900900,1
1505328586,21090140,62.00,1.03099100,0
1505328513,21090094,62.00,2.74900900,0
1505328322,21089969,61.82,2.46282001,0
1505328321,21089968,62.02,0.13000000,1
1505328317,21089958,62.18,0.58680200,0
1505328064,21089829,62.33,4.00000000,0
1505328042,21089823,62.35,18.52191275,0
1505328025,21089809,62.37,0.38988600,0
1505328022,21089805,62.07,3.79000000,1
1505328009,21089792,62.07,16.17000000,1
1505328009,21089791,62.15,20.04000000,1
1505327870,21089684,62.32,3.00000000,0
1505327870,21089683,62.30,1.00000000,0
1505327793,21089596,62.19,10.00000000,1
1505327746,21089515,62.16,9.22000000,1
1505327693,21089435,62.28,8.07000000,1
1505327693,21089434,62.28,5.25585951,1
1505327691,21089430,62.12,3.00000000,0
1505327691,21089429,62.05,2.19605324,0
1505327685,21089416,62.05,8.49204300,0
1505327662,21089400,61.94,0.59500000,1
1505327467,21089247,61.82,27.93373305,0
1505327347,21089096,62.05,10.75367200,0
1505327317,21089055,62.05,29.51483171,0
1505327310,21089053,62.05,5.36890000,0
1505327306,21089050,62.05,11.23083305,0
1505327306,21089048,62.05,36.70738612,0
1505327288,21089037,62.05,30.85241688,0
1505327288,21089035,62.05,5.45080726,0
1505327251,21089016,62.05,8.43900000,0
1505327204,21088907,62.04,2.23914400,1
1505327177,21088884,62.05,4.03984024,0
1505327171,21088882,62.05,0.80000000,0
1505327152,21088862,62.05,0.25000000,0
1505327150,21088861,62.05,3.96723833,0
1505327135,21088843,62.03,3.79000000,1
1505327132,21088840,62.05,44.61821917,0
1505327132,21088839,62.04,1.32000000,0
1505327123,21088812,61.82,0.89340336,0
1505327123,21088809,61.80,6.60000000,0
1505327122,21088803,61.82,3.63137307,0
1505327122,21088802,61.82,1.47395664,0
1505327120,21088795,61.82,2.00000000,0
1505327119,21088792,61.73,37.75934564,1
1505327119,21088791,61.74,158.68600000,1
1505327119,21088790,61.77,0.49967127,1
1505327118,21088789,61.77,0.49967127,1
1505327118,21088788,61.80,0.49055968,1
1505327118,21088783,61.82,36.31236300,0
1505327112,21088774,61.80,7.34944032,0
1505327108,21088771,61.80,0.49055968,1
1505327106,21088768,61.82,1.15381017,0
1505327106,21088767,61.81,44.31109583,0
1505327105,21088766,61.81,52.19795217,0
1505327105,21088765,61.81,64.59304783,0
1505327101,21088759,61.81,31.92095617,0
1505327100,21088758,61.81,28.07904383,0
1505327100,21088757,61.81,39.82431600,0
1505327100,21088754,61.81,28.61821917,0
1505327100,21088753,61.80,9.32000000,0
1505327099,21088752,61.80,10.00000000,0
1505327087,21088692,61.77,0.06999967,0
1505327081,21088681,61.77,0.05000033,0
1505327081,21088680,61.77,43.15876567,0
1505327014,21088561,61.77,11.67816091,0
1505327009,21088553,61.77,30.08580216,0
1505326986,21088523,61.77,11.58844626,0
1505326986,21088522,61.77,35.18927755,0
1505326975,21088513,61.77,34.83900000,0
1505326947,21088485,61.77,26.49290145,0
1505326947,21088484,61.76,9.81000000,0
1505326931,21088472,61.76,0.47768600,0
1505326930,21088471,61.76,5.56000000,0
1505326930,21088470,61.75,29.09473611,0
1505326902,21088409,61.47,0.95948585,1
1505326899,21088404,61.46,7.91663408,0
1505326898,21088403,61.46,6.20336592,0
1505326881,21088383,61.49,6.20336592,0
1505326878,21088378,61.49,2.79663408,0
1505326874,21088371,61.48,4.59727300,0
1505326873,21088368,61.48,4.40272700,0
1505326872,21088367,61.48,9.00000000,0
1505326872,21088366,61.48,9.00000000,0
1505326872,21088364,61.48,9.00000000,0
1505326872,21088362,61.48,9.00000000,0
1505326871,21088360,61.47,5.19503109,0
1505326871,21088359,61.47,3.80496891,0
1505326871,21088358,61.47,9.00000000,0
1505326870,21088357,61.47,9.00000000,0
1505326870,21088356,61.47,9.00000000,0
1505326870,21088355,61.47,2.49492109,0
1505326870,21088354,61.47,2.55591800,0
1505326870,21088353,61.47,3.94916091,0
1505326870,21088352,61.47,1.95664109,0
1505326870,21088351,61.47,3.23839000,0
1505326841,21088306,61.47,3.80496891,0
1505326841,21088305,61.47,1.04259900,0
1505326823,21088288,61.47,5.00000000,0
1505326763,21088240,61.47,2.95740100,0
1505326763,21088239,61.46,9.00000000,0
1505326763,21088238,61.45,9.00000000,0
1505326763,21088237,61.45,9.00000000,0
1505326750,21088219,61.44,0.99999955,0
1505326749,21088217,61.44,0.00000045,0
1505326747,21088216,61.43,3.67157500,1
1505326730,21088192,61.44,1.04059900,0
1505326689,21088149,61.44,4.86741565,0
1505326682,21088138,61.44,3.09198490,0
1505326682,21088137,61.44,9.00000000,0
1505326681,21088136,61.43,2.40000000,0
1505326655,21088115,61.41,23.01306369,0
1505326655,21088113,61.26,13.29000000,0
1505326590,21088063,61.28,23.01306369,0
1505326590,21088062,61.26,13.29000000,0
1505326526,21087989,61.05,10.00000000,0
1505326472,21087897,61.01,13.29000000,1
1505326432,21087862,61.32,24.75306369,1
1505326432,21087861,61.31,10.55000000,0
1505326432,21087860,61.00,1.00000000,0
1505326367,21087751,60.70,2.32299987,0
1505326365,21087746,60.70,2.78799800,0
1505326324,21087696,60.60,257.42511856,1
1505326324,21087695,60.61,17.43000000,1
1505326324,21087692,60.62,3.00000000,1
1505326305,21087669,60.70,100.00000000,1
1505326219,21087547,60.85,2.58564662,1
1505326219,21087544,60.83,43.67300000,0
1505326162,21087463,60.98,8.17891112,0
1505326138,21087429,61.05,0.99770680,1
1505326094,21087379,60.82,3.00000000,1
1505326092,21087373,60.90,5.42262085,1
1505326092,21087370,60.90,33.86043800,1
1505326076,21087319,60.90,45.00000000,1
1505326076,21087318,60.91,4.70389967,1
1505326065,21087312,60.91,10.29610033,0
1505326046,21087293,60.90,25.71742026,1
1505326043,21087291,60.92,31.55550660,0
1505326041,21087289,60.90,16.59952089,1
1505326041,21087288,60.91,1.03759398,1
1505326040,21087287,60.91,0.51127820,1
1505326028,21087276,61.00,1.00000000,1
1505326028,21087275,61.02,13.29000000,1
1505326025,21087264,61.01,3.85839307,1
1505326013,21087239,61.02,46.44484377,0
1505326011,21087234,61.02,3.85839307,0
1505326007,21087227,61.02,3.00000000,1
1505326007,21087226,61.21,6.69640000,1
1505325970,21087190,61.12,52.97000000,0
1505325967,21087185,61.21,1.17000000,1
1505325967,21087184,61.34,5.86000000,1
1505325965,21087183,61.59,1.65559900,0
1505325965,21087182,61.55,2.28000000,0
1505325964,21087181,61.55,6.72000000,1
1505325963,21087171,61.55,2.28000000,1
1505325912,21087119,61.74,0.00000006,1
1505325901,21087109,61.81,16.13816535,0
1505325895,21087107,61.74,2.59375400,1
1505325520,21086510,61.99,4.74771792,1
1505325519,21086509,61.93,31.55550660,0
1505325404,21086403,61.90,6.21592886,1
1505325390,21086392,61.75,7.78407114,0
1505325376,21086364,61.74,65.93780894,1
1505325338,21086318,61.80,45.23156216,1
1505325330,21086311,61.81,2.85800000,1
1505325319,21086302,61.80,18.21707918,1
1505325319,21086301,61.81,16.61042282,1
1505325300,21086269,61.80,4.33016954,1
1505325300,21086268,61.81,3.46491546,1
1505325294,21086259,61.80,0.75000000,1
1505325290,21086243,61.84,1.13000000,1
1505325290,21086241,61.89,5.64000000,1
1505325282,21086234,61.80,0.00288112,1
1505325282,21086233,61.84,1.27000000,1
1505325282,21086232,61.89,1.33370488,1
1505325281,21086231,61.89,5.03629512,1
1505325281,21086230,62.00,1.32859088,1
1505325281,21086229,62.00,6.98436670,1
1505325278,21086227,62.00,10.28571700,1
1505325276,21086223,62.00,12.75355469,1
1505325276,21086221,62.00,18.83007519,1
1505325276,21086220,62.03,4.71959464,1
1505325268,21086214,62.03,19.51340536,1
1505325268,21086213,62.03,5.58659464,1
1505325267,21086212,62.03,18.64640536,1
1505325267,21086211,62.03,5.44359464,1
1505325267,21086210,62.06,1.00000000,1
1505324972,21085878,62.24,3.17090000,0
1505324944,21085856,62.25,36.30322452,0
1505324917,21085817,62.25,8.03916828,0
1505324901,21085796,62.03,18.78940536,1
1505324901,21085795,62.03,6.18731812,1
1505324876,21085749,62.03,12.37533000,1
1505324779,21085634,62.04,8.03916828,0
1505324670,21085458,62.23,1.23000000,0
1505324670,21085457,62.22,12.77000000,0
1505324559,21085378,62.06,6.81220400,0
1505324453,21085284,62.05,1.76725182,1
1505324431,21085239,62.03,5.67035188,1
1505324431,21085238,62.03,2.14300000,1
1505324400,21085211,62.03,22.09000000,1
1505324400,21085210,62.04,36.91000000,1
1505324400,21085209,62.05,1.00000000,1
1505324327,21085055,62.33,2.24570000,0
1505324321,21085049,62.04,11.11921865,1
1505324321,21085048,62.04,24.23300000,1
1505324321,21085047,62.05,16.29706017,1
1505324321,21085046,62.06,8.35072118,1
1505324316,21085036,62.33,29.06930000,0
1505324279,21084962,62.05,7.93593983,1
1505324279,21084961,62.05,24.23300000,1
1505324279,21084960,62.05,7.83106017,1
1505324278,21084959,62.05,16.40193983,1
1505324278,21084958,62.21,0.15000000,1
1505324278,21084957,62.22,0.15000000,1
1505324278,21084956,62.24,0.15000000,1
1505324230,21084885,62.26,8.35072118,1
1505324229,21084882,62.26,15.63306664,1
1505324223,21084879,62.45,10.36060483,0
1505324221,21084874,62.25,9.16000000,0
1505324220,21084871,62.25,0.72417670,0
1505324219,21084867,62.25,3.86526000,0
1505324218,21084864,62.25,8.75000000,0
1505324217,21084863,62.25,0.79696960,0
1505324216,21084861,62.25,2.89980588,0
1505324213,21084857,62.31,9.67000000,1
1505324213,21084856,62.34,0.15000000,1
1505324197,21084840,62.31,3.85944397,1
1505324197,21084839,62.32,33.18535600,1
1505324191,21084823,62.29,22.95520003,1
1505324191,21084822,62.33,14.27000000,1
1505324191,21084821,62.33,14.27000000,1
1505324190,21084820,62.34,8.50479997,1
1505324181,21084811,62.37,57.85000000,0
1505324179,21084808,62.37,0.15000000,0
1505324175,21084803,62.36,2.00000000,1
1505324156,21084787,62.35,2.00000000,1
1505324130,21084763,62.33,0.25936437,0
1505324128,21084758,62.31,9.76467387,1
1505324128,21084757,62.33,34.82426500,1
1505324127,21084755,62.33,0.15000000,1
1505324127,21084754,62.32,15.00169676,1
1505324029,21084626,62.52,0.68202175,0
1505324023,21084619,62.25,8.04900987,0
1505324023,21084618,62.30,0.15000000,1
1505324023,21084617,62.30,0.15000000,1
1505324022,21084616,62.40,2.00000000,1
1505324022,21084614,62.42,0.15000000,1
1505324022,21084612,62.44,0.15000000,1
1505324022,21084611,62.45,2.75000000,1
1505324021,21084610,62.46,0.52857078,0
1505324020,21084609,62.46,0.15000000,1
1505323947,21084460,62.50,12.52964628,1
1505323947,21084459,62.50,27.47035372,0
1505323947,21084458,62.50,21.52964628,0
1505323946,21084457,62.50,0.86735211,0
1505323946,21084456,62.49,14.38300161,0
1505323946,21084455,62.48,3.22000000,0
1505323917,21084413,62.41,1.56762000,1
1505323899,21084386,62.49,32.60380488,0
1505323899,21084383,62.49,3.01319351,0
1505323899,21084382,62.49,28.20593800,0
1505323899,21084380,62.48,3.83000000,0
1505323898,21084379,62.48,4.95086849,0
1505323876,21084326,62.49,8.16406200,0
1505323876,21084325,62.49,13.63000000,0
1505323876,21084324,62.49,8.28742855,0
1505323876,21084323,62.48,4.55000000,0
1505323873,21084322,62.49,0.95621065,0
1505323867,21084311,62.49,7.17636080,0
1505323866,21084310,62.48,5.40000000,0
1505323853,21084299,62.49,33.58000000,0
1505323853,21084297,62.48,6.42000000,0
1505323832,21084258,62.48,2.09587067,0
1505323822,21084252,62.48,1.66000000,1
1505323815,21084243,62.47,8.34000000,0
1505323815,21084242,62.47,30.00000000,0
1505323706,21084042,62.46,6.83262796,0
1505323706,21084041,62.46,16.36890000,0
1505323705,21084040,62.45,7.99999957,0
1505323625,21083961,62.46,33.63110000,0
1505323625,21083959,62.33,6.36890000,0
1505323507,21083852,62.07,15.22977600,1
1505323374,21083683,62.07,7.99999957,0
1505323372,21083681,62.32,0.00000043,1
1505323297,21083599,62.32,9.59373000,1
1505323296,21083598,62.32,1.11135100,1
1505323272,21083562,62.32,9.59373000,1
1505323269,21083558,62.32,1.04325500,1
1505323261,21083538,62.32,5.36777246,1
1505323233,21083501,62.16,4.40009652,0
1505323222,21083466,62.16,1.13223938,0
1505323217,21083455,62.27,13.29000000,1
1505323208,21083438,62.32,19.90093889,0
1505323208,21083437,62.32,6.36890000,0
1505323208,21083436,62.23,3.00000000,0
1505323208,21083435,62.20,1.79000000,0
1505323208,21083434,62.16,8.94000000,0
1505323190,21083397,62.16,39.99967778,0
1505323190,21083396,62.16,7.96301409,0
1505323190,21083395,62.15,21.27006697,0
1505323189,21083394,62.00,0.23304815,0
1505323189,21083393,62.00,10.53370968,0
1505323175,21083386,62.00,13.46629032,0
1505323114,21083334,61.99,5.31867854,1
1505323109,21083326,61.99,10.62000000,1
1505323104,21083318,61.96,29.83429386,1
1505323098,21083313,61.99,0.59521000,0
1505323086,21083298,61.97,0.58000000,1
1505323086,21083297,61.97,22.42000000,1
1505323013,21083214,61.74,1.39163000,1
1505323010,21083203,61.94,91.41222217,0
1505322886,21082945,61.96,12.05983889,0
1505322886,21082944,61.95,27.94000000,0
1505322880,21082943,61.69,21.26022900,1
1505322880,21082942,61.70,35.70877100,1
1505322866,21082929,61.96,0.10000000,0
1505322826,21082884,61.95,6.44067797,0
1505322776,21082823,61.84,28.47983889,0
1505322776,21082822,61.83,11.52000000,0
1505322773,21082820,61.83,0.10000000,0
1505322773,21082819,61.83,1.00000000,0
1505322748,21082808,61.79,33.76344723,0
1505322739,21082803,61.79,1.00000000,0
1505322735,21082801,61.78,5.23639166,0
1505322722,21082768,61.60,7.81160000,0
1505322720,21082767,61.59,15.00000000,0
1505322696,21082751,61.59,3.66810478,0
1505322696,21082750,61.59,32.82991108,0
1505322696,21082749,61.59,38.24900793,0
1505322695,21082746,61.58,9.14352000,1
1505322690,21082744,61.59,1.75099207,0
1505322677,21082727,61.59,40.00000000,0
1505322644,21082692,61.58,5.68561221,0
1505322631,21082670,61.35,1.00000000,1
1505322630,21082669,61.39,49.00000000,1
1505322621,21082657,61.34,2.73304911,1
1505322601,21082627,61.34,1.00000000,1
1505322562,21082567,61.50,2.67628300,0
1505322545,21082525,61.50,1.11185400,0
1505322545,21082522,61.50,1.21186300,0
1505322513,21082459,61.54,4.15007484,1
1505322512,21082455,61.69,2.89006121,1
1505322491,21082432,61.51,1.89010000,1
1505322491,21082429,61.52,1.00000000,1
1505322490,21082428,61.69,13.10990000,1
1505322477,21082398,61.91,2.78402056,0
1505322476,21082395,61.54,12.81377000,0
1505322476,21082394,61.54,13.29000000,1
1505322476,21082393,61.54,15.74300000,0
1505322474,21082391,61.69,1.15323000,1
1505322468,21082374,61.58,7.71000000,0
1505322466,21082370,61.59,13.29000000,1
1505322455,21082352,61.75,1.75000000,1
1505322450,21082345,62.01,9.22000000,0
1505322438,21082321,61.86,1.85768918,0
1505322429,21082300,62.09,9.21000000,0
1505322424,21082292,61.94,13.29000000,1
1505322424,21082289,61.47,9.00000000,1
1505322424,21082288,61.47,336.10300000,1
1505322423,21082286,61.52,51.00000000,0
1505322423,21082281,61.62,52.00000000,1
1505322423,21082279,61.62,13.29000000,0
1505322422,21082274,61.63,34.05500000,0
1505322422,21082270,61.67,142.77200000,1
1505322421,21082266,61.70,40.00000000,1
1505322421,21082264,61.70,51.00000000,0
1505322421,21082262,61.70,13.29000000,0
1505322421,21082261,61.70,54.00000000,0
1505322420,21082260,61.72,47.00000000,1
1505322420,21082259,61.83,53.00000000,1
1505322420,21082258,61.93,53.00000000,1
1505322419,21082257,61.94,13.29000000,1
1505322419,21082256,61.94,9.20000000,0
1505322419,21082252,61.95,50.00000000,1
1505322414,21082247,62.01,8.26433100,1
1505322408,21082239,62.01,20.85232000,1
1505322399,21082233,62.01,17.00000000,1
1505322387,21082209,62.01,3.59700000,1
1505322386,21082208,62.02,28.00000000,1
1505322386,21082206,62.02,21.00000000,1
1505322372,21082188,62.02,1.88334900,1
1505322370,21082183,62.02,12.72329300,1
1505322361,21082168,62.01,50.00000000,1
1505322361,21082167,62.11,25.16542900,1
1505322360,21082164,62.11,0.83457100,1
1505322359,21082159,62.11,28.00000000,1
1505322359,21082158,62.14,32.00000000,1
1505322337,21082102,61.98,1.96175000,0
1505322337,21082098,62.01,11.09233300,1
1505322337,21082095,62.01,1.88334900,1
1505322337,21082094,62.01,36.02431800,1
1505322336,21082093,62.08,0.19613600,1
1505322319,21082016,62.14,1.91506400,1
1505322298,21081962,62.14,2.12140000,0
1505322283,21081913,62.34,1.00453300,1
1505322282,21081906,62.34,1.12546698,1
1505322282,21081903,62.34,4.71940000,1
1505322282,21081901,62.34,1.64951502,1
1505322278,21081890,62.26,3.06988498,0
1505322278,21081885,62.26,10.61000000,0
1505322269,21081848,62.46,21.25077389,1
1505322264,21081779,62.49,13.74000000,0
1505322264,21081778,62.46,22.44791000,1
1505322261,21081772,62.50,46.32011502,1
1505322261,21081771,62.50,21.25077400,1
1505322259,21081768,62.50,2.40000000,1
1505322258,21081762,62.50,85.00000000,1
1505322253,21081746,62.51,16.52000000,0
1505322250,21081739,62.50,95.00000000,1
1505322250,21081738,62.50,138.32428500,1
1505322249,21081734,62.50,20.00000000,1
1505322248,21081727,62.50,40.00000000,1
1505322247,21081726,62.50,93.00000000,1
1505322247,21081724,62.50,6.43582100,1
1505322246,21081722,62.50,6.31687900,1
1505322245,21081717,62.50,171.67083600,1
1505322244,21081715,62.50,105.00000000,1
1505322243,21081709,62.50,17.03650900,1
1505322243,21081708,62.50,24.55493800,1
1505322243,21081707,62.50,15.61498200,1
1505322242,21081705,62.50,4.78516400,1
1505322242,21081703,62.50,5.96349100,1
1505322239,21081698,62.50,22.93200000,1
1505322237,21081696,62.50,0.18463200,0
1505322237,21081695,62.50,1.68002281,0
1505322229,21081677,62.46,18.35895300,1
1505322227,21081673,62.46,40.00000000,1
1505322196,21081619,62.46,25.55549700,1
1505322195,21081618,62.46,14.44450300,1
1505322192,21081617,62.50,23.73488000,0
1505322150,21081528,62.50,34.07505808,0
1505322142,21081504,62.50,39.57560600,0
1505322142,21081503,62.50,5.09797892,0
1505322142,21081502,62.49,5.07505808,0
1505322137,21081487,62.49,9.00000000,0
1505322137,21081485,62.49,5.92494192,1
1505322130,21081469,62.50,3.70167461,0
1505322125,21081462,62.50,10.60185433,0
1505322125,21081461,62.50,27.73514735,0
1505322124,21081459,62.49,0.25000000,1
1505322124,21081456,62.50,2.38823612,0
1505322119,21081443,62.50,3.70167461,0
1505322099,21081399,62.50,18.99792262,0
1505322097,21081396,62.50,13.68490946,0
1505322097,21081393,62.49,1.14222600,1
1505322093,21081386,62.50,0.14352000,0
1505322089,21081375,62.50,18.99792262,0
1505322082,21081367,62.50,3.18533218,0
1505322080,21081364,62.50,0.16261120,0
1505322076,21081358,62.50,7.65696608,0
1505322076,21081357,62.49,2.68000000,0
1505322062,21081310,62.50,22.34586600,0
1505322060,21081305,62.50,0.07000000,0
1505322060,21081303,62.49,3.93000000,0
1505322059,21081298,62.48,6.33696608,1
1505322049,21081271,62.44,6.34586600,1
1505322042,21081251,62.40,17.00000000,0
1505322041,21081250,62.32,3.00000000,0
1505322013,21081202,62.18,4.89532000,1
1505321867,21080903,62.17,13.90286800,0
1505321867,21080902,62.17,15.00000000,0
1505321858,21080895,62.11,2.25427600,1
1505321857,21080893,62.11,8.84285600,1
1505321849,21080888,62.12,3.99404379,0
1505321551,21080455,62.18,77.79172579,1
1505321551,21080453,62.18,15.00000000,1
1505321529,21080366,62.20,3.81300000,1
1505321528,21080365,62.19,11.18700000,0
1505321528,21080363,62.18,15.00000000,0
1505321526,21080360,62.19,10.00000000,0
1505321511,21080336,62.15,10.00000000,0
1505321506,21080325,62.11,13.76779000,1
1505321502,21080323,62.11,11.13231000,1
1505321501,21080320,62.14,37.00000000,0
1505321501,21080318,62.12,0.00000040,0
1505321501,21080317,62.12,2.99999960,0
1505321499,21080315,62.11,15.00000000,1
1505321487,21080299,62.05,50.00000000,0
1505321481,21080294,62.11,9.09353256,1
1505321480,21080293,62.11,30.90646744,1
1505321480,21080292,62.11,17.30953056,1
1505321478,21080290,62.11,9.09353300,1
1505321442,21080221,62.00,2.00000000,0
1505321441,21080220,62.00,24.79010935,0
1505321432,21080190,62.00,14.07758065,0
1505321428,21080178,62.00,11.13231000,0
1505321421,21080132,61.92,3.00000000,0
1505321414,21080113,61.90,2.53538000,0
1505321411,21080102,61.90,0.20000000,0
1505321411,21080100,61.90,10.93231000,0
1505321402,21080077,61.90,10.93231000,0
1505321402,21080070,61.90,0.20000000,0
1505321392,21080039,61.90,0.20000000,0
1505321389,21080028,61.89,10.93231000,0
1505321378,21080016,61.89,0.20000000,0
1505321333,21079901,61.79,5.64192500,1
1505321329,21079885,61.85,112.82991108,0
1505321327,21079882,61.86,11.01898315,0
1505321327,21079881,61.76,0.11332685,0
1505321322,21079873,61.72,3.00000000,0
1505321322,21079872,61.68,14.50000000,0
1505321308,21079846,61.69,0.50000000,1
1505321303,21079836,61.70,2.64000000,0
1505321294,21079814,61.57,11.13231000,0
1505321292,21079810,61.70,3.05009219,0
1505321292,21079809,61.63,0.11357881,0
1505321291,21079805,61.59,3.90306317,0
1505321289,21079799,61.59,3.80990800,0
1505321281,21079767,61.59,20.22524800,0
1505321281,21079765,61.58,4.58000000,0
1505321260,21079674,61.36,0.17155528,1
1505321254,21079668,61.59,12.06178083,0
1505321254,21079667,61.58,5.44000000,0
1505321254,21079666,61.52,3.00000000,0
1505321254,21079665,61.50,2.69231000,0
1505321252,21079660,61.50,21.30769000,0
1505321159,21079474,61.38,0.11405593,0
1505321158,21079472,61.37,6.47000000,0
1505321158,21079470,61.32,3.00000000,0
1505321158,21079469,61.27,22.28000000,0
1505321140,21079438,61.23,13.29000000,1
1505321138,21079436,61.23,1.27590917,0
1505321136,21079433,61.23,8.19409083,0
1505321136,21079432,61.22,15.00000000,0
1505321132,21079427,61.16,0.11438178,0
1505321127,21079412,61.09,1.00000000,0
1505321123,21079397,61.12,3.00000000,0
1505321118,21079383,61.07,24.37670009,1
1505321118,21079381,61.11,15.00000000,1
1505321064,21079346,61.10,0.85384615,1
1505321063,21079345,61.00,1.60000000,0
1505321057,21079341,60.97,0.09990000,1
1505320999,21079306,60.99,39.90010000,1
1505320962,21079289,60.92,2.88219455,0
1505320962,21079288,60.92,0.11780545,0
1505320933,21079263,60.90,0.09990000,1
1505320860,21079212,60.67,38.00333000,1
1505320772,21079121,60.79,13.70927500,1
1505320761,21079112,60.91,0.00000006,1
1505320745,21079093,60.91,10.88507300,1
1505320737,21079092,60.91,3.00000000,1
1505320723,21079077,60.91,0.11492694,0
1505320674,21079021,60.81,40.00000000,0
1505320673,21079020,60.80,40.00000000,0
1505320585,21078892,60.60,4.93667000,1
1505320563,21078874,60.60,38.13108879,1
1505320499,21078818,60.60,9.75630000,1
1505320496,21078815,60.60,8.26022347,1
1505320424,21078774,60.60,33.14056568,1
1505320416,21078768,60.60,6.85943432,1
1505320369,21078753,60.60,20.04370000,1
1505320355,21078736,60.60,2.52183800,1
1505320354,21078735,60.60,40.00000000,1
1505320353,21078733,60.60,138.49200000,1
1505320353,21078732,60.61,24.00000000,1
1505320254,21078616,60.60,17.77282900,1
1505320239,21078590,60.60,30.81676500,1
1505320238,21078585,60.60,89.64666700,1
1505320238,21078583,60.60,7.07485600,1
1505320238,21078582,60.60,9.51558000,1
1505320237,21078572,60.60,31.46350400,1
1505320236,21078569,60.61,15.13380700,1
1505320236,21078567,60.61,9.54619300,1
1505320156,21078514,60.69,8.43202600,0
1505320148,21078498,60.60,6.26457510,1
1505320148,21078497,60.61,3.38042490,1
1505320146,21078491,60.61,6.87711910,1
1505320116,21078461,60.61,89.74245600,1
1505320106,21078451,60.60,96.57668800,1
1505320103,21078420,60.60,10.25754400,1
1505320103,21078399,60.60,140.42828700,1
1505320100,21078392,60.61,27.01000000,0
1505320096,21078385,60.60,177.52200000,1
1505320095,21078383,60.60,0.99000000,1
1505320090,21078378,60.60,146.39600000,1
1505320089,21078377,60.61,29.84000000,1
1505320086,21078375,60.60,29.63100000,1
1505320084,21078374,60.61,8.44449340,1
1505320084,21078373,60.62,31.55550660,1
1505319957,21078256,60.79,23.07517683,1
1505319957,21078255,60.77,3.63000000,0
1505319956,21078253,60.73,15.00000000,1
1505319956,21078252,60.73,8.93034744,1
1505319955,21078251,60.73,31.55550660,0
1505319882,21078148,60.53,48.57000000,0
1505319881,21078145,60.52,37.16006400,1
1505319881,21078143,60.53,17.83993600,1
1505319881,21078141,60.53,30.73006400,1
1505319852,21078091,60.49,1.99667000,1
1505319840,21078082,60.78,82.30125041,0
1505319839,21078081,60.77,4.32000000,0
1505319839,21078080,60.76,1.60000000,0
1505319839,21078079,60.76,11.68734800,0
1505319838,21078077,60.74,15.00000000,1
1505319797,21078037,60.76,1.60265200,0
1505319602,21077817,60.63,1.53240970,0
1505319514,21077750,60.60,11.69000000,1
1505319513,21077749,60.60,11.89000000,1
1505319513,21077748,60.56,5.42000000,0
1505319513,21077747,60.52,15.00000000,0
1505319504,21077736,60.25,8.94561370,0
1505319504,21077735,60.25,5.05438630,1
1505319476,21077718,60.39,7.69233317,0
1505319455,21077702,60.25,15.00000000,0
1505319409,21077663,60.24,3.99966200,0
1505319407,21077660,60.21,2.94459200,1
1505319392,21077628,60.19,50.00000000,0
1505319392,21077627,60.18,50.00000000,0
1505319392,21077626,60.18,0.91147717,0
1505319332,21077517,60.17,2.00000000,0
1505319315,21077505,60.18,49.08852283,0
1505319314,21077504,60.18,50.00000000,0
1505319314,21077503,60.18,50.00000000,0
1505319314,21077502,60.18,42.16147717,0
1505319314,21077501,60.17,8.75000000,0
1505319294,21077466,60.17,1.65204205,0
1505319294,21077465,60.17,116.34795795,0
1505319238,21077392,60.12,3.49280000,1
1505319234,21077390,60.18,7.83852283,0
1505319234,21077389,60.18,4.64556800,0
1505319234,21077388,60.17,10.71000000,0
1505319225,21077382,60.12,0.28710000,1
1505319213,21077367,60.13,50.00000000,0
1505319202,21077364,60.12,1.00000000,1
1505319149,21077344,60.10,2.49675100,1
1505319139,21077341,60.10,4.91470700,1
1505319126,21077335,60.10,0.09990000,1
1505319121,21077331,60.10,4.92669000,1
1505319120,21077329,60.10,0.28770000,1
1505319115,21077321,60.10,0.28770000,1
1505319109,21077315,60.10,0.28770000,1
1505319108,21077310,60.10,0.28770000,1
1505319102,21077306,60.10,0.28780000,1
1505319097,21077302,60.10,0.28780000,1
1505319096,21077301,60.10,0.24880500,1
1505319091,21077298,60.10,0.28780000,1
1505319090,21077296,60.10,0.28780000,1
1505319082,21077290,60.10,0.28780000,1
1505319079,21077287,60.10,0.28780000,1
1505319075,21077282,60.10,0.27560000,1
1505319072,21077278,60.10,2.00000000,1
1505319065,21077271,60.10,0.28780000,1
1505319063,21077267,60.10,0.09990000,1
1505319060,21077266,60.10,0.31550000,1
1505319040,21077248,60.10,4.49012100,1
1505319023,21077216,60.10,78.04957200,1
1505319023,21077214,60.10,11.16411500,1
1505319020,21077211,60.09,70.32300000,0
1505319020,21077210,60.08,15.00000000,0
1505318980,21077174,60.15,6.01123000,1
1505318980,21077173,60.15,57.16049300,1
1505318980,21077172,60.15,25.37027700,1
1505318978,21077171,60.15,39.98300000,0
1505318978,21077170,60.11,56.47500000,0
1505318978,21077169,60.10,15.00000000,0
1505318893,21077109,60.00,1.39922482,1
1505318882,21077102,60.17,0.01700000,0
1505318882,21077101,60.14,12.73000000,0
1505318882,21077100,60.13,141.77900000,0
1505318882,21077098,60.10,30.47400000,0
1505318882,21077097,60.09,15.00000000,0
1505318850,21077089,60.01,1.00000000,1
1505318816,21077067,60.00,27.15760118,1
1505318814,21077066,60.00,0.28790000,1
1505318808,21077063,60.00,0.28790000,1
1505318799,21077058,60.00,1.93520000,1
1505318776,21077044,60.00,10.47707400,1
1505318752,21077027,60.00,6.84410000,1
1505318748,21077026,60.00,151.61100000,0
1505318696,21077008,59.79,21.54373997,1
1505318696,21077007,59.79,16.89550660,0
1505318696,21077006,59.82,17.75000000,1
1505318694,21077005,59.90,11.36782600,1
1505318560,21076837,60.21,45.35443200,1
1505318560,21076836,60.21,50.00000000,1
1505318559,21076833,60.21,50.00000000,1
1505318559,21076832,60.21,1.10323800,1
1505318558,21076831,60.21,22.45037700,1
1505318557,21076830,60.21,1.91326500,1
1505318557,21076828,60.21,2.39868800,1
1505318555,21076825,60.21,11.78000000,1
1505318555,21076822,60.18,15.00000000,0
1505318506,21076773,60.20,13.38118900,1
1505318505,21076772,60.20,2.93488000,1
1505318505,21076771,60.20,3.20768300,1
1505318504,21076770,60.20,26.91624800,1
1505318502,21076767,60.20,14.00000000,1
1505318502,21076766,60.20,53.00000000,0
1505318502,21076765,60.15,56.00000000,0
1505318502,21076764,60.15,15.00000000,0
1505318502,21076763,60.14,15.56000000,0
1505318482,21076734,59.90,8.63217400,1
1505318459,21076702,60.09,1.28482810,0
1505318450,21076697,60.13,81.62479672,0
1505318450,21076696,60.11,56.00000000,0
1505318450,21076695,60.09,5.37520328,0
1505318450,21076694,60.01,57.00000000,0
1505318405,21076645,60.03,14.66000000,1
1505318394,21076633,60.22,152.20968735,0
1505318394,21076632,60.21,3.72031265,0
1505318394,21076631,60.21,9.07000000,0
1505318354,21076611,60.10,32.60558369,0
1505318326,21076584,60.09,55.00000000,0
1505318326,21076583,60.09,26.00000000,0
1505318273,21076561,60.09,40.00000000,0
1505318061,21076318,60.01,1.00000000,1
1505318048,21076314,60.10,3.20000000,0
1505318002,21076295,60.10,23.19409083,0
1505317982,21076277,60.09,21.45584500,0
1505317875,21076084,60.00,6.52300000,1
1505317863,21076063,60.00,43.47700000,1
1505317863,21076062,60.00,0.10033200,1
1505317861,21076060,60.00,0.39966800,1
1505317851,21076055,60.02,3.55185800,1
1505317846,21076054,60.02,1.44814200,0
1505317843,21076052,60.01,30.52000000,1
1505317838,21076040,60.25,33.14854772,0
1505317835,21076038,60.02,20.25194800,0
1505317828,21076030,60.02,5.02000000,0
1505317827,21076025,60.02,8.26000000,0
1505317826,21076024,60.10,5.01991000,1
1505317825,21076022,60.10,8.27009000,1
1505317825,21076021,60.10,2.00000000,1
1505317790,21075979,60.34,2.49490679,0
1505317630,21075761,60.14,0.97797700,0
1505317629,21075757,60.14,13.29000000,1
1505317629,21075755,60.16,43.73202300,1
1505317528,21075589,60.50,50.00000000,0
1505317509,21075557,60.50,40.00000000,0
1505317494,21075538,60.50,9.43000000,0
1505317466,21075470,60.66,0.09900000,0
1505317466,21075469,60.56,66.00000000,0
1505317465,21075466,60.44,2.00000000,1
1505317446,21075435,60.50,46.90922100,1
1505317390,21075345,60.77,6.28621243,0
1505317387,21075341,60.75,5.00000000,0
1505317371,21075324,60.77,10.62728320,0
1505317346,21075289,60.77,17.29660400,0
1505317310,21075246,60.78,4.88574517,1
1505317299,21075229,60.78,23.19409083,0
1505317283,21075206,60.72,3.00000000,0
1505317279,21075202,60.69,2.20691400,0
1505317276,21075197,60.69,27.15760118,0
1505317268,21075174,60.69,39.30800000,0
1505317255,21075141,60.69,19.33171280,0
1505317254,21075140,60.69,3.86237803,0
1505317249,21075135,60.68,40.00000000,0
1505317238,21075123,60.69,23.19446700,0
1505317169,21074968,60.50,3.09077900,0
1505317167,21074966,60.50,50.00000000,0
1505317166,21074964,60.50,50.00000000,1
1505317166,21074963,60.50,4.55000000,1
1505317166,21074962,60.54,50.00000000,1
1505317132,21074925,60.69,0.97709654,0
1505317124,21074919,60.69,18.51737100,0
1505317118,21074914,60.69,5.49416901,0
1505317084,21074848,60.69,5.00000000,0
1505317081,21074844,60.69,20.36969222,0
1505317081,21074843,60.68,2.45336190,0
1505317035,21074790,60.69,10.58482620,0
1505317034,21074789,60.69,16.05517616,0
1505317034,21074788,60.68,13.29000000,0
1505317005,21074747,60.69,11.09579248,0
1505317004,21074746,60.68,28.83420988,0
1505316977,21074702,60.69,21.85646200,0
1505316977,21074701,60.68,1.13800500,0
1505316976,21074700,60.69,0.20000000,0
1505316971,21074691,60.69,38.79256936,0
1505316971,21074690,60.69,1.13743300,0
1505316953,21074659,60.33,9.00000000,1
1505316943,21074647,60.65,0.15218466,0
1505316943,21074646,60.65,2.00000000,0
1505316942,21074645,60.50,27.52033725,0
1505316931,21074622,60.50,5.69880000,0
1505316927,21074617,60.50,5.67836952,0
1505316927,21074616,60.50,39.93000236,0
1505316919,21074602,60.50,0.28490000,0
1505316910,21074579,60.50,23.19446700,0
1505316908,21074577,60.50,3.77553300,0
1505316908,21074576,60.49,3.13000000,0
1505316904,21074565,60.50,4.91759087,1
1505316868,21074511,60.51,3.15999978,0
1505316868,21074510,60.51,1.78536722,0
1505316864,21074499,60.71,1.15121067,1
1505316864,21074496,60.55,0.63000000,0
1505316862,21074488,60.51,3.16000000,0
1505316859,21074476,60.50,5.88340475,0
1505316859,21074475,60.35,17.31106225,0
1505316835,21074442,60.35,2.00000000,0
1505316824,21074424,60.35,4.18893775,0
1505316824,21074423,60.33,2.66506225,0
1505316823,21074415,60.16,10.06266623,1
1505316821,21074409,60.16,31.55452253,1
1505316820,21074408,60.31,0.00049742,1
1505316802,21074390,60.31,1.99950258,1
1505316706,21074272,60.26,7.12700431,0
1505316705,21074271,60.09,1.00000000,0
1505316698,21074254,60.27,38.45000000,0
1505316691,21074238,60.09,9.06859741,0
1505316691,21074237,60.09,5.91433259,0
1505316682,21074226,60.09,3.15426860,0
1505316670,21074219,60.08,1.00000000,1
1505316644,21074189,60.00,157.64077900,0
1505316643,21074183,60.00,17.26458700,0
1505316642,21074181,60.00,1.00988000,0
1505316642,21074180,59.98,0.82000000,0
1505316642,21074179,59.86,4.10000000,0
1505316637,21074171,60.00,45.00640300,0
1505316635,21074170,60.00,63.02125900,0
1505316633,21074169,60.00,5.92988000,0
1505316633,21074168,60.00,6.30000000,0
1505316632,21074167,60.00,3.82721200,0
1505316632,21074166,60.00,5.00000000,0
1505316632,21074165,59.99,1.06000000,0
1505316632,21074164,59.98,1.31000000,0
1505316629,21074162,59.98,4.00000000,0
1505316629,21074161,59.81,0.48000236,1
1505316628,21074160,59.87,0.06990552,1
1505316628,21074159,59.87,10.89468148,1
1505316626,21074153,59.99,1.26000000,0
1505316623,21074149,59.87,6.30000000,0
1505316622,21074146,59.74,15.88660086,0
1505316621,21074145,59.74,32.66598000,0
1505316621,21074144,59.74,1.44741914,0
1505316621,21074143,59.74,50.00000000,0
1505316621,21074142,59.74,50.00000000,0
1505316621,21074141,59.74,50.00000000,0
1505316620,21074140,59.74,15.41258086,0
1505316620,21074139,59.74,34.58741914,0
1505316620,21074138,59.74,50.00000000,0
1505316620,21074137,59.74,50.00000000,0
1505316619,21074136,59.74,22.41858086,0
1505316619,21074135,59.74,0.28600000,0
1505316617,21074133,59.74,6.91752900,0
1505316616,21074129,59.74,3.90575003,0
1505316615,21074125,59.74,3.36475711,0
1505316614,21074119,59.74,0.16963000,0
1505316613,21074118,59.74,12.93775300,0
1505316612,21074113,59.72,50.00000000,0
1505316611,21074111,59.72,25.13335577,0
1505316611,21074107,59.72,0.28620000,0
1505316611,21074105,59.72,1.40060700,0
1505316611,21074103,59.72,3.78744300,0
1505316610,21074097,59.72,19.39239423,0
1505316610,21074095,59.72,34.83460577,0
1505316610,21074094,59.72,2.43345000,0
1505316609,21074092,59.72,9.16000000,0
1505316607,21074089,59.72,3.57194423,0
1505316607,21074088,59.72,0.21549877,0
1505316606,21074086,59.72,1.40060700,0
1505316604,21074079,59.72,0.28620000,0
1505316604,21074078,59.72,0.19618700,0
1505316603,21074074,59.72,0.28670000,0
1505316597,21074072,59.72,0.28630000,0
1505316595,21074071,59.72,2.00000000,0
1505316592,21074068,59.72,0.55000000,0
1505316583,21074057,59.72,0.28680000,0
1505316583,21074055,59.72,20.00000000,0
1505316574,21074051,59.72,5.01138647,0
1505316542,21074025,59.71,0.55000000,1
1505316505,21074017,59.72,5.00000000,0
1505316500,21074013,59.72,1.78317400,0
1505316494,21074008,59.72,12.69714676,0
1505316494,21074006,59.71,10.49732024,0
1505316493,21074005,59.71,0.10000000,0
1505316491,21074003,59.71,39.40267976,0
1505316491,21074002,59.71,5.38532024,0
1505316474,21073981,59.71,0.28690000,0
1505316470,21073974,59.71,0.75000000,0
1505316467,21073972,59.71,9.35751103,0
1505316466,21073969,59.71,0.10000000,0
1505316466,21073968,59.71,0.28630000,0
1505316464,21073965,59.71,0.40377800,0
1505316455,21073957,59.71,26.80000000,0
1505316454,21073956,59.71,2.86624400,0
1505316453,21073954,59.71,3.76394673,0
1505316453,21073953,59.71,13.74782027,0
1505316452,21073951,59.71,0.28600000,0
1505316448,21073900,59.71,5.68270000,0
1505316447,21073898,59.71,1.00000000,0
1505316442,21073893,59.71,0.70628700,0
1505316441,21073892,59.71,6.33029900,0
1505316439,21073889,59.71,2.00000000,0
1505316439,21073885,59.71,8.04960679,0
1505316430,21073873,59.71,12.19728694,0
1505316430,21073872,59.71,24.00444609,0
1505316427,21073869,59.71,25.99555391,0
1505316427,21073868,59.71,15.12156909,0
1505316426,21073867,59.71,7.25870000,0
1505316424,21073866,59.71,15.34956700,0
1505316423,21073864,59.71,3.79810000,0
1505316423,21073861,59.71,0.30000000,0
1505316422,21073860,59.71,0.28620000,0
1505316419,21073857,59.71,7.88586391,0
1505316418,21073856,59.71,7.48247209,0
1505316413,21073854,59.71,7.25872600,0
1505316407,21073851,59.71,8.28189000,0
1505316405,21073850,59.71,7.65387700,0
1505316397,21073843,59.71,8.28189000,0
1505316396,21073842,59.71,11.04114491,0
1505316396,21073841,59.71,13.93948101,0
1505316388,21073829,59.71,5.79920711,0
1505316387,21073828,59.70,9.22000000,0
1505316376,21073820,59.71,29.11008094,0
1505316376,21073819,59.70,9.22000000,0
1505316361,21073806,59.71,1.15123094,0
1505316361,21073805,59.71,50.00000000,0
1505316361,21073804,59.71,50.00000000,0
1505316361,21073803,59.71,45.84876906,0
1505316357,21073799,59.65,5.59202027,1
1505316356,21073798,59.70,0.05975209,1
1505316355,21073796,59.70,13.17000000,0
1505316355,21073795,59.70,11.77024791,0
1505316348,21073787,59.70,1.66975209,0
1505316284,21073727,59.71,4.15123094,0
1505316284,21073725,59.67,45.92112831,0
1505316282,21073720,59.50,0.08117684,0
1505316257,21073701,59.50,0.91862501,0
1505316101,21073461,59.55,0.00019815,1
1505316090,21073445,59.55,3.99980185,1
1505316086,21073434,59.51,12.76000000,1
1505316080,21073431,59.50,4.72550660,0
1505316080,21073430,59.49,1.00000000,0
1505316074,21073422,59.50,8.48300000,1
1505316074,21073421,59.50,1.95149340,1
1505316068,21073407,59.50,18.01000000,0
1505316068,21073405,59.49,31.55550660,0
1505316024,21073311,59.13,40.00000000,1
1505315996,21073259,59.31,2.20821600,0
1505315980,21073230,59.34,1.00000000,1
1505315978,21073223,59.03,4.05214890,0
1505315962,21073163,59.16,2.00000000,0
1505315957,21073151,59.16,31.55550660,1
1505315957,21073150,59.33,2.39234450,1
1505315950,21073126,59.62,6.40978563,0
1505315947,21073106,59.35,0.87770223,1
1505315946,21073105,59.35,0.36188292,1
1505315946,21073103,59.46,2.03046208,1
1505315944,21073098,59.46,0.04251878,0
1505315944,21073095,59.46,2.03038722,0
1505315939,21073083,59.67,4.07887169,0
1505315939,21073082,59.66,7.89785129,0
1505315939,21073081,59.40,5.15000000,0
1505315938,21073078,59.35,27.92709420,1
1505315938,21073076,59.46,2.07290580,1
1505315938,21073072,59.33,2.53357000,0
1505315929,21073051,59.31,40.00000000,1
1505315902,21072955,59.47,18.80733227,0
1505315902,21072953,59.47,11.70000300,0
1505315901,21072951,59.47,1.19291915,0
1505315900,21072949,59.47,1.07956300,0
1505315899,21072943,59.47,3.91965600,0
1505315898,21072937,59.47,3.30052658,0
1505315891,21072920,59.50,7.89785129,1
1505315884,21072906,59.80,9.07690000,1
1505315884,21072905,59.80,9.07690000,1
1505315883,21072904,59.80,9.07690000,1
1505315883,21072903,59.80,9.07690000,1
1505315883,21072902,59.80,9.07690000,1
1505315883,21072901,59.80,9.07690000,1
1505315883,21072900,59.80,9.07690000,1
1505315883,21072899,59.81,9.07690000,1
1505315883,21072898,59.81,9.07690000,1
1505315883,21072897,59.81,9.07690000,1
1505315882,21072895,59.82,9.07690000,1
1505315882,21072894,59.82,9.07690000,1
1505315882,21072893,59.82,9.07690000,1
1505315882,21072892,59.82,22.23000000,1
1505315882,21072891,59.83,22.23000000,1
1505315882,21072890,59.83,19.61000000,1
1505315880,21072888,59.83,2.62000000,1
1505315880,21072887,59.85,22.23000000,1
1505315880,21072886,59.86,22.23000000,1
1505315880,21072885,59.87,22.23000000,1
1505315880,21072883,59.87,22.23000000,1
1505315879,21072882,59.87,22.23000000,1
1505315879,21072880,59.87,22.23000000,1
1505315876,21072870,59.88,22.23000000,1
1505315876,21072869,59.88,18.24770000,1
1505315876,21072868,59.88,3.98230000,1
1505315876,21072867,59.88,22.23000000,1
1505315875,21072866,59.88,22.23000000,1
1505315875,21072865,59.88,22.23000000,1
1505315875,21072864,59.88,22.23000000,1
1505315875,21072863,59.88,22.23000000,1
1505315875,21072861,59.88,22.23000000,1
1505315875,21072859,59.88,22.23000000,1
1505315875,21072857,59.88,16.53000000,1
1505315873,21072854,59.88,5.70000000,1
1505315872,21072853,59.88,3.30000000,1
1505315870,21072851,59.88,0.16000000,1
1505315864,21072839,59.88,18.77000000,1
1505315864,21072838,59.88,0.75185750,1
1505315857,21072816,59.88,20.47814250,1
1505315853,21072805,59.99,4.41450000,0
1505315842,21072777,59.88,1.00000000,1
1505315841,21072775,59.89,21.35000000,1
1505315825,21072735,60.00,3.69674016,1
1505315820,21072728,60.06,6.82550000,1
1505315815,21072716,60.09,25.98000000,1
1505315799,21072681,60.36,7.89785129,0
1505315788,21072673,60.35,2.81785129,0
1505315788,21072672,60.35,0.16000000,0
1505315788,21072671,60.33,0.16000000,0
1505315788,21072670,60.33,0.16000000,0
1505315788,21072669,60.33,4.60000000,0
1505315757,21072605,60.13,1.00000000,1
1505315716,21072520,60.36,49.91328900,1
1505315705,21072504,60.33,0.16000000,1
1505315696,21072480,60.34,9.00000000,1
1505315687,21072462,60.33,0.16000000,1
1505315679,21072447,60.48,9.13671100,0
1505315679,21072446,60.47,8.87000000,0
1505315643,21072330,60.33,19.51220500,1
1505315637,21072306,60.71,43.84598912,0
1505315637,21072304,60.60,4.00000000,0
1505315637,21072303,60.59,15.00000000,0
1505315636,21072302,60.52,3.00000000,0
1505315636,21072298,60.50,1.00000000,0
1505315634,21072293,60.46,13.29000000,0
1505315591,21072205,60.20,30.51044883,0
1505315589,21072202,60.20,50.00000000,0
1505315582,21072186,60.20,40.00000000,0
1505315582,21072185,60.20,3.34457965,0
1505315576,21072177,60.20,39.23956200,0
1505315575,21072176,60.20,17.76043800,0
1505315575,21072173,60.20,17.76043800,0
1505315574,21072169,60.20,5.54182700,0
1505315574,21072168,60.20,47.95669200,0
1505315573,21072164,60.20,7.93968700,0
1505315573,21072163,60.20,34.22506200,0
1505315568,21072155,60.20,0.13000000,0
1505315567,21072153,60.27,36.26000000,1
1505315567,21072151,60.29,0.13000000,1
1505315567,21072149,60.29,10.81324266,1
1505315567,21072148,60.30,10.00000000,1
1505315559,21072098,60.39,29.33612209,1
1505315558,21072087,60.39,10.21387791,0
1505315543,21072057,60.36,9.98161034,0
1505315532,21072034,60.29,0.24000000,1
1505315526,21072013,60.32,0.54746896,0
1505315526,21072012,60.32,0.11900714,0
1505315526,21072011,60.32,2.33352390,0
1505315519,21071991,60.25,0.29000000,1
1505315515,21071971,60.09,0.53070000,1
1505315514,21071969,60.25,150.00000000,0
1505315514,21071968,60.24,0.34000000,0
1505315509,21071963,60.10,34.88033200,0
1505315509,21071962,60.10,0.16000000,0
1505315508,21071961,60.09,21.06133200,1
1505315504,21071953,60.08,0.16000000,0
1505315499,21071941,60.10,2.28000000,0
1505315497,21071936,60.10,63.40574800,0
1505315492,21071929,60.23,22.08390000,1
1505315491,21071928,60.13,17.75610000,0
1505315491,21071927,60.13,5.77580000,1
1505315488,21071919,59.93,0.16000000,1
1505315469,21071832,60.25,13.09543568,1
1505315468,21071830,60.16,20.00000000,0
1505315468,21071828,60.14,0.11640827,0
1505315468,21071826,60.14,2.08655127,1
1505315468,21071824,60.12,0.91276042,0
1505315467,21071823,60.12,1.00000000,0
1505315467,21071821,60.12,1.08723958,0
1505315467,21071818,60.09,0.63000000,1
1505315465,21071805,60.08,1.17000000,0
1505315461,21071798,59.82,13.15310000,0
1505315459,21071794,59.79,2.91923173,0
1505315458,21071791,59.79,3.71766827,0
1505315457,21071787,59.78,0.16000000,1
1505315453,21071772,59.79,2.44000000,0
1505315449,21071760,59.79,4.07620000,0
1505315449,21071758,59.79,50.00000000,0
1505315449,21071757,59.79,50.00000000,0
1505315448,21071756,59.79,22.92380000,0
1505315447,21071752,59.79,27.07620000,0
1505315447,21071751,59.79,47.51000000,0
1505315445,21071745,59.79,2.49000000,0
1505315443,21071742,59.78,1.72000000,0
1505315443,21071741,59.78,50.00000000,0
1505315443,21071740,59.78,50.00000000,0
1505315443,21071739,59.77,50.00000000,0
1505315439,21071728,59.77,50.00000000,0
1505315439,21071727,59.77,50.00000000,0
1505315438,21071726,59.77,23.41425112,0
1505315438,21071718,59.60,25.84000000,0
1505315436,21071708,59.68,69.00000000,1
1505315436,21071706,59.75,0.16000000,1
1505315423,21071670,59.60,12.72818759,1
1505315421,21071667,59.77,26.58574888,0
1505315421,21071666,59.77,50.00000000,0
1505315421,21071664,59.77,50.00000000,0
1505315421,21071663,59.77,50.00000000,0
1505315421,21071661,59.77,1.11425112,0
1505315420,21071657,59.77,35.73264300,0
1505315420,21071655,59.76,15.00000000,0
1505315419,21071652,59.74,2.04000000,0
1505315404,21071616,59.84,9.63000000,1
1505315404,21071614,60.00,3.52310588,1
1505315404,21071611,60.00,78.37299100,1
1505315403,21071610,60.00,4.07377367,1
1505315403,21071609,60.00,50.00000000,1
1505315402,21071591,60.00,0.66000000,1
1505315401,21071590,60.00,3.30000000,1
1505315400,21071589,60.00,300.00000000,0
1505315400,21071587,60.00,100.00000000,0
1505315400,21071585,60.00,16.00000000,0
1505315400,21071584,60.00,10.00000000,0
1505315400,21071583,59.92,3.00000000,0
1505315400,21071582,59.91,685.48000000,0
1505315400,21071581,59.90,10.00000000,0
1505315400,21071580,59.89,157.97500000,0
1505315399,21071579,59.70,0.11710170,0
1505315399,21071577,59.69,6.82543140,0
1505315399,21071576,59.58,6.82600000,0
1505315390,21071546,59.69,6.70835481,1
1505315389,21071543,59.51,0.11764519,0
1505315389,21071541,59.49,0.29000000,0
1505315389,21071540,59.49,2.54400000,0
1505315388,21071538,59.48,1.11000000,1
1505315387,21071534,59.48,5.56000000,1
1505315387,21071531,59.40,0.11785129,0
1505315386,21071530,59.39,1.11000000,0
1505315386,21071529,59.30,16.16000000,0
1505315385,21071528,59.30,15.00000000,0
1505315385,21071527,59.29,5.56000000,0
1505315339,21071471,59.10,1.86167700,1
1505315251,21071377,59.10,0.13832300,1
1505315214,21071338,59.28,1.21438580,0
1505315199,21071331,58.92,123.79000000,0
1505315199,21071330,58.93,72.00000000,0
1505315197,21071328,59.06,2.00000000,1
1505315193,21071327,59.29,33.17000000,0
1505315192,21071326,59.28,6.83000000,0
1505315173,21071319,59.23,3.00000000,0
1505315172,21071317,59.22,1.69783820,0
1505315153,21071304,59.23,1.36339789,0
1505315147,21071287,59.26,3.26488500,0
1505315147,21071286,59.01,6.42511500,0
1505315147,21071284,59.01,39.43821300,0
1505315145,21071279,59.01,33.04000000,0
1505315145,21071278,59.04,173.43500000,1
1505315145,21071277,59.04,39.31537200,1
1505315122,21071243,59.25,11.57872795,0
1505315071,21071167,59.01,24.05890000,1
1505315069,21071166,59.02,4.00000000,1
1505315053,21071104,59.00,50.00000000,0
1505315048,21071091,58.98,33.93657924,1
1505315046,21071089,58.99,9.52214871,0
1505315045,21071087,58.98,6.06342076,0
1505315044,21071085,58.98,2.05657924,0
1505315037,21071076,58.99,2.05657924,0
1505315037,21071075,58.95,9.52214871,0
1505315034,21071073,58.95,0.11785129,0
1505315025,21071049,58.95,11.46000000,0
1505315025,21071048,58.95,0.11872782,0
1505315005,21071030,58.84,0.07518626,0
1505314999,21071014,58.84,1.14090174,0
1505314995,21071003,58.93,3.94261200,1
1505314979,21070987,58.93,2.44738800,1
1505314968,21070973,58.93,13.61000000,0
1505314948,21070925,58.90,4.00000000,0
1505314923,21070866,58.65,6.57231055,1
1505314923,21070865,58.65,0.11872782,1
1505314881,21070799,58.66,3.65092400,0
1505314865,21070782,58.66,0.41183995,0
1505314862,21070779,58.65,1.07940000,1
1505314859,21070776,58.93,0.84625827,0
1505314856,21070775,58.66,10.00000000,1
1505314856,21070772,58.67,0.93723592,0
1505314855,21070770,58.66,0.11933174,1
1505314852,21070763,58.67,3.84668959,1
1505314851,21070762,58.83,0.11858377,1
1505314847,21070756,58.98,161.85997714,1
1505314845,21070751,58.98,159.75200000,1
1505314845,21070749,58.98,15.00000000,0
1505314845,21070747,58.94,15.00000000,0
1505314838,21070739,58.94,1.00824763,1
1505314838,21070738,58.94,3.77950224,1
1505314838,21070737,58.95,2.17045013,1
1505314836,21070731,58.95,3.14000000,1
1505314834,21070727,58.95,40.00000000,1
1505314830,21070722,58.95,4.68954987,1
1505314830,21070721,58.97,31.21570000,1
1505314830,21070720,58.97,14.09475013,1
1505314830,21070719,58.97,17.12094987,1
1505314829,21070718,58.98,40.95542813,1
1505314829,21070715,58.98,0.20000000,1
1505314828,21070714,58.98,8.84457187,1
1505314828,21070713,58.98,49.78986813,1
1505314828,21070711,58.98,0.21013187,1
1505314828,21070709,58.98,15.89411113,1
1505314828,21070707,58.98,6.09587900,1
1505314822,21070683,58.98,0.17238400,1
1505314822,21070680,58.98,4.03093197,1
1505314821,21070679,58.98,7.18830000,1
1505314820,21070678,58.99,4.66759200,0
1505314820,21070677,58.99,9.45240800,0
1505314819,21070673,58.98,16.12202800,1
1505314799,21070630,58.98,0.49636590,1
1505314797,21070628,58.99,1.08943971,1
1505314794,21070626,58.99,14.51056029,1
1505314794,21070625,58.99,31.21570000,1
1505314794,21070624,58.99,31.21570000,1
1505314794,21070623,59.02,30.82509871,1
1505314793,21070622,59.02,0.39060129,1
1505314793,21070621,59.02,31.21570000,1
1505314793,21070620,59.02,8.39369871,1
1505314773,21070616,59.02,22.82200129,1
1505314773,21070615,59.02,17.17799871,1
1505314741,21070530,59.02,14.03770129,1
1505314741,21070529,59.02,31.21570000,1
1505314741,21070528,59.02,31.21570000,1
1505314741,21070526,59.03,19.03000000,1
1505314741,21070525,59.03,30.00000000,1
1505314741,21070524,59.03,31.21570000,1
1505314741,21070522,59.03,31.21570000,1
1505314738,21070516,59.04,10.82000000,1
1505314666,21070410,59.10,1.88958400,0
1505314664,21070402,59.10,0.20000000,0
1505314664,21070401,59.10,40.00000000,0
1505314648,21070362,59.10,1.31015228,0
1505314646,21070353,59.10,0.20171500,0
1505314643,21070350,59.10,4.07392000,0
1505314636,21070340,59.10,0.43365500,0
1505314632,21070337,59.10,0.20000000,0
1505314631,21070336,59.10,13.83457100,0
1505314615,21070322,59.11,20.59000000,1
1505314615,21070320,59.29,4.27392000,0
1505314601,21070304,59.30,4.27392000,0
1505314567,21070285,59.28,1.06378600,0
1505314558,21070275,59.27,1.71000000,0
1505314557,21070274,59.27,9.41400000,0
1505314554,21070265,59.19,13.69907717,1
1505314553,21070264,59.20,31.43692283,1
1505314517,21070199,59.49,6.94670000,0
1505314513,21070197,59.49,4.57036609,0
1505314513,21070196,59.49,0.29000000,0
1505314509,21070185,59.49,2.54392000,1
1505314506,21070172,59.29,0.29000000,0
1505314505,21070170,59.29,1.44000000,0
1505314496,21070149,59.04,0.11858377,1
1505314494,21070143,59.29,0.11764519,0
1505314489,21070136,59.39,0.02998317,1
1505314487,21070127,59.39,0.64995973,1
1505314487,21070124,59.26,0.62659829,0
1505314486,21070123,59.17,0.11830044,0
1505314486,21070118,59.15,0.11835505,0
1505314486,21070116,59.15,0.11834778,0
1505314486,21070114,59.10,0.11845554,0
1505314486,21070113,59.06,0.36000000,0
1505314480,21070100,58.94,29.08178677,0
1505314479,21070098,58.94,2.13392000,0
1505314477,21070090,58.94,2.34860800,0
1505314476,21070086,58.93,1.80000000,1
1505314476,21070085,58.94,16.43568523,0
1505314476,21070082,58.94,26.77322077,0
1505314475,21070076,58.94,6.71140143,0
1505314475,21070075,58.94,16.51537780,0
1505314475,21070074,58.94,10.98462220,0
1505314463,21070049,58.94,0.11835505,0
1505314463,21070047,58.92,2.14000000,1
1505314460,21070041,58.92,2.13392000,1
1505314459,21070038,58.94,8.62455691,0
1505314459,21070037,58.94,6.06121000,0
1505314458,21070034,58.94,1.62155900,0
1505314458,21070030,58.94,8.62455700,0
1505314457,21070024,58.94,13.96513984,0
1505314456,21070023,58.94,10.49161916,0
1505314455,21070016,58.94,11.84879000,0
1505314455,21070011,58.94,27.65959084,0
1505314455,21070009,58.94,50.00000000,0
1505314454,21070008,58.92,0.11880883,0
1505314454,21070007,58.92,20.24458233,0
1505314454,21070004,58.92,27.49999900,0
1505314453,21070000,58.81,9.22418000,1
1505314453,21069999,58.92,0.44121867,0
1505314453,21069996,58.92,48.18580000,0
1505314452,21069994,58.92,50.00000000,0
1505314452,21069993,58.92,50.00000000,0
1505314452,21069992,58.92,50.00000000,0
1505314452,21069991,58.91,26.95300033,0
1505314451,21069987,58.80,1.73927000,1
1505314451,21069986,58.80,5.74004000,1
1505314450,21069982,58.80,2.55000000,1
1505314449,21069974,58.80,23.31032391,0
1505314448,21069972,58.80,78.40176700,0
1505314448,21069971,58.79,3.03000000,0
1505314436,21069929,58.80,60.00000000,0
1505314434,21069926,58.80,270.66409857,0
1505314426,21069903,58.79,3.60000000,0
1505314419,21069882,58.89,0.11845554,0
1505314409,21069856,58.90,29.11800000,1
1505314408,21069851,58.87,30.88200000,0
1505314405,21069848,58.63,0.11940401,0
1505314405,21069846,58.62,0.84119117,0
1505314403,21069844,58.62,0.11880883,0
1505314399,21069822,58.56,3.75950857,0
1505314397,21069821,58.62,1.06049143,1
1505314397,21069818,58.58,0.11950857,0
1505314396,21069816,58.56,4.82000000,0
1505314388,21069794,58.53,21.52000000,0
1505314388,21069793,58.52,38.48000000,0
1505314337,21069677,58.18,38.48287962,1
1505314332,21069674,58.47,1.24958142,1
1505314332,21069673,58.47,10.02237479,1
1505314332,21069672,58.47,6.70991609,1
1505314328,21069669,58.47,3.30550000,1
1505314326,21069666,58.48,21.51711693,1
1505314323,21069655,58.48,9.03588340,1
1505314323,21069654,58.48,3.35550615,1
1505314323,21069653,58.48,10.04127572,1
1505314323,21069652,58.52,9.43265286,1
1505314317,21069644,58.48,8.13468187,1
1505314315,21069641,58.53,0.11830044,0
1505314306,21069634,58.51,0.11954730,0
1505314297,21069621,58.48,46.18000000,1
1505314295,21069618,58.48,3.37139171,0
1505314293,21069617,58.26,25.58174847,1
1505314279,21069588,58.26,0.03980000,0
1505314203,21069451,58.00,8.83132484,0
1505314203,21069450,58.00,43.19300000,0
1505314203,21069448,58.01,62.00000000,1
1505314203,21069446,58.02,40.70600000,1
1505314203,21069445,58.04,2.01000000,1
1505314203,21069444,58.10,57.00000000,1
1505314202,21069443,58.12,10.05000000,1
1505314202,21069442,58.25,60.59400000,1
1505314175,21069399,58.35,17.17000000,1
1505314175,21069398,58.35,9.35000000,1
1505314015,21069158,58.50,3.46653949,1
1505314012,21069152,58.48,9.82402947,0
1505314001,21069135,58.47,17.76602857,1
1505313998,21069133,58.47,8.94304800,1
1505313994,21069126,58.40,10.18059599,0
1505313988,21069121,58.40,3.70000000,0
1505313946,21069080,58.40,0.11940401,0
1505313942,21069075,58.39,16.19320346,0
1505313939,21069059,58.36,16.24726766,1
1505313926,21069047,58.36,0.11950857,0
1505313915,21069026,58.22,0.11976620,0
1505313907,21069014,58.02,3.00048045,1
1505313896,21068963,58.01,10.00000000,1
1505313878,21068928,58.00,0.17000000,1
1505313872,21068920,58.00,39.99999655,1
1505313872,21068918,58.19,0.00000345,1
1505313868,21068904,58.19,14.32873000,1
1505313866,21068901,58.19,35.33126655,0
1505313853,21068872,58.00,244.21432829,0
1505313844,21068863,57.99,10.34000000,0
1505313822,21068838,57.91,40.00000000,1
1505313819,21068835,57.99,12.28000000,0
1505313816,21068833,58.00,116.00000000,0
1505313811,21068822,57.99,14.59000000,0
1505313793,21068790,57.99,6.87859700,0
1505313768,21068762,57.99,1.50000000,0
1505313768,21068760,57.86,0.55548400,0
1505313767,21068757,57.86,13.56403200,0
1505313753,21068744,57.86,0.55548400,0
1505313701,21068616,57.83,0.13716700,0
1505313699,21068615,57.83,8.64283300,0
1505313697,21068613,57.83,31.22000000,0
1505313693,21068605,58.00,31.12318121,1
1505313681,21068587,58.00,40.00000000,1
1505313678,21068585,58.00,32.21551700,1
1505313670,21068576,58.00,29.83086000,1
1505313667,21068570,58.00,3.50157200,1
1505313666,21068569,58.00,20.99935000,1
1505313664,21068564,58.00,40.00000000,1
1505313663,21068558,58.00,4.23225800,1
1505313632,21068398,58.00,2.29674800,1
1505313631,21068394,58.00,6.85322829,1
1505313623,21068352,58.00,4.49569000,1
1505313617,21068328,58.00,26.44523380,1
1505313617,21068327,58.01,0.11976620,1
1505313614,21068310,58.00,17.88045270,1
1505313614,21068308,58.01,0.11954730,1
1505313609,21068272,58.00,5.00000000,1
1505313605,21068244,58.00,2.05547400,1
1505313592,21068140,58.00,30.91359300,1
1505313589,21068092,58.00,2.15684200,1
1505313589,21068086,58.00,2.00000000,1
1505313589,21068079,58.00,21.11763800,1
1505313588,21068071,58.00,78.88236200,1
1505313588,21068067,58.01,65.00000000,1
1505313588,21068064,58.07,21.73363800,1
1505313587,21068053,58.07,46.27109400,1
1505313587,21068048,58.07,10.72890600,1
1505313586,21068039,58.07,19.15313100,1
1505313586,21068033,58.07,10.18990000,1
1505313586,21068030,58.07,11.05599300,1
1505313586,21068028,58.07,1.52386400,1
1505313585,21068022,58.07,6.19514000,1
1505313585,21068019,58.07,13.41505900,1
1505313585,21068016,58.07,177.70000000,1
1505313584,21068009,58.07,85.59020000,1
1505313584,21068005,58.07,66.38571000,1
1505313584,21068001,58.07,177.70000000,1
1505313584,21067994,58.07,37.83736500,1
1505313583,21067991,58.08,59.00000000,1
1505313572,21067886,58.16,3.04971477,1
1505313563,21067783,58.16,0.12035763,1
1505313548,21067742,58.08,49.88050530,1
1505313548,21067741,58.26,10.00000000,1
1505313548,21067740,58.30,0.11949470,1
1505313452,21067559,58.74,1.00250627,0
1505313444,21067552,58.35,12.57601190,1
1505313444,21067550,58.37,1.50000000,1
1505313443,21067548,58.41,20.00000000,1
1505313443,21067547,58.43,7.49000000,1
1505313428,21067536,58.47,18.43398810,0
1505313422,21067527,58.48,1.69000000,1
1505313422,21067526,58.51,8.44000000,1
1505313422,21067524,58.52,31.43601190,1
1505313406,21067494,58.47,6.32317500,1
1505313405,21067492,58.50,7.56000000,1
1505313405,21067491,58.51,17.93000000,1
1505313405,21067489,58.52,28.18682500,1
1505313401,21067483,58.59,0.11949470,1
1505313401,21067482,58.91,0.11834778,0
1505313393,21067468,59.34,10.48533872,1
1505313393,21067466,59.34,15.00000000,1
1505313393,21067465,59.34,20.00000000,1
1505313392,21067463,59.28,2.52000000,0
1505313392,21067460,59.26,0.11813457,0
1505313392,21067459,59.26,60.00000000,1
1505313392,21067458,59.26,159.93000000,1
1505313392,21067456,59.23,60.00000000,0
1505313391,21067454,59.20,0.11825473,0
1505313391,21067453,59.20,15.00000000,1
1505313391,21067452,59.11,59.00000000,0
1505313391,21067451,59.11,0.11843543,0
1505313391,21067450,59.07,0.11850800,0
1505313390,21067449,59.07,64.00000000,1
1505313390,21067447,59.07,159.93000000,1
1505313390,21067444,59.02,61.00000000,0
1505313390,21067443,58.99,35.65140000,0
1505313390,21067442,58.99,35.65140000,0
1505313389,21067440,58.99,35.65140000,0
1505313389,21067439,58.99,35.65140000,0
1505313389,21067438,58.99,35.65140000,0
1505313389,21067436,58.99,35.65140000,0
1505313389,21067434,58.99,35.65140000,0
1505313389,21067432,58.99,35.65140000,0
1505313389,21067431,58.99,1.55897944,1
1505313389,21067430,58.98,1.55000000,0
1505313388,21067429,58.95,7.74000000,0
1505313388,21067427,58.91,13.29000000,0
1505313388,21067426,58.85,15.00000000,0
1505313386,21067420,58.84,1.21950700,0
1505313352,21067359,59.00,35.65139542,1
1505313351,21067355,58.97,1.98000000,0
1505313351,21067354,58.92,9.90000000,0
1505313350,21067353,58.91,4.64671100,0
1505313350,21067352,58.90,31.31856317,0
1505313299,21067323,58.82,0.69517171,0
1505313166,21067180,58.77,12.10101991,0
1505313165,21067179,58.76,7.89898009,0
1505313110,21067141,58.48,0.20542648,1
1505313090,21067127,58.49,7.27891300,0
1505313065,21067099,58.58,3.28166100,0
1505313064,21067096,58.58,11.07942600,0
1505313064,21067095,58.58,9.18000000,0
1505313062,21067094,58.58,9.18000000,1
1505313034,21067071,58.57,13.77545186,1
1505313034,21067070,58.58,10.15000000,1
1505312950,21066881,58.49,7.00000000,0
1505312877,21066733,58.54,25.00000000,0
1505312877,21066732,58.53,15.00000000,0
1505312866,21066718,58.26,21.14287900,1
1505312826,21066606,58.58,10.36356557,1
1505312826,21066603,58.53,3.03000000,0
1505312826,21066602,58.53,15.14000000,0
1505312824,21066594,58.33,1.98700000,0
1505312792,21066563,58.07,24.03401000,1
1505312778,21066553,58.26,7.05599000,0
1505312754,21066514,58.33,2.62000000,1
1505312747,21066506,58.37,9.51000000,0
1505312745,21066504,58.38,9.78000000,1
1505312744,21066503,58.40,7.00000000,1
1505312740,21066499,58.41,0.37464295,1
1505312725,21066485,58.38,10.00000000,1
1505312718,21066471,58.38,50.00000000,0
1505312716,21066470,58.50,10.00000000,1
1505312680,21066437,58.77,0.11850800,0
1505312676,21066414,58.41,2.97800000,0
1505312616,21066343,58.49,1.60433180,1
1505312541,21066174,58.64,28.21005700,1
1505312536,21066144,58.95,0.11813457,0
1505312532,21066117,58.89,0.11843543,0
1505312529,21066104,58.62,0.11941546,0
1505312529,21066102,58.60,2.21000000,0
1505312524,21066073,58.60,0.16000000,0
1505312524,21066072,58.60,11.84000000,0
1505312514,21066013,58.40,0.00000021,0
1505312510,21066002,58.40,33.03261000,0
1505312505,21065985,58.40,7.00000000,0
1505312504,21065983,58.40,40.00000000,0
1505312497,21065957,58.40,25.93000000,0
1505312497,21065956,58.39,14.07000000,0
1505312493,21065943,58.20,3.69867525,1
1505312487,21065917,58.39,6.85322829,0
1505312472,21065880,58.39,3.00000000,0
1505312462,21065850,58.19,53.85080000,1
1505312461,21065848,58.19,0.12041974,1
1505312456,21065828,58.09,9.61813699,1
1505312456,21065825,58.11,46.26200000,1
1505312456,21065822,58.12,44.00000000,1
1505312454,21065811,58.19,0.11986301,1
1505312439,21065773,58.20,6.14920000,0
1505312418,21065674,58.35,53.85080000,0
1505312415,21065660,58.35,40.00000000,1
1505312406,21065623,58.40,3.40000000,0
1505312406,21065621,58.40,28.20431370,0
1505312403,21065603,58.35,13.00000000,1
1505312396,21065584,58.30,0.00000005,0
1505312394,21065579,58.30,7.38367500,0
1505312393,21065574,58.30,38.78835000,0
1505312392,21065571,58.30,3.00000000,1
1505312392,21065569,58.30,1.21165035,1
1505312391,21065567,58.30,38.78834965,0
1505312382,21065504,58.30,0.11941546,0
1505312380,21065500,58.40,1.43539250,1
1505312372,21065474,58.40,0.11986301,1
1505312370,21065453,58.40,88.00000000,1
1505312369,21065451,58.40,3.49853400,1
1505312365,21065422,58.40,9.27316699,1
1505312363,21065403,58.51,0.11900714,1
1505312363,21065402,58.60,1.00000000,1
1505312362,21065401,58.63,0.09264321,1
1505312354,21065383,58.62,0.91276042,1
1505312354,21065382,58.62,1.00000000,1
1505312351,21065368,58.62,1.08723958,1
1505312349,21065357,58.63,9.27316699,0
1505312295,21065220,58.98,0.11825473,0
1505312287,21065190,58.63,7.06193104,1
1505312287,21065187,58.64,16.62000000,1
1505312285,21065180,58.82,0.54746896,1
1505312280,21065162,58.82,0.11900714,1
1505312276,21065152,58.82,2.33352390,1
1505312276,21065150,58.88,0.11780545,1
1505312276,21065148,58.95,4.90248865,1
1505312271,21065121,58.95,0.09718488,1
1505312266,21065105,59.04,16.50000000,0
1505312235,21064977,58.95,5.00032647,1
1505312234,21064973,59.00,1.60000000,1
1505312234,21064972,59.00,0.29967353,1
1505312231,21064966,59.00,0.20000000,1
1505312227,21064958,59.00,12.05631545,1
1505312227,21064957,59.00,27.94368455,1
1505312227,21064955,59.00,22.05631545,1
1505312227,21064954,59.00,37.74368455,1
1505312227,21064953,59.00,470.00000000,1
1505312218,21064942,59.00,0.20000000,1
1505312210,21064920,59.00,47.13000000,1
1505312205,21064895,59.00,6.87079500,1
1505312199,21064880,59.00,12.87000000,1
1505312181,21064795,59.00,0.20000000,1
1505312179,21064790,59.00,10.13000000,1
1505312179,21064789,59.00,8.24604445,1
1505312178,21064788,59.01,0.13000000,1
1505312171,21064768,59.01,9.87000000,1
1505312166,21064749,59.01,40.00000000,1
1505312161,21064722,59.00,6.60947600,1
1505312161,21064721,59.00,1.92669300,1
1505312155,21064701,59.00,0.57330700,1
1505312155,21064699,59.00,2.50000000,1
1505312155,21064697,59.00,5.76239300,1
1505312154,21064693,59.00,1.16468800,1
1505312150,21064689,59.00,7.50000000,1
1505312142,21064673,59.00,1.16468900,1
1505312137,21064661,59.00,10.00000000,1
1505312137,21064660,59.01,45.35260000,1
1505312136,21064658,59.01,4.64740000,1
1505312135,21064656,59.00,1.52580000,1
1505312134,21064653,59.00,33.81983000,1
1505312134,21064652,59.12,4.65437000,1
1505312128,21064641,59.00,27.67630000,1
1505312126,21064639,59.00,11.38630000,1
1505312126,21064637,59.02,13.29000000,1
1505312126,21064635,59.02,3.00000000,1
1505312116,21064618,59.12,27.67630000,1
1505312115,21064616,59.12,27.67630000,1
1505312106,21064598,59.26,1.17127911,1
1505312106,21064597,59.26,40.00000000,1
1505312095,21064525,59.22,3.00000000,1
1505312081,21064476,59.26,47.82710170,1
1505312079,21064473,59.26,2.17289830,1
1505312079,21064471,59.27,0.11710170,1
1505312074,21064459,59.35,13.21669899,1
1505312064,21064422,59.35,24.81800000,1
1505312053,21064392,59.35,13.09192400,1
1505312000,21064324,59.38,91.84793543,1
1505312000,21064323,59.38,63.29567914,1
1505312000,21064322,59.39,4.34000000,1
1505312000,21064321,59.39,0.03303586,1
1505311986,21064282,59.39,36.20000000,0
1505311981,21064269,59.39,3.80000000,0
1505311978,21064262,59.38,6.90268800,1
1505311977,21064260,59.38,75.92200000,1
1505311977,21064255,59.38,7.08986745,1
1505311977,21064252,59.39,0.82358255,1
1505311976,21064249,59.39,0.31641745,1
1505311976,21064247,59.39,2.15403255,1
1505311976,21064245,59.39,3.54596745,1
1505311976,21064243,59.42,2.88219455,1
1505311976,21064242,59.62,0.70000000,1
1505311975,21064232,59.62,7.00000000,1
1505311958,21064190,59.42,0.11780545,1
1505311954,21064187,59.45,0.95378560,1
1505311954,21064186,59.45,6.45000000,1
1505311954,21064185,59.49,3.30621440,1
1505311952,21064178,59.62,13.29000000,1
1505311942,21064169,59.49,1.74144548,1
1505311942,21064168,59.53,0.11668611,1
1505311942,21064167,59.60,0.00074573,1
1505311942,21064166,59.60,0.11532125,1
1505311942,21064165,59.62,13.29000000,1
1505311942,21064164,59.62,3.00000000,1
1505311941,21064163,59.66,0.11686143,1
1505311883,21064081,59.92,0.11640827,0
1505311864,21064051,59.68,17.96000000,0
1505311863,21064046,59.68,1.84000000,0
1505311863,21064045,59.68,9.18000000,0
1505311862,21064043,59.68,1.84000000,1
1505311862,21064041,59.75,9.18000000,1
1505311821,21064015,59.85,1.57920069,1
1505311821,21064014,59.93,38.42079931,1
1505311664,21063854,59.95,2.00000000,1
1505311639,21063830,59.94,6.61268900,0
1505311636,21063820,59.94,33.38731100,1
1505311635,21063817,59.94,14.61268900,1
1505311552,21063704,59.93,37.57920069,1
1505311552,21063703,59.94,34.37000000,1
1505311552,21063702,59.95,10.46490523,1
1505311517,21063692,60.21,18.82693904,0
1505311453,21063586,60.00,4.00000000,1
1505311389,21063558,60.11,2.99999500,1
1505311233,21063421,60.28,15.37292634,0
1505311174,21063275,60.30,0.17000000,1
1505311127,21063236,60.11,0.29640000,1
1505311127,21063234,60.12,23.00000000,1
1505311126,21063229,60.12,22.85000000,0
1505311125,21063227,60.12,9.15000000,0
1505311125,21063226,60.13,8.00000000,1
1505311112,21063201,60.22,21.09060137,1
1505311068,21063157,60.77,11.74651339,0
1505311068,21063156,60.77,6.71619393,1
1505311068,21063155,60.57,2.35000000,0
1505311068,21063153,60.43,6.10522762,0
1505311067,21063152,60.42,1.35000000,0
1505311067,21063150,60.39,6.75000000,0
1505311067,21063149,60.26,39.70061352,0
1505311065,21063148,60.24,7.06000000,0
1505310970,21062864,59.94,40.00000000,1
1505310915,21062804,59.87,6.71619393,1
1505310733,21062528,60.20,19.58000000,1
1505310685,21062488,60.45,0.11492694,0
1505310684,21062486,60.45,4.95086849,0
1505310675,21062480,60.46,0.11357881,0
1505310673,21062472,61.15,0.11405593,0
1505310672,21062467,61.15,96.04693376,0
1505310671,21062466,60.98,0.48878274,0
1505310671,21062465,60.91,0.11493135,0
1505310671,21062464,60.90,31.05600000,1
1505310671,21062463,60.90,52.00000000,1
1505310670,21062462,60.88,30.08965415,1
1505310670,21062461,60.88,0.11499912,0
1505310670,21062460,60.79,26.00000000,0
1505310670,21062459,60.69,39.00000000,0
1505310670,21062458,60.57,28.00000000,0
1505310669,21062457,60.57,12.89000000,1
1505310669,21062456,60.49,2.27000000,0
1505310669,21062455,60.48,15.00000000,0
1505310668,21062454,60.46,1.97000000,0
1505310668,21062453,60.46,9.86000000,0
1505310668,21062451,60.43,145.35000000,0
1505310668,21062450,60.25,0.11619780,0
1505310666,21062445,60.23,0.49792463,0
1505310629,21062408,60.15,12.84000000,0
1505310628,21062407,60.12,2.75688100,1
1505310594,21062380,60.00,26.64717141,0
1505310537,21062313,59.99,4.56331389,1
1505310521,21062296,59.99,0.11668611,1
1505310517,21062288,60.00,5.40965177,0
1505310506,21062277,59.99,35.32000000,0
1505310503,21062274,59.68,0.06682203,1
1505310503,21062273,59.78,0.11666666,1
1505310503,21062272,59.80,0.11651131,1
1505310501,21062271,59.82,3.00000000,1
1505310409,21062161,59.88,1.88380224,1
1505310344,21062106,59.99,6.21884800,1
1505310344,21062105,59.99,1.53115200,1
1505310332,21062092,59.88,7.93110280,1
1505310332,21062091,59.91,4.88380220,1
1505310302,21061929,60.05,0.00000010,1
1505310286,21061875,60.05,5.00000000,1
1505310285,21061874,60.05,14.99999990,1
1505310285,21061873,60.10,5.00000000,1
1505310285,21061872,60.10,0.79410200,1
1505310285,21061871,60.16,0.00000010,1
1505310241,21061781,60.16,1.15752800,1
1505310152,21061582,60.10,0.20589800,1
1505310145,21061570,60.20,5.20780730,0
1505310117,21061538,60.22,4.99999980,0
1505310111,21061518,60.23,1.50207537,0
1505310111,21061516,60.22,2.00000000,0
1505310041,21061338,60.03,14.92499144,1
1505309963,21061232,60.22,3.94682057,1
1505309962,21061221,60.22,12.89000000,1
1505309961,21061213,60.21,12.89000000,0
1505309949,21061193,60.05,50.00000000,1
1505309923,21061160,60.20,8.63319514,0
1505309919,21061157,60.10,2.00000000,1
1505309848,21061086,60.23,18.15679683,1
1505309811,21061044,60.00,4.00000000,1
1505309797,21061027,60.22,16.19154912,1
1505309791,21061020,60.16,5.65165405,0
1505309675,21060892,59.92,5.00000000,1
1505309598,21060771,59.89,0.11619780,0
1505309583,21060757,59.88,0.00300000,1
1505309582,21060756,59.90,1.00000000,1
1505309582,21060755,59.90,1.00000000,1
1505309570,21060740,60.11,1.65945766,0
1505309513,21060673,59.88,10.55822810,1
1505309512,21060672,59.89,25.79750900,1
1505309453,21060611,59.88,3.32133200,1
1505309451,21060609,59.89,26.59866800,1
1505309428,21060564,60.12,1.54833333,0
1505309391,21060512,60.24,31.81869670,1
1505309385,21060503,60.24,5.02365100,1
1505309371,21060490,59.99,3.15765230,0
1505309371,21060489,59.99,40.00000000,0
1505309362,21060483,59.99,1.00000000,1
1505309362,21060482,59.99,0.18000000,1
1505309362,21060481,60.00,28.20431370,1
1505309362,21060480,60.01,27.45803400,1
1505309351,21060472,60.00,4.72129820,1
1505309344,21060458,60.00,28.31469500,1
1505309332,21060448,60.00,6.84780900,0
1505309317,21060385,60.00,0.11619780,0
1505309242,21060297,59.88,28.86874447,1
1505309242,21060296,59.89,6.92000000,1
1505309242,21060295,60.00,4.21125553,1
1505309206,21060266,60.00,0.01874447,1
1505309206,21060265,60.00,2.57178753,1
1505309206,21060264,60.00,1.59782875,1
1505309206,21060263,60.00,22.92163925,1
1505309206,21060262,60.01,12.89000000,1
1505309180,21060223,60.00,1.99979468,1
1505309158,21060199,60.26,3.89000000,1
1505308997,21059824,60.64,6.71619393,0
1505308972,21059721,60.65,0.11499912,0
1505308966,21059703,60.56,1.46585245,0
1505308966,21059702,60.37,0.11595755,0
1505308966,21059701,60.09,3.22982792,0
1505308965,21059697,60.09,0.11595755,0
1505308958,21059666,60.08,0.11651131,1
1505308957,21059650,60.28,10.59055787,0
1505308954,21059638,60.08,26.06365666,1
1505308951,21059617,60.00,25.07856607,1
1505308951,21059616,60.02,3.00000000,1
1505308951,21059615,60.03,0.00063161,1
1505308951,21059614,60.03,0.11558954,1
1505308951,21059612,60.09,60.00000000,1
1505308951,21059611,60.22,3.00000000,1
1505308951,21059609,60.22,25.00000000,1
1505308951,21059607,60.28,12.89000000,1
1505308950,21059606,60.29,31.55550660,1
1505308928,21059406,60.69,0.11493135,0
1505308921,21059322,60.68,76.76925386,0
1505308921,21059320,60.67,18.66550660,0
1505308921,21059318,60.48,0.11558954,0
1505308916,21059274,60.31,0.00074573,0
1505308890,21059113,60.23,0.00063161,0
1505308883,21059093,60.59,12.89000000,1
1505308881,21059083,60.59,6.37569300,1
1505308881,21059079,60.59,6.51430700,1
1505308863,21059017,60.59,2.29869640,0
1505308863,21059016,60.37,10.59130360,0
1505308863,21059015,60.37,0.11554968,1
1505308862,21059013,60.42,3.00000000,1
1505308862,21059011,60.58,13.40314672,1
1505308862,21059010,60.59,12.89000000,1
1505308855,21058971,60.58,2.07189200,1
1505308855,21058970,60.58,1.00626500,1
1505308852,21058959,60.59,31.55559957,1
1505308845,21058940,60.58,0.11554968,1
1505308842,21058930,60.58,13.40314660,1
1505308841,21058928,60.62,0.00000040,1
1505308841,21058927,60.62,2.99999960,1
1505308841,21058926,60.67,0.11496140,1
1505308825,21058883,60.70,14.90891613,1
1505308824,21058881,60.71,6.13101976,0
1505308824,21058878,60.70,106.00000000,1
1505308822,21058873,60.70,33.28668999,1
1505308819,21058860,60.70,23.78654154,1
1505308816,21058843,60.70,0.11532125,1
1505308812,21058831,60.70,14.90891613,1
1505308812,21058830,60.85,24.97672348,1
1505308812,21058828,60.89,0.11436039,1
1505308792,21058711,60.92,8.44449340,1
1505308780,21058579,60.91,0.38561822,1
1505308778,21058562,60.93,0.11438178,1
1505308752,21058350,60.94,31.55550660,1
1505308725,21058270,61.26,16.36861975,0
1505308725,21058269,61.26,1.98234336,0
1505308718,21058250,61.26,2.67948000,0
1505308707,21058152,61.26,8.33905000,0
1505308697,21058063,60.96,3.16189564,1
1505308692,21058012,61.37,0.00997000,1
1505308686,21057926,61.26,6.64670000,0
1505308677,21057871,61.39,3.39181053,1
1505308677,21057868,61.39,1.43020036,1
1505308675,21057866,61.39,31.15148911,1
1505308675,21057865,61.39,13.11000000,0
1505308580,21057723,61.57,0.00048725,1
1505308580,21057722,61.57,2.99951275,1
1505308576,21057718,61.39,2.00000000,1
1505308479,21057550,61.38,4.86859671,1
1505308441,21057513,61.64,2.33300000,0
1505308412,21057471,61.29,5.52230000,1
1505308373,21057418,61.21,0.11436039,1
1505308371,21057413,61.21,0.22535061,1
1505308371,21057412,61.21,0.11396939,1
1505308371,21057411,61.22,11.43322000,1
1505308350,21057367,61.22,8.83355424,0
1505308348,21057358,61.22,10.11050000,0
1505308348,21057357,61.22,56.30594576,0
1505308323,21057296,61.73,0.40401749,1
1505308322,21057294,61.42,0.11396939,0
1505308307,21057257,61.25,9.14000000,1
1505308306,21057255,61.26,50.00000000,1
1505308306,21057253,61.35,0.86000000,1
1505308296,21057230,61.42,3.49000000,1
1505308294,21057223,61.34,0.05000000,0
1505308294,21057222,61.29,32.87121283,0
1505308293,21057221,61.29,13.51376100,0
1505308293,21057220,61.29,0.96373100,0
1505308291,21057217,61.33,0.11374715,1
1505308287,21057203,61.35,0.95000000,1
1505308274,21057185,61.34,46.14804726,1
1505308274,21057183,61.53,1.07000000,1
1505308274,21057181,61.65,0.21000000,1
1505308255,21057163,61.38,30.18000019,0
1505308255,21057162,61.37,9.82000000,0
1505308254,21057158,61.38,19.99999981,0
1505308246,21057148,61.52,0.28000000,0
1505308246,21057147,61.52,1.40000000,0
1505308243,21057137,61.37,7.02667315,1
1505308243,21057136,61.50,1.00000000,1
1505308243,21057135,61.51,0.11332685,1
1505308237,21057123,61.60,6.00000000,1
1505308237,21057122,61.64,0.36000000,1
1505308237,21057120,61.64,0.83000000,1
1505308235,21057113,61.64,0.95000000,1
1505308234,21057111,61.88,1.14549808,1
1505308233,21057110,61.90,16.87231390,1
1505308229,21057093,61.90,3.16953116,1
1505308227,21057084,61.90,1.14549800,1
1505308224,21057066,61.90,22.49300000,1
1505308224,21057064,61.91,14.87920000,1
1505308223,21057055,61.91,11.24054800,1
1505308222,21057042,61.91,2.98351100,1
1505308221,21057039,61.91,2.13149400,1
1505308220,21057037,61.91,9.96826400,1
1505308220,21057035,61.91,77.35533000,1
1505308217,21057028,61.91,2.88340200,1
1505308217,21057027,61.91,0.28020000,1
1505308216,21057026,61.91,27.77805100,1
1505308216,21057025,61.91,0.50000000,0
1505308215,21057023,61.90,8.82699800,1
1505308215,21057018,61.90,11.24054800,1
1505308214,21057015,61.90,2.03916500,1
1505308213,21057012,61.90,8.90836400,1
1505308212,21057009,61.90,4.71980000,1
1505308212,21057005,61.90,55.00000000,1
1505308201,21056964,61.90,0.28020000,1
1505308200,21056961,61.90,1.14549800,1
1505308199,21056959,61.90,53.47795000,1
1505308199,21056957,61.91,1.75000000,1
1505308191,21056935,61.90,59.71980000,1
1505308187,21056923,61.90,80.00000000,1
1505308181,21056900,61.90,0.28020000,1
1505308180,21056897,61.90,18.72142022,1
1505308180,21056896,61.91,1.80000000,1
1505308177,21056884,61.90,5.19287700,1
1505308176,21056882,61.90,14.65429100,1
1505308176,21056881,61.90,2.27322700,1
1505308176,21056880,61.90,42.91090500,1
1505308176,21056879,61.90,7.08909500,1
1505308176,21056878,61.90,1.33824800,1
1505308176,21056877,61.90,16.25832400,1
1505308175,21056873,61.90,18.00909100,1
1505308174,21056872,61.90,53.11600000,1
1505308174,21056868,61.90,6.22165025,1
1505308174,21056864,61.90,11.72110100,1
1505308174,21056863,61.90,11.66238300,1
1505308173,21056862,61.90,7.13654200,1
1505308173,21056858,61.90,2.66400000,1
1505308173,21056856,61.91,2.22000000,1
1505308165,21056841,62.09,2.50620068,0
1505308164,21056839,61.90,2.00000000,1
1505308159,21056827,61.90,22.22261200,1
1505308159,21056826,61.90,4.16085374,1
1505308158,21056824,61.90,16.72995700,1
1505308157,21056823,61.91,2.45000000,1
1505308153,21056815,61.90,2.22217700,1
1505308151,21056811,61.90,3.84133844,1
1505308151,21056810,61.90,56.15809512,1
1505308151,21056809,61.91,0.00056644,1
1505308144,21056783,61.91,0.11272082,1
1505308142,21056771,61.91,2.59671274,1
1505308140,21056769,61.90,17.26839700,1
1505308133,21056754,61.90,1.00000000,1
1505308129,21056746,61.97,10.06131999,0
1505308129,21056741,61.90,31.80589871,1
1505308129,21056740,61.91,1.19410129,1
1505308128,21056738,61.91,1.96589871,1
1505308125,21056724,61.90,10.00000000,1
1505308125,21056717,61.90,28.03410129,1
1505308118,21056693,61.90,36.44890000,1
1505308117,21056687,61.90,19.65110000,1
1505308117,21056686,61.91,3.90000000,1
1505308103,21056644,61.90,4.92120000,1
1505308102,21056640,61.90,31.05734917,1
1505308102,21056639,61.91,4.86000000,1
1505308102,21056636,62.00,5.40158383,1
1505308102,21056635,62.00,18.68106700,1
1505308087,21056581,62.00,1.83402900,1
1505308087,21056580,62.00,10.00000000,1
1505308086,21056576,62.00,50.00000000,1
1505308085,21056572,62.00,1.00000000,1
1505308075,21056527,61.90,38.79000000,1
1505308075,21056523,61.91,15.50000000,1
1505308075,21056519,61.92,5.71000000,1
1505308070,21056503,62.12,0.82622022,0
1505308064,21056489,61.94,33.39783655,1
1505308064,21056487,61.95,26.60216345,1
1505308063,21056476,62.15,27.00000000,1
1505308063,21056475,62.14,20.00000000,0
1505308062,21056468,62.12,0.55200000,0
1505308061,21056467,62.12,2.44800000,0
1505308054,21056453,62.09,0.00000010,1
1505308053,21056450,62.09,3.60539800,1
1505308043,21056415,62.09,9.29141000,1
1505308033,21056378,62.09,0.23605000,1
1505308025,21056355,61.90,2.97205170,0
1505308015,21056317,61.80,19.51853900,0
1505308011,21056304,61.90,2.02794830,0
1505307999,21056248,62.00,15.31068400,1
1505307998,21056244,62.00,46.62419400,1
1505307997,21056241,62.09,0.11133600,0
1505307996,21056240,62.01,4.83959600,1
1505307995,21056239,62.01,0.11288672,0
1505307974,21056152,61.55,0.11374715,1
1505307967,21056102,62.00,16.71045129,1
1505307966,21056094,62.00,22.26500000,1
1505307965,21056085,61.91,1.17971000,0
1505307958,21056057,62.00,48.66207541,0
1505307958,21056056,62.00,2.00000000,0
1505307958,21056055,62.00,1.50000000,0
1505307958,21056054,62.00,50.50792459,0
1505307957,21056053,62.00,2.50000000,0
1505307957,21056051,62.00,2.50000000,0
1505307957,21056050,61.99,48.84000000,0
1505307957,21056049,61.96,1.49000000,0
1505307957,21056048,61.92,3.00000000,0
1505307942,21056003,61.91,5.11388628,1
1505307941,21055997,61.91,14.16321400,1
1505307941,21055982,61.91,1.00000000,1
1505307940,21055977,61.91,5.68082000,1
1505307940,21055972,61.91,3.37199000,1
1505307940,21055954,61.91,0.99806171,1
1505307938,21055934,61.91,31.55550660,0
1505307938,21055933,61.72,1.51745670,0
1505307938,21055932,61.72,1.48254330,0
1505307923,21055906,61.67,16.10316282,1
1505307910,21055823,61.67,80.84130000,1
1505307905,21055811,61.67,10.61183600,1
1505307901,21055807,61.67,53.08399500,1
1505307891,21055754,61.40,1.21000000,1
1505307888,21055705,61.40,1.21000000,1
1505307884,21055689,61.66,0.11288672,0
1505307876,21055662,61.71,0.75269436,1
1505307876,21055661,61.71,2.40000000,1
1505307876,21055660,61.71,2.09686000,1
1505307876,21055658,61.66,0.57000000,0
1505307874,21055652,61.52,0.00000046,0
1505307873,21055649,61.52,2.99999954,0
1505307873,21055648,61.48,2.85000000,0
1505307873,21055647,61.41,0.11400305,0
1505307872,21055646,61.34,0.11412179,0
1505307872,21055645,61.34,0.11413362,0
1505307861,21055614,61.32,3.00000000,0
1505307861,21055613,61.31,3.64199455,0
1505307854,21055593,61.31,1.96118088,0
1505307847,21055560,61.31,35.11828478,0
1505307847,21055558,61.31,0.00000022,1
1505307840,21055541,61.31,4.88171500,1
1505307817,21055467,61.27,40.00000000,0
1505307809,21055427,61.28,3.76000000,0
1505307778,21055353,61.01,17.93474483,1
1505307775,21055345,61.24,24.86622601,0
1505307761,21055292,61.01,0.00000740,0
1505307757,21055279,61.00,5.00000000,0
1505307692,21055093,60.80,20.78592318,1
1505307681,21055069,60.70,20.19418342,0
1505307680,21055067,60.70,21.25865600,0
1505307680,21055066,60.70,52.00000000,0
1505307679,21055065,60.70,22.74000000,0
1505307679,21055063,60.70,1.63000000,0
1505307679,21055062,60.70,8.15000000,0
1505307678,21055061,60.72,166.15000000,1
1505307655,21055007,61.01,2.02000000,1
1505307655,21055005,61.01,17.42861086,1
1505307609,21054902,61.00,5.27090000,1
1505307607,21054874,61.01,23.00000000,1
1505307593,21054810,60.90,3.21000000,1
1505307586,21054801,61.21,26.21000000,1
1505307585,21054797,61.20,14.77911144,1
1505307585,21054795,61.20,53.18329900,1
1505307584,21054792,61.20,2.38243000,1
1505307584,21054791,61.20,10.77464000,1
1505307584,21054789,61.20,139.28651956,1
1505307584,21054788,61.21,5.34550660,1
1505307584,21054787,61.21,25.00000000,1
1505307582,21054783,61.12,5.27000000,0
1505307582,21054781,61.11,174.32400000,0
1505307564,21054762,60.89,0.11496140,1
1505307557,21054746,60.61,1.09562092,1
1505307557,21054745,60.88,0.11437908,1
1505307555,21054741,60.89,1.21000000,1
1505307549,21054729,61.19,0.11400305,0
1505307540,21054705,61.20,5.30337445,1
1505307540,21054703,61.20,2.97113000,1
1505307539,21054700,61.20,94.87924100,1
1505307539,21054698,61.20,7.04570600,1
1505307539,21054697,61.21,2.95242700,1
1505307539,21054695,61.21,2.32000000,0
1505307538,21054692,61.20,4.99381200,1
1505307538,21054689,61.20,0.11437908,1
1505307537,21054684,61.20,51.56111112,1
1505307536,21054680,61.20,3.01985800,1
1505307535,21054678,61.20,3.37440489,1
1505307535,21054677,61.20,20.09000000,1
1505307535,21054675,61.19,0.90000000,0
1505307535,21054674,61.19,4.48000000,0
1505307535,21054672,61.12,2.88586638,0
1505307535,21054671,61.07,0.11462323,0
1505307535,21054670,61.03,164.72800000,0
1505307534,21054669,61.02,29.06636246,0
1505307534,21054668,61.00,4.47213139,0
1505307534,21054666,61.00,0.96432561,1
1505307534,21054664,61.00,4.47213115,1
1505307490,21054614,61.00,8.51430604,1
1505307490,21054611,61.00,15.48425800,1
1505307490,21054610,61.00,17.52713100,1
1505307490,21054608,61.00,19.83745000,1
1505307490,21054607,61.00,4.72984100,1
1505307490,21054606,61.00,57.00114755,1
1505307489,21054605,61.00,38.38580000,1
1505307489,21054604,61.00,114.00000000,1
1505307489,21054602,61.00,22.00000000,1
1505307488,21054599,61.00,3.54298729,1
1505307487,21054598,60.99,10.00000000,0
1505307487,21054595,60.98,1.63000000,0
1505307487,21054593,60.96,2.44000000,0
1505307487,21054592,60.93,56.00000000,0
