date,tid,price,amount,type
1505347135,21103221,0.00005110,1645.39819669,0
1505346890,21103047,0.00005110,4691.99295499,0
1505346877,21103040,0.00005110,960.06234000,0
1505346853,21103033,0.00005110,1754.00000000,0
1505346850,21103030,0.00005110,1831.96353500,0
1505346715,21102975,0.00005113,3979.30400000,0
1505346685,21102940,0.00005113,1308.97015600,0
1505346679,21102938,0.00005113,215.08041200,0
1505346665,21102934,0.00005113,19222.52024942,0
1505346665,21102933,0.00005112,16386.77159358,0
1505346660,21102930,0.00005113,3320.39335003,1
1505346660,21102929,0.00005113,6736.31480587,1
1505346515,21102825,0.00005139,1778.78361548,0
1505346513,21102824,0.00005135,1233.32910000,0
1505346179,21102448,0.00005119,1239.56440000,0
1505346045,21102357,0.00005117,435.16841000,0
1505346025,21102334,0.00005115,2970.06094403,1
1505345663,21101957,0.00005120,175.64023437,0
1505345621,21101911,0.00005115,3384.51319648,0
1505345619,21101906,0.00005110,1226.69950000,0
1505345377,21101806,0.00005107,279.91639000,1
1505345255,21101782,0.00005126,1167.58427624,0
1505344963,21101699,0.00005104,2501.58287618,0
1505344750,21101571,0.00005118,11444.01006392,1
1505344749,21101570,0.00005119,179.36863708,1
1505344745,21101566,0.00005157,9660.87958115,1
1505344743,21101565,0.00005134,1922.30000000,0
1505343750,21101190,0.00005156,6278.27715283,1
1505343750,21101188,0.00005156,665.25071657,1
1505343749,21101186,0.00005156,4585.81267035,0
1505343743,21101184,0.00005090,9203.66970000,1
1505343743,21101183,0.00005092,9409.00900000,1
1505343742,21101182,0.00005092,1227.67700000,0
1505343742,21101181,0.00005094,7015.68900000,1
1505343742,21101180,0.00005098,1922.30000000,1
1505343740,21101179,0.00005103,1215.65530000,1
1505343532,21101085,0.00005106,140.85993514,1
1505343532,21101084,0.00005117,0.00000006,1
1505343532,21101083,0.00005126,980.31954740,0
1505343160,21100879,0.00005122,545.29812573,0
1505343140,21100858,0.00005117,999.99999994,1
1505343140,21100857,0.00005121,972.33704806,1
1505343138,21100856,0.00005121,5008.15847200,1
1505343109,21100806,0.00005135,620.20545278,0
1505342861,21100668,0.00005117,214.38342778,0
1505342655,21100547,0.00005113,550.29493000,1
1505342648,21100539,0.00005112,3838.52424948,1
1505342648,21100538,0.00005113,1481.52550176,1
1505342636,21100530,0.00005118,214.39155920,0
1505342608,21100506,0.00005113,4710.43740000,1
1505342596,21100499,0.00005108,1213.94350000,1
1505342596,21100498,0.00005109,1583.98153289,1
1505342472,21100433,0.00005116,32.29236905,0
1505342466,21100428,0.00005116,9585.99999999,0
1505342466,21100427,0.00005117,1381.70763096,1
1505342442,21100400,0.00005116,294.32403000,1
1505342362,21100259,0.00005122,975.74385005,0
1505342117,21100057,0.00005129,325.99610364,0
1505342089,21100008,0.00005124,3825.28298204,1
1505342088,21100007,0.00005097,392.48785982,0
1505341907,21099823,0.00005086,313.04836000,1
1505341883,21099797,0.00005086,747.21010000,1
1505341622,21099568,0.00005097,0.00001457,1
1505341617,21099554,0.00005097,789.96599829,1
1505341611,21099551,0.00005097,200.50132506,1
1505341520,21099473,0.00005097,118.88100000,1
1505341499,21099450,0.00005106,997.31374853,0
1505341445,21099395,0.00005097,532.65166208,0
1505340509,21098705,0.00005097,2643.05199136,0
1505340159,21098346,0.00005131,173.44221399,0
1505340159,21098345,0.00005126,1417.41770000,0
1505340157,21098343,0.00005125,10086.78233786,0
1505340086,21098288,0.00005118,79.80578350,0
1505340082,21098284,0.00005118,45.41187964,0
1505339945,21098224,0.00005125,80.77365854,0
1505339750,21098172,0.00005129,55.00000000,0
1505339716,21098168,0.00005136,55.00000000,0
1505339655,21098148,0.00005139,55.00000000,0
1505339619,21098140,0.00005134,194.29411765,0
1505339600,21098131,0.00005133,18061.48762906,0
1505339598,21098130,0.00005130,1344.79820000,0
1505339291,21097980,0.00005173,2368.64160061,0
1505339291,21097979,0.00005173,55.31000000,0
1505339291,21097978,0.00005166,364.56494522,0
1505339291,21097977,0.00005137,883.37747658,0
1505339290,21097976,0.00005130,4416.88738288,0
1505339290,21097974,0.00005128,13435.42301065,0
1505339290,21097973,0.00005124,1111.20000000,0
1505339289,21097972,0.00005119,1230.09980000,0
1505339256,21097959,0.00005124,383.08528493,0
1505339164,21097921,0.00005119,243.57921469,0
1505339140,21097892,0.00005117,4283.21317000,0
1505339129,21097886,0.00005118,1379.18036848,0
1505339048,21097816,0.00005131,1524.05807834,1
1505339047,21097812,0.00005123,1242.21140000,0
1505339047,21097810,0.00005123,400.00000000,0
1505338721,21097616,0.00005132,804.05960000,0
1505338721,21097615,0.00005127,1225.94040000,0
1505338467,21097511,0.00005121,86.09931089,0
1505338328,21097447,0.00005120,12000.00000000,1
1505338199,21097406,0.00005121,4525.48065454,1
1505338198,21097404,0.00005122,474.51934546,1
1505338094,21097344,0.00005137,458.55771851,0
1505337924,21097268,0.00005121,8127.62568509,0
1505337923,21097267,0.00005124,1238.36100000,1
1505337923,21097266,0.00005125,1668.70000000,1
1505337922,21097265,0.00005147,2381.72119681,0
1505337922,21097264,0.00005140,1000.00000000,0
1505337921,21097262,0.00005135,1238.26330000,0
1505337919,21097261,0.00005133,1150.49990259,0
1505337911,21097260,0.00005134,2440.00000000,0
1505337748,21097171,0.00005130,1543.41447400,1
1505337746,21097170,0.00005130,2087.87352600,1
1505337741,21097166,0.00005130,8368.71200000,1
1505337677,21097142,0.00005121,13032.38980000,1
1505337677,21097141,0.00005122,1256.00420000,1
1505337677,21097140,0.00005123,212.00000000,1
1505337461,21096982,0.00005137,112.56316916,0
1505337430,21096939,0.00005139,2764.00000000,0
1505337417,21096932,0.00005136,2764.46641234,1
1505337408,21096922,0.00005136,2237.65856900,1
1505337408,21096921,0.00005136,1061.02442400,1
1505337406,21096916,0.00005135,3936.85059466,0
1505337268,21096828,0.00005112,233.92478607,1
1505337085,21096707,0.00005127,1146.16539886,0
1505336953,21096651,0.00005130,3830.50610721,0
1505336953,21096650,0.00005128,7949.15900000,0
1505336475,21096395,0.00005135,145.00000000,0
1505336468,21096388,0.00005135,4626.48588120,0
1505336447,21096382,0.00005104,223.13597800,1
1505336231,21096270,0.00005136,194.21845794,0
1505335960,21096079,0.00005136,2078.07632398,0
1505335871,21096023,0.00005136,411.68964174,0
1505335362,21095459,0.00005112,364.56494522,0
1505335034,21095179,0.00005118,83.80754201,0
1505334725,21095010,0.00005134,3669.50857031,1
1505334723,21095006,0.00005120,197.21536121,0
1505334597,21094937,0.00005100,246.57227543,1
1505334286,21094714,0.00005112,67.01000000,0
1505334269,21094711,0.00005115,487.39002932,0
1505334264,21094709,0.00005115,350.60860215,0
1505333913,21094465,0.00005123,699.80733944,1
1505333913,21094463,0.00005116,59.74763357,0
1505333911,21094462,0.00005097,975.45125526,0
1505333711,21094249,0.00005089,501.03757797,1
1505333681,21094196,0.00005084,88.13780875,0
1505333671,21094188,0.00005084,503.19339465,1
1505333490,21093881,0.00005127,389.11878291,0
1505333426,21093793,0.00005105,940.59555313,1
1505333386,21093732,0.00005118,0.00000007,0
1505333385,21093730,0.00005118,1267.29950000,1
1505333385,21093729,0.00005118,7985.66757493,1
1505333382,21093718,0.00005120,9546.38671875,1
1505333114,21093415,0.00005141,1376.51838163,0
1505333109,21093366,0.00005141,52.14802567,0
1505333104,21093362,0.00005141,3368.51196265,0
1505333031,21093312,0.00005141,548.38902937,0
1505332949,21093230,0.00005139,1099.57968476,0
1505332908,21093190,0.00005139,1968.36142500,1
1505332900,21093172,0.00005139,16543.33981600,1
1505332842,21093131,0.00005139,343.29875900,1
1505332777,21093100,0.00005139,4666.00000000,1
1505332688,21093041,0.00005141,1230.38261038,0
1505332568,21092970,0.00005138,4685.12942779,0
1505332563,21092967,0.00005139,427.03113446,0
1505332206,21092694,0.00005121,900.00000000,1
1505332188,21092684,0.00005121,594.69772895,1
1505332183,21092674,0.00005121,150.00000000,1
1505332127,21092636,0.00005121,700.00000000,1
1505332098,21092618,0.00005121,1177.70063500,1
1505331948,21092516,0.00005139,416.79743140,0
1505331946,21092514,0.00005136,4244.20309675,0
1505331890,21092500,0.00005136,400.55354361,0
1505331596,21092306,0.00005121,12465.73631000,1
1505331451,21092186,0.00005140,19.04085603,0
1505331307,21092055,0.00005144,200.00000000,0
1505331287,21092023,0.00005128,1200.00000000,1
1505330784,21091539,0.00005138,194.14285714,0
1505330588,21091412,0.00005115,302.76365912,0
1505330586,21091409,0.00005124,188.53647730,1
1505330425,21091307,0.00005147,426.15892753,0
1505330098,21091088,0.00005148,755.68648019,0
1505330096,21091087,0.00005148,417.62548562,0
1505330094,21091085,0.00005147,727.49653066,0
1505329895,21090987,0.00005145,7550.82137998,1
1505329893,21090986,0.00005145,1067.10162217,0
1505329867,21090973,0.00005148,1132.50000000,0
1505329825,21090954,0.00005135,47.30535540,0
1505329697,21090903,0.00005134,2288.75866770,0
1505329451,21090729,0.00005136,1135.40128505,0
1505329381,21090705,0.00005144,506.60964230,0
1505329273,21090610,0.00005133,713.19832457,0
1505329073,21090497,0.00005135,2000.00000000,1
1505328985,21090424,0.00005145,2717.15724003,0
1505328902,21090335,0.00005131,491.30013642,0
1505328862,21090312,0.00005131,542.29799259,0
1505328844,21090301,0.00005131,97.20385890,0
1505328725,21090248,0.00005136,4483.97585669,0
1505328681,21090235,0.00005142,6244.66997277,0
1505328626,21090158,0.00005147,544.30056343,0
1505328482,21090077,0.00005113,495.76787807,1
1505328410,21090026,0.00005132,1506.36652377,0
1505328311,21089954,0.00005135,2272.79883155,0
1505328237,21089902,0.00005125,2280.79875559,0
1505328183,21089882,0.00005126,359.92976980,0
1505328039,21089815,0.00005122,542.30730183,0
1505327951,21089771,0.00005099,100.00000000,1
1505327901,21089701,0.00005119,1298.49150184,1
1505327899,21089699,0.00005115,2486.35629816,0
1505327899,21089698,0.00005114,1215.15220000,0
1505327821,21089620,0.00005090,1246.03780000,1
1505327799,21089610,0.00005091,1133.72700000,1
1505327769,21089565,0.00005101,2319.47752941,1
1505327750,21089521,0.00005120,458.10273437,0
1505327719,21089464,0.00005120,215.35996094,0
1505327491,21089258,0.00005144,3708.70781493,0
1505327490,21089257,0.00005122,493.54775270,0
1505327446,21089227,0.00005125,1380.87804878,0
1505327443,21089222,0.00005125,539.75843902,0
1505327406,21089187,0.00005129,300.00000000,0
1505327381,21089145,0.00005133,1596.63763880,0
1505327380,21089143,0.00005108,3057.13017632,0
1505327351,21089099,0.00005080,100.00000000,1
1505327239,21088990,0.00005099,213.28456560,0
1505327237,21088987,0.00005097,1000.00000000,0
1505327006,21088547,0.00005090,561.12768700,1
1505327006,21088544,0.00005097,900.00000000,1
1505327005,21088542,0.00005097,100.00000000,1
1505327003,21088540,0.00005105,1045.89853085,0
1505327002,21088538,0.00005096,1468.54360893,1
1505327001,21088537,0.00005096,787.77755430,0
1505327001,21088536,0.00005096,610.79262588,0
1505326960,21088493,0.00005096,1314.50735400,0
1505326922,21088456,0.00005089,201.39025362,1
1505326735,21088202,0.00005103,1251.80508816,1
1505326654,21088112,0.00005125,4646.20663414,0
1505326608,21088074,0.00005103,2824.46892689,1
1505326608,21088073,0.00005103,100.00000000,1
1505326608,21088072,0.00005107,1246.93380000,1
1505326587,21088059,0.00005107,1192.85156500,0
1505326587,21088057,0.00005109,1256.73150000,1
1505326486,21087903,0.00005117,1746.00000000,1
1505326314,21087683,0.00005144,542.30651118,0
1505325769,21086845,0.00005127,4592.96918275,0
1505325571,21086547,0.00005153,3871.53114690,0
1505325388,21086388,0.00005128,2528.28641061,0
1505325362,21086338,0.00005108,45.00000000,1
1505325357,21086335,0.00005105,0.00000410,0
1505325353,21086330,0.00005105,5483.89832000,0
1505325338,21086319,0.00005105,2819.52631800,0
1505324919,21085820,0.00005093,1648.62594243,1
1505324912,21085812,0.00005092,8462.91837900,1
1505324897,21085793,0.00005095,1397.60928000,1
1505324897,21085792,0.00005098,870.60638080,1
1505324804,21085677,0.00005105,390.79569050,0
1505324750,21085574,0.00005098,675.39768700,1
1505324740,21085548,0.00005105,1132.68183000,0
1505324729,21085523,0.00005105,1903.36406200,0
1505324727,21085522,0.00005105,1132.65551600,0
1505324725,21085520,0.00005105,2330.07254800,0
1505324622,21085425,0.00005105,1805.12184133,0
1505324620,21085423,0.00005104,2352.75345496,0
1505324493,21085341,0.00005101,1360.90132843,1
1505324481,21085333,0.00005095,1552.89920000,0
1505324475,21085329,0.00005100,23275.00000000,1
1505324475,21085328,0.00005101,3219.92061176,1
1505324475,21085327,0.00005101,537.00000000,1
1505324412,21085222,0.00005105,981.70866420,0
1505324292,21085007,0.00005105,683.37257590,0
1505324220,21084872,0.00005105,300.00000000,0
1505324217,21084862,0.00005105,363.53928362,0
1505324158,21084788,0.00005138,260.70007785,0
1505323443,21083783,0.00005119,102.01208777,0
1505323382,21083690,0.00005127,204.00215564,1
1505323382,21083688,0.00005127,1917.40000000,0
1505323381,21083687,0.00005127,1854.36672418,0
1505323332,21083637,0.00005132,3243.86402004,0
1505323298,21083600,0.00005099,1200.79902990,1
1505323280,21083572,0.00005108,273.39624119,0
1505323262,21083541,0.00005098,1952.97151481,0
1505323102,21083315,0.00005092,1819.63273167,0
1505323014,21083220,0.00005079,392.29543330,0
1505322992,21083139,0.00005088,1730.90000000,1
1505322969,21083034,0.00005092,607.62509023,0
1505322834,21082896,0.00005098,765.93056100,0
1505322802,21082855,0.00005098,353.03700000,1
1505322728,21082790,0.00005149,7334.22392697,0
1505322728,21082789,0.00005149,1520.00000000,0
1505322727,21082787,0.00005140,3248.00000000,0
1505322727,21082785,0.00005120,5871.49294647,0
1505322727,21082783,0.00005119,869.23206360,0
1505322727,21082782,0.00005119,130.76793640,0
1505322727,21082781,0.00005119,5017.84768300,1
1505322726,21082780,0.00005118,630.43283812,1
1505322726,21082778,0.00005111,3152.16419060,1
1505322725,21082773,0.00005110,22867.94700000,0
1505322632,21082672,0.00005116,1535.25488663,0
1505322448,21082337,0.00005095,1243.16468479,1
1505322174,21081585,0.00005087,581.80067800,1
1505322173,21081583,0.00005087,698.17709300,1
1505322173,21081582,0.00005089,1234.51730000,1
1505322109,21081417,0.00005113,2627.89125758,0
1505321996,21081180,0.00005106,1223.08180000,1
1505321969,21081129,0.00005101,1238.69920000,1
1505321942,21081059,0.00005117,1460.18155169,0
1505321942,21081054,0.00005116,6795.29400000,1
1505321941,21081045,0.00005100,1774.97520000,0
1505321924,21081003,0.00005101,1225.02480000,1
1505321755,21080719,0.00005098,1646.67617180,1
1505321666,21080653,0.00005116,1231.59988272,1
1505321665,21080652,0.00005111,705.96461491,0
1505321665,21080651,0.00005111,614.51418509,0
1505321663,21080646,0.00005108,1912.10000000,0
1505321132,21079426,0.00005095,883.00000000,1
1505321132,21079425,0.00005100,40.00000000,1
1505321059,21079344,0.00005102,107.57095256,0
1505320807,21079147,0.00005095,1249.12926382,0
1505320664,21079012,0.00005102,733.17287338,0
1505320634,21078963,0.00005102,421.66961935,0
1505320634,21078961,0.00005102,1270.73038065,0
1505320633,21078960,0.00005090,7003.25012000,1
1505320633,21078959,0.00005090,1260.10200000,1
1505320633,21078958,0.00005100,467.00000000,1
1505320437,21078784,0.00005111,390.33692037,0
1505320303,21078680,0.00005109,352.20297514,0
1505320279,21078667,0.00005104,2772.53898902,0
1505320052,21078344,0.00005099,2101.72994704,0
1505319861,21078095,0.00005090,3712.79015385,1
1505319707,21077970,0.00005090,984.83468113,1
1505319701,21077964,0.00005090,3317.98459333,1
1505319701,21077962,0.00005100,2346.90490196,0
1505319697,21077955,0.00005101,447.54557929,0
1505319696,21077947,0.00005090,5421.45672314,1
1505319689,21077938,0.00005090,5413.83016839,1
1505319682,21077922,0.00005090,5406.25479858,1
1505319674,21077908,0.00005090,1181.86210779,1
1505319659,21077886,0.00005090,376.50450100,1
1505319649,21077875,0.00005103,254.11679404,0
1505319637,21077846,0.00005103,214.78640015,0
1505319625,21077841,0.00005090,2152.00000000,1
1505319545,21077776,0.00005109,266.57369348,0
1505319543,21077773,0.00005091,2550.00209400,1
1505319528,21077764,0.00005109,428.16617733,0
1505319499,21077733,0.00005109,39.04893326,0
1505319443,21077698,0.00005109,321.87649246,0
1505319428,21077693,0.00005091,1903.84615384,1
1505319397,21077643,0.00005111,390.33457249,0
1505318671,21076901,0.00005111,195.16846018,0
1505318626,21076877,0.00005111,877.71981999,0
1505318625,21076876,0.00005111,3870.89494049,0
1505318618,21076871,0.00005111,1394.58109958,0
1505318334,21076589,0.00005111,1172.72901584,0
1505318266,21076557,0.00005090,366.41208404,1
1505318266,21076556,0.00005091,9633.58791596,1
1505318256,21076548,0.00005090,895.24504140,1
1505318255,21076547,0.00005093,1282.09640000,1
1505318244,21076542,0.00005112,714.92077464,0
1505318184,21076456,0.00005114,2500.00000000,0
1505317778,21075973,0.00005111,1692.07747994,0
1505317660,21075822,0.00005116,555.24433150,0
1505317648,21075801,0.00005116,199.41223612,0
1505317648,21075800,0.00005110,1796.81822419,1
1505317646,21075797,0.00005110,1907.66916164,0
1505317638,21075775,0.00005106,876.57520564,0
1505317636,21075769,0.00005100,224.65394066,0
1505317535,21075600,0.00005110,27.43919181,1
1505317534,21075596,0.00005110,246.95272620,1
1505317533,21075592,0.00005110,301.46776888,0
1505317520,21075577,0.00005110,151.81428571,0
1505317518,21075575,0.00005109,1238.68911293,0
1505317495,21075540,0.00005090,0.00000116,0
1505317467,21075474,0.00005090,2491.81171000,0
1505317441,21075427,0.00005090,465.78860510,0
1505317361,21075312,0.00005062,1230.94350060,0
1505317335,21075272,0.00005062,197.05649940,0
1505317225,21075101,0.00005095,391.56270854,0
1505317109,21074904,0.00005096,48.93563579,0
1505317002,21074742,0.00005079,0.00000282,1
1505317001,21074741,0.00005079,922.33697000,1
1505317000,21074740,0.00005079,1558.02924100,1
1505316948,21074654,0.00005079,3061.60385903,0
1505316867,21074509,0.00005078,4223.94604174,0
1505316867,21074506,0.00005077,11589.59900000,1
1505316865,21074502,0.00005077,7427.43243368,0
1505316743,21074305,0.00005079,472.34750935,0
1505316739,21074304,0.00005081,782.30249950,1
1505316737,21074301,0.00005079,1509.17070000,0
1505316566,21074043,0.00005064,2646.25622000,1
1505316564,21074037,0.00005064,2488.73971400,1
1505316556,21074034,0.00005054,1160.33661870,1
1505316555,21074033,0.00005060,626.54053801,1
1505316554,21074031,0.00005060,657.92526199,1
1505316554,21074030,0.00005061,5799.54529941,1
1505316554,21074029,0.00005064,869.23206360,1
1505316503,21074014,0.00005075,96.01931034,0
1505316458,21073961,0.00005092,6782.32914375,0
1505316436,21073882,0.00005078,1964.35604568,0
1505316424,21073865,0.00005080,113.34645669,0
1505316346,21073785,0.00005064,130.76793640,1
1505316315,21073762,0.00005079,776.56960031,0
1505316260,21073705,0.00005071,1188.78227659,1
1505316251,21073694,0.00005069,1275.41669954,1
1505316251,21073693,0.00005070,23.22431546,1
1505316249,21073690,0.00005074,2758.34070000,1
1505316248,21073689,0.00005074,2027.65930000,1
1505316242,21073675,0.00005070,382.27568453,1
1505316163,21073584,0.00005083,2891.66397796,0
1505316161,21073583,0.00005074,1428.00000000,0
1505315994,21073256,0.00005074,15505.51417563,1
1505315994,21073255,0.00005075,16388.09082437,1
1505315992,21073250,0.00005087,509.42861700,1
1505315956,21073146,0.00005080,1279.71070000,1
1505315922,21073020,0.00005099,605.72386742,0
1505315918,21073007,0.00005099,208.08001568,0
1505315856,21072815,0.00005106,50.39639639,0
1505315760,21072612,0.00005066,1779.32841165,1
1505315745,21072537,0.00005092,181.36363636,0
1505315696,21072479,0.00005096,1441.54714414,0
1505315696,21072478,0.00005046,458.86629957,0
1505315696,21072477,0.00005045,8558.45285629,0
1505315695,21072474,0.00005045,1441.54714371,0
1505315610,21072234,0.00005040,574.89190187,0
1505315608,21072232,0.00005040,565.58074592,0
1505315596,21072209,0.00005040,518.19575600,0
1505315572,21072161,0.00005040,3503.34743900,0
1505315571,21072156,0.00005040,577.67748100,0
1505315565,21072143,0.00005040,1658.66840400,0
1505315564,21072140,0.00005040,170.59345238,0
1505315562,21072122,0.00005040,1380.55716700,0
1505315559,21072091,0.00005040,1541.19407811,0
1505315549,21072068,0.00005040,175.02801600,0
1505315545,21072065,0.00005040,6189.69201000,0
1505315543,21072056,0.00005040,1681.04727005,0
1505315517,21071976,0.00005040,1463.52627867,0
1505315511,21071965,0.00005054,569.59992085,0
1505315484,21071890,0.00005055,1514.41809820,0
1505315459,21071796,0.00005050,1771.69766202,1
1505315459,21071795,0.00005053,1566.01193798,1
1505315451,21071764,0.00005047,2527.53758000,1
1505315410,21071629,0.00005048,1104.54206261,1
1505315404,21071615,0.00005048,2000.00000000,1
1505315369,21071512,0.00005046,266.59117182,1
1505315355,21071498,0.00005044,130.54009903,1
1505315346,21071485,0.00005041,219.65741890,1
1505315342,21071476,0.00005043,1287.73800000,0
1505315337,21071468,0.00005139,21347.48024907,0
1505315337,21071467,0.00005104,2088.34716389,0
1505315337,21071466,0.00005093,138.16871010,0
1505315336,21071465,0.00005093,7992.02204378,0
1505315336,21071464,0.00005062,690.84355050,0
1505315336,21071463,0.00005059,1929.20000000,0
1505315335,21071462,0.00005058,12925.33100000,1
1505315334,21071461,0.00005058,3746.09249130,0
1505315291,21071424,0.00005038,269.58711043,1
1505315291,21071423,0.00005063,1557.88011060,0
1505315289,21071419,0.00005047,1287.93499187,0
1505315288,21071418,0.00005038,287.87547797,1
1505315280,21071404,0.00005042,295.38876053,1
1505315276,21071400,0.00005042,165.57932338,1
1505315271,21071397,0.00005042,130.54009903,1
1505315263,21071390,0.00005042,154.66204558,1
1505315254,21071380,0.00005040,219.65741890,1
1505315249,21071373,0.00005040,439.31483782,1
1505314948,21070921,0.00005044,1155.09999599,1
1505314948,21070920,0.00005045,1798.61653401,1
1505314902,21070820,0.00005056,1031.82852057,1
1505314819,21070671,0.00005071,587.24551370,0
1505314762,21070588,0.00005059,2153.24064000,0
1505314523,21070204,0.00005056,6100.00000000,0
1505314486,21070112,0.00005059,0.00005622,1
1505314484,21070109,0.00005063,836.00000000,0
1505314484,21070108,0.00005060,642.00000000,0
1505314484,21070107,0.00005060,642.00000000,0
1505314480,21070101,0.00005059,2153.24064004,1
1505314460,21070040,0.00005059,804.35962000,1
1505314460,21070039,0.00005060,642.00000000,1
1505314397,21069820,0.00005078,471.44820796,0
1505314326,21069667,0.00005078,235.72272548,0
1505314324,21069657,0.00005078,105.00000000,0
1505314254,21069535,0.00005082,768.51279024,0
1505313983,21069113,0.00005092,1527.92085624,0
1505313981,21069112,0.00005090,1411.08440000,0
1505313920,21069042,0.00005087,0.00001664,1
1505313896,21068958,0.00005087,523.98273336,1
1505313864,21068894,0.00005088,1679.95704664,1
1505313843,21068862,0.00005099,90.60933516,1
1505313842,21068859,0.00005099,1299.66910000,0
1505313733,21068705,0.00005104,252.75604854,0
1505313733,21068704,0.00005104,3655.96730569,0
1505313713,21068637,0.00005103,100.00000000,0
1505313612,21068293,0.00005097,195.70453208,0
1505313607,21068254,0.00005101,1800.15487159,0
1505313582,21067979,0.00005088,280.69631660,0
1505313582,21067977,0.00005087,1290.79260000,0
1505313576,21067930,0.00005090,270.45930208,0
1505313484,21067590,0.00005070,473.91482000,0
1505313474,21067585,0.00005070,472.33154700,0
1505313464,21067576,0.00005067,1303.45920000,0
1505313388,21067428,0.00005083,388.53905174,0
1505313386,21067423,0.00005066,0.00000016,0
1505313386,21067418,0.00005066,5106.50716584,1
1505313284,21067304,0.00005065,1576.87140889,1
1505313227,21067244,0.00005079,563.05178184,0
1505312909,21066767,0.00005077,11210.47596513,1
1505312837,21066672,0.00005086,2900.45375052,1
1505312837,21066671,0.00005090,127.26216001,1
1505312835,21066658,0.00005090,1145.35943999,1
1505312830,21066626,0.00005089,964.06987809,1
1505312652,21066369,0.00005103,339.16402116,0
1505312622,21066346,0.00005077,359.34941556,0
1505312621,21066345,0.00005077,127.19531835,0
1505312615,21066342,0.00005077,1275.97990000,1
1505312565,21066224,0.00005088,100.00000000,1
1505312539,21066160,0.00005101,1085.46206626,0
1505312535,21066134,0.00005101,4751.11414675,0
1505312525,21066081,0.00005105,1260.70244115,1
1505312522,21066056,0.00005104,3989.48186528,0
1505312521,21066054,0.00005104,1462.75317643,1
1505312515,21066019,0.00005108,1446.89134715,1
1505312510,21065999,0.00005104,5430.62176165,1
1505312471,21065878,0.00005129,16215.75628777,0
1505312469,21065868,0.00005123,7821.35449497,0
1505312454,21065814,0.00005122,4.65827886,1
1505312433,21065763,0.00005122,41.92450967,1
1505312414,21065657,0.00005122,419.24509668,1
1505312387,21065548,0.00005122,208.80000000,1
1505312385,21065532,0.00005122,1038.13759878,0
1505312331,21065328,0.00005109,1038.43215500,1
1505312328,21065307,0.00005115,7207.34346200,1
1505312216,21064939,0.00005116,591.16399530,0
1505312171,21064772,0.00005116,1335.85072000,0
1505312171,21064771,0.00005112,437.65470000,0
1505312042,21064375,0.00005106,1272.85073000,0
1505311977,21064254,0.00005109,763.99314934,0
1505311705,21063896,0.00005110,35.93639921,0
1505311704,21063894,0.00005109,1377.05320000,1
1505311703,21063893,0.00005109,802.78717362,0
1505311502,21063676,0.00005111,6222.51027196,0
1505311502,21063675,0.00005104,6317.69200000,0
1505311500,21063673,0.00005099,1262.07260000,0
1505311376,21063552,0.00005098,465.17477442,0
1505311299,21063497,0.00005081,802.44564022,0
1505311274,21063483,0.00005081,400.00000000,0
1505311164,21063266,0.00005081,280.92403070,0
1505311162,21063264,0.00005079,111.46244909,0
1505311062,21063143,0.00005079,465.72711163,0
1505311047,21063126,0.00005079,1626.19787800,0
1505311038,21063100,0.00005079,1834.62295483,1
1505311027,21063073,0.00005081,300.37079315,0
1505311010,21062973,0.00005081,1275.73720000,1
1505311006,21062943,0.00005099,1251.57269977,0
1505311006,21062940,0.00005086,176.36317823,0
1505310807,21062637,0.00005087,2680.05146637,1
1505310806,21062632,0.00005086,3052.39219171,0
1505310798,21062614,0.00005090,2661.66620825,0
1505310797,21062613,0.00005086,1260.68030000,0
1505310735,21062529,0.00005076,2313.03959700,0
1505310676,21062481,0.00005080,250.00000000,0
1505310630,21062409,0.00005094,1237.60541813,0
1505310483,21062244,0.00005102,1133.86809094,1
1505310481,21062241,0.00005101,1075.67235889,0
1505310415,21062178,0.00005087,1062.45644050,1
1505310303,21061939,0.00005100,284.81498661,0
1505310250,21061797,0.00005097,50.00000000,0
1505310096,21061485,0.00005099,797.76525772,0
1505310081,21061436,0.00005099,455.77564228,0
1505310046,21061367,0.00005093,1256.60360000,1
1505310031,21061334,0.00005110,4692.21976516,0
1505310029,21061332,0.00005098,4705.35562965,0
1505309988,21061278,0.00005094,848.00000000,0
1505309987,21061276,0.00005094,1069.50000000,0
1505309962,21061224,0.00005074,0.00000001,0
1505309946,21061189,0.00005074,7629.23450000,0
1505309939,21061182,0.00005074,1260.76550000,1
1505309939,21061181,0.00005075,261.99999999,1
1505309939,21061180,0.00005078,848.00000000,1
1505309867,21061113,0.00005097,115.40043162,0
1505309805,21061038,0.00005097,732.32270000,0
1505309805,21061037,0.00005092,1267.67730000,0
1505309789,21061018,0.00005093,95.05065776,0
1505309739,21060989,0.00005099,466.05197097,0
1505309730,21060976,0.00005093,486.89868446,0
1505309619,21060792,0.00005095,195.78135427,0
1505309601,21060780,0.00005067,15759.49570000,1
1505309600,21060779,0.00005078,1265.20430000,0
1505309599,21060773,0.00005078,1917.30000000,1
1505309576,21060747,0.00005099,306.00392233,0
1505309572,21060743,0.00005099,876.86232594,0
1505309570,21060739,0.00005095,1445.20080000,0
1505309451,21060607,0.00005092,230.45954438,0
1505309180,21060222,0.00005076,1264.45500000,0
1505309155,21060194,0.00005080,1466.34874000,1
1505309116,21060094,0.00005080,981.79133858,1
1505309116,21060093,0.00005080,1000.00000000,1
1505308929,21059417,0.00005111,1277.46200100,0
1505308921,21059310,0.00005106,1261.70420000,0
1505308898,21059146,0.00005111,914.85658383,0
1505308897,21059141,0.00005107,1256.06170000,0
1505308808,21058814,0.00005107,1147.68357156,0
1505308751,21058344,0.00005112,2734.45031355,0
1505308750,21058343,0.00005111,11635.19114471,0
1505308750,21058342,0.00005110,2134.92104174,0
1505308723,21058266,0.00005107,1204.38929093,0
1505308084,21056569,0.00005096,539.73036000,0
1505307991,21056231,0.00005134,304.62913907,0
1505307976,21056178,0.00005139,3256.72409326,0
1505307976,21056177,0.00005114,0.00000050,0
1505307976,21056175,0.00005114,999.99999950,0
1505307976,21056172,0.00005100,950.00000000,0
1505307976,21056169,0.00005099,91.38527231,0
1505307975,21056166,0.00005091,456.92636156,0
1505307975,21056164,0.00005090,1227.10990000,0
1505307928,21055922,0.00005091,889.26360243,0
1505307918,21055871,0.00005076,1237.02330000,0
1505307898,21055792,0.00005091,12562.94421528,0
1505307898,21055789,0.00005089,7202.15900000,0
1505307898,21055788,0.00005089,1919.51504805,0
1505307896,21055780,0.00005084,1372.00560000,0
1505307886,21055693,0.00005085,1062.45644051,0
1505307784,21055366,0.00005083,463.56993901,0
1505307729,21055229,0.00005080,108.74547090,1
1505307701,21055122,0.00005084,266.69295830,0
1505307593,21054811,0.00005080,1266.57460000,0
1505307538,21054690,0.00005068,1252.00710000,1
1505307538,21054685,0.00005077,57.09924901,1
1505307536,21054679,0.00005083,887.04013377,0
1505307534,21054665,0.00005082,1271.88970000,0
1505307494,21054624,0.00005085,500.00000000,0
1505307472,21054573,0.00005085,2550.14749262,1
1505307427,21054446,0.00005082,467.50393545,0
1505307372,21054353,0.00005092,6938.45208169,1
1505307372,21054352,0.00005090,1698.11807466,0
1505307372,21054351,0.00005087,1917.10000000,0
1505307370,21054344,0.00005082,1273.97680000,0
1505307297,21054167,0.00005083,1236.50180000,0
1505307162,21053819,0.00005060,437.65470000,1
1505307152,21053800,0.00005063,30.30447000,0
1505307105,21053696,0.00005065,513.00000000,1
1505307084,21053665,0.00005063,75.34530000,0
1505307069,21053628,0.00005063,1173.20000000,1
1505307056,21053606,0.00005063,1248.54530000,1
1505306978,21053500,0.00005060,700.00000000,1
1505306975,21053498,0.00005090,3301.88192534,0
1505306974,21053497,0.00005088,25409.48700000,0
1505306974,21053494,0.00005080,4563.77079570,0
1505306974,21053492,0.00005077,2513.48066036,0
1505306973,21053491,0.00005074,1201.16848806,0
1505306849,21053336,0.00005064,150.00000000,1
1505306751,21053110,0.00005074,50.16811194,0
1505306711,21053019,0.00005073,4684.65156000,0
1505306711,21053018,0.00005069,1270.50300000,0
1505306699,21052947,0.00005070,5.28090040,0
1505306698,21052945,0.00005070,1369.37949960,0
1505306680,21052922,0.00005075,1221.81988416,0
1505306654,21052843,0.00005043,1077.05543450,1
1505306652,21052837,0.00005048,0.00000050,1
1505306604,21052676,0.00005048,999.99999950,1
1505306603,21052674,0.00005050,7922.31814050,1
1505306560,21052488,0.00005050,7634.42402390,1
1505306559,21052487,0.00005053,1549.36187610,1
1505306557,21052484,0.00005053,2746.83622800,1
1505306552,21052469,0.00005050,15121.01591370,1
1505306552,21052468,0.00005053,3845.74208630,1
1505306517,21052333,0.00005052,743.90360399,1
1505306517,21052332,0.00005065,50.00000000,1
1505306494,21052258,0.00005069,1077.05543499,0
1505306388,21052005,0.00005051,4845.62878000,1
1505306353,21051913,0.00005065,295.16183146,0
1505306207,21051483,0.00005050,8676.95479318,1
1505306207,21051481,0.00005051,5357.86666139,1
1505306207,21051480,0.00005052,557.79060643,1
1505306194,21051402,0.00005074,4912.18111943,0
1505306194,21051401,0.00005069,1525.81780000,0
1505306194,21051398,0.00005066,1918.90000000,0
1505306194,21051396,0.00005065,3311.50430700,1
1505306192,21051387,0.00005065,8015.38600000,0
1505306031,21050620,0.00005073,471.91287207,0
1505306009,21050534,0.00005071,270.86215736,0
1505306007,21050532,0.00005070,2402.54436466,0
1505306004,21050527,0.00005070,295.12011834,0
1505305699,21049918,0.00005052,428.79593495,1
1505305552,21049571,0.00005093,979.29138032,1
1505305529,21049532,0.00005072,196.66916404,0
1505305519,21049475,0.00005075,982.86266010,0
1505305489,21049384,0.00005051,402.63299742,1
1505305484,21049369,0.00005051,4073.57398000,1
1505305482,21049360,0.00005058,3050.50599000,0
1505305416,21049120,0.00005056,175.01493125,1
1505305399,21049049,0.00005059,1312.15507061,0
1505305399,21049047,0.00005060,1738.28132381,1
1505305393,21049034,0.00005060,1718.89995609,0
1505305384,21048972,0.00005060,1718.89996864,1
1505305372,21048924,0.00005059,1659.75899735,1
1505305353,21048826,0.00005055,1103.31640710,1
1505305280,21048481,0.00005054,1774.00000000,1
1505305122,21047857,0.00005109,200.00000000,0
1505305106,21047784,0.00005078,727.40620000,1
1505305104,21047765,0.00005081,1272.59380000,1
1505305012,21047549,0.00005101,1467.77651440,0
1505304980,21047467,0.00005105,578.31988246,0
1505304971,21047443,0.00005086,1067.29758449,0
1505304971,21047441,0.00005086,1262.31665975,0
1505304970,21047438,0.00005086,1075.11665975,0
1505304949,21047346,0.00005086,187.20000000,0
1505304930,21047301,0.00005094,899.34566067,1
1505304851,21046888,0.00005129,503.84831351,0
1505304730,21046317,0.00005095,383.32894995,0
1505304730,21046314,0.00005092,532.37352710,0
1505304728,21046308,0.00005091,1287.21830000,0
1505304587,21045436,0.00005080,1931.71152764,0
1505304399,21045084,0.00005079,656.00689112,0
1505304256,21044789,0.00005069,991.23343951,1
1505304256,21044788,0.00005079,0.00003772,1
1505304256,21044787,0.00005080,1931.71154277,1
1505304221,21044708,0.00005080,1964.57653800,1
1505304218,21044699,0.00005080,938.90360400,1
1505304193,21044667,0.00005080,859.19807900,1
1505304168,21044599,0.00005083,12798.59331524,1
1505304168,21044597,0.00005081,1110.00331100,0
1505303936,21043619,0.00005079,589.19074787,1
1505303917,21043593,0.00005084,13921.81569630,0
1505303917,21043589,0.00005081,1381.50880000,0
1505303916,21043572,0.00005080,4321.07138083,0
1505303845,21043337,0.00005079,1103.09453400,0
1505303746,21043202,0.00005069,1233.24722000,0
1505303740,21043195,0.00005072,810.73608500,0
1505303724,21043166,0.00005067,4588.69793229,1
1505303721,21043161,0.00005072,6989.28613154,1
1505303721,21043159,0.00005072,10143.01653312,1
1505303605,21042883,0.00005090,293.87897839,0
1505303486,21042677,0.00005092,2347.62647290,0
1505303150,21042274,0.00005092,2880.00000000,1
1505303080,21042210,0.00005079,39.27958259,0
1505303078,21042209,0.00005057,2370.00000000,1
1505303075,21042206,0.00005079,2194.51927200,0
1505302969,21042048,0.00005059,1270.49340000,0
1505302868,21041920,0.00005066,564.53395183,0
1505302823,21041872,0.00005075,859.24814997,1
1505302823,21041871,0.00005062,1268.50570000,0
1505302823,21041869,0.00005062,2660.24581003,0
1505302534,21041203,0.00005059,200.00000000,1
1505302457,21041025,0.00005085,195.97345132,0
1505302454,21041022,0.00005070,577.72000000,1
1505302338,21040718,0.00005096,1610.00000000,1
1505302301,21040597,0.00005099,2572.92998627,0
1505302299,21040592,0.00005098,1562.23680000,0
1505302263,21040469,0.00005103,1186.52988438,0
1505302257,21040448,0.00005090,3494.42759483,0
1505302202,21040322,0.00005090,2563.53438113,1
1505302112,21040179,0.00005096,1214.71127755,0
1505302041,21039973,0.00005090,2000.00000000,1
1505301970,21039777,0.00005100,811.02500769,0
1505301457,21038368,0.00005094,12123.38059000,1
1505301422,21038297,0.00005100,196.88254224,0
1505301420,21038290,0.00005100,2800.00000000,0
1505301388,21038168,0.00005114,569.70219006,0
1505301135,21037588,0.00005098,1537.77177150,0
1505301031,21037505,0.00005098,934.68830914,0
1505300988,21037459,0.00005098,575.40555338,0
1505300869,21037306,0.00005114,633.40219007,0
1505300869,21037305,0.00005114,1902.30000000,0
1505300822,21037233,0.00005141,55.36121377,0
1505300822,21037231,0.00005126,551.10457757,0
1505300820,21037226,0.00005124,74.49202051,0
1505300786,21037195,0.00005098,806.45173792,1
1505300656,21037008,0.00005103,1482.06920000,1
1505300561,21036913,0.00005111,641.08524987,0
1505300561,21036912,0.00005109,287.72025313,0
1505300554,21036898,0.00005109,114.98532002,0
1505300543,21036862,0.00005111,659.99850202,0
1505300543,21036861,0.00005110,641.08524998,0
1505300530,21036841,0.00005110,1104.37595600,0
1505300524,21036829,0.00005110,1301.30000000,1
1505300524,21036827,0.00005113,0.08378850,1
1505300391,21036443,0.00005124,925.50797949,0
1505300388,21036400,0.00005121,95.09322343,0
1505300302,21036052,0.00005118,274.53185607,0
1505300302,21036051,0.00005118,701.77383693,0
1505300299,21036028,0.00005118,194.90152403,0
1505300200,21035681,0.00005119,1216.28280000,0
1505300170,21035510,0.00005119,1219.00150000,0
1505300167,21035481,0.00005121,67.89958533,1
1505300166,21035470,0.00005121,500.00000000,1
1505300143,21035248,0.00005122,13245.70791994,0
1505300143,21035245,0.00005121,84.75521006,0
1505300143,21035243,0.00005121,1148.71978994,0
1505300133,21035187,0.00005121,686.98561467,0
1505300133,21035182,0.00005120,452.07079163,0
1505300086,21035077,0.00005113,335.25867750,1
1505299997,21034860,0.00005113,1971.88480000,1
1505299994,21034855,0.00005118,638.30246190,1
1505299993,21034843,0.00005118,495.76787807,0
1505299985,21034822,0.00005118,1315.72991000,0
1505299980,21034802,0.00005113,451.94433400,1
1505299971,21034782,0.00005113,1240.82840000,0
1505299909,21034566,0.00005111,615.08863173,0
1505299264,21033686,0.00005074,502.82615750,1
1505299230,21033663,0.00005105,156.31733594,0
1505299216,21033656,0.00005107,371.22165655,0
1505299097,21033587,0.00005089,601.00000000,1
1505298864,21033386,0.00005088,3429.69174400,1
1505298828,21033311,0.00005088,1731.00000000,1
1505298828,21033306,0.00005105,46.89539667,0
1505298825,21033300,0.00005088,5168.93582877,1
1505298824,21033299,0.00005088,1739.00000000,1
1505298795,21033249,0.00005089,616.43880000,1
1505298794,21033247,0.00005094,1218.75870000,1
1505298765,21033204,0.00005112,453.98278560,0
1505298726,21033107,0.00005120,5136.53671875,1
1505298725,21033105,0.00005119,957.82254241,0
1505298725,21033103,0.00005112,7154.08300000,0
1505298725,21033102,0.00005103,4789.11271206,0
1505298723,21033098,0.00005097,1238.87090000,0
1505298650,21032958,0.00005088,4210.36233088,1
1505298650,21032957,0.00005091,10143.01653312,1
1505298629,21032940,0.00005114,400.00000000,0
1505298421,21032700,0.00005118,1091.61209042,0
1505298421,21032699,0.00005118,3923.10710100,1
1505298421,21032698,0.00005118,1556.66846000,1
1505298419,21032697,0.00005113,1696.04470000,0
1505298399,21032682,0.00005119,974.31744481,0
1505298379,21032668,0.00005119,704.97265090,0
1505297425,21031531,0.00005120,135.27890625,0
1505297423,21031529,0.00005111,1219.25380000,0
1505297385,21031501,0.00005091,588.63814469,1
1505297358,21031481,0.00005105,451.35827619,0
1505297307,21031399,0.00005087,1220.14070000,1
1505297210,21031286,0.00005105,1217.68940000,0
1505297205,21031283,0.00005100,1516.50000000,0
1505297103,21031200,0.00005099,270.00000000,0
1505296935,21030987,0.00005091,1222.84890000,0
1505296563,21030454,0.00005113,390.22100528,1
1505296381,21030072,0.00005105,0.00000027,0
1505296339,21029894,0.00005105,802.18441500,0
1505296321,21029700,0.00005105,1697.81558473,0
1505296321,21029698,0.00005104,7934.71414124,0
1505296320,21029696,0.00005104,1760.86460403,0
1505296315,21029618,0.00005104,1083.57933850,0
1505296315,21029617,0.00005100,233.13372550,0
1505296304,21029469,0.00005100,766.86627450,0
1505296013,21029090,0.00005118,7761.83763188,1
1505296013,21029087,0.00005114,354.98881676,0
1505296013,21029086,0.00005114,2500.00000000,0
1505296011,21029081,0.00005095,5000.00000000,0
1505295873,21028840,0.00005097,473.32478300,0
1505295852,21028826,0.00005094,537.19591676,0
1505295399,21028483,0.00005085,1234.19528500,0
1505295367,21028458,0.00005085,1232.24018244,1
1505295289,21028397,0.00005095,847.32466072,0
1505295289,21028396,0.00005082,4.90026928,0
1505295278,21028372,0.00005082,785.87303072,0
1505295201,21028265,0.00005085,1209.22670000,1
1505295035,21028174,0.00005069,7591.24420812,1
1505294920,21028064,0.00005061,371.84232300,0
1505294886,21028047,0.00005063,180.45180900,0
1505294883,21028045,0.00005060,1492.58947200,0
1505294875,21028033,0.00005050,2290.62639596,0
1505294868,21028015,0.00005050,199.99999900,0
1505294865,21028008,0.00005050,1000.00000000,0
1505294855,21027996,0.00005050,781.06600000,0
1505294855,21027995,0.00005050,19420.37328100,0
1505294855,21027994,0.00005050,6306.48540200,0
1505294855,21027993,0.00005050,958.16467500,0
1505294853,21027991,0.00005050,14844.49956782,1
1505294853,21027990,0.00005051,23383.66300000,1
1505294853,21027989,0.00005053,50.00000000,1
1505294853,21027988,0.00005054,378.53334653,1
1505294852,21027987,0.00005059,914.47600000,0
1505294805,21027944,0.00005059,587.34053000,0
1505294795,21027931,0.00005058,10850.91530996,0
1505294795,21027929,0.00005057,3548.40865504,0
1505294794,21027928,0.00005057,144.50047600,0
1505294781,21027915,0.00005058,3973.70874778,0
1505294779,21027914,0.00005059,100.00000000,0
1505294778,21027913,0.00005060,25478.05266400,0
1505294778,21027912,0.00005060,13104.77326010,0
1505294777,21027911,0.00005060,2740.38288700,0
1505294777,21027909,0.00005058,3920.40977100,0
1505294777,21027908,0.00005058,9203.16004600,0
1505294774,21027907,0.00005060,10143.01653312,0
1505294774,21027906,0.00005060,8911.07526780,0
1505294774,21027905,0.00005063,25066.49200000,1
1505294774,21027904,0.00005065,4390.31109005,1
1505294705,21027855,0.00005073,1821.07409002,0
1505294705,21027854,0.00005072,3331.31071498,0
1505294700,21027849,0.00005072,2698.92965300,0
1505294688,21027839,0.00005070,972.95444232,1
1505294687,21027835,0.00005071,7930.35644983,0
1505294687,21027834,0.00005070,997.25241017,0
1505294682,21027832,0.00005070,2698.33914000,0
1505294680,21027829,0.00005070,355.09599000,0
1505294670,21027816,0.00005073,6327.70159200,0
1505294670,21027814,0.00005073,330.17159406,0
1505294663,21027801,0.00005073,16231.59405968,0
1505294663,21027800,0.00005073,1769.31415057,1
1505294473,21027639,0.00005091,625.88202854,0
1505294473,21027637,0.00005090,2589.64493414,0
1505294473,21027635,0.00005089,4834.67788832,0
1505294417,21027495,0.00005079,220.00000000,1
1505294386,21027242,0.00005095,1668.22921549,0
1505294385,21027234,0.00005081,1566.89690500,1
1505294385,21027232,0.00005081,1210.53950000,1
1505294385,21027229,0.00005088,130.00000000,1
1505294305,21027028,0.00005105,11919.27130264,0
1505294096,21026726,0.00005090,1230.17609991,1
1505294096,21026725,0.00005090,393.72409709,1
1505293722,21026455,0.00005097,968.87188999,0
1505293722,21026454,0.00005097,267.36540360,0
1505293688,21026439,0.00005092,1234.00840000,0
1505293648,21026402,0.00005067,747.52870027,1
1505293591,21026372,0.00005097,372.81852069,0
1505293524,21026339,0.00005097,694.93610800,0
1505293448,21026253,0.00005097,68.97992814,1
1505293447,21026248,0.00005097,899.89197681,1
1505293447,21026247,0.00005097,185.62809505,0
1505293442,21026237,0.00005098,1218.47190000,1
1505293437,21026194,0.00005097,249.28498380,1
1505293437,21026191,0.00005111,967.26120133,1
1505293436,21026188,0.00005111,145.04558955,0
1505293431,21026157,0.00005096,1216.54618513,1
1505293367,21026035,0.00005101,1213.56590000,1
1505293285,21025877,0.00005111,9222.48092349,0
1505293281,21025874,0.00005110,1640.38045518,0
1505293281,21025873,0.00005109,0.00000041,0
1505293280,21025871,0.00005109,2382.80226759,1
1505293276,21025868,0.00005109,95.34299784,0
1505293271,21025852,0.00005108,184.49195725,0
1505293264,21025833,0.00005108,322.15208456,0
1505293105,21025489,0.00005109,558.15012722,0
1505292977,21025302,0.00005108,18756.37360485,0
1505292888,21025249,0.00005062,722.54052146,0
1505292888,21025248,0.00005070,1155.73517854,1
1505292886,21025246,0.00005071,1211.72430000,1
1505292844,21025177,0.00005109,4114.10510863,1
1505292843,21025174,0.00005109,427.46898753,0
1505292790,21025078,0.00005109,216.13603445,0
1505292764,21025050,0.00005106,537.62299255,0
1505292717,21024981,0.00005097,3327.55053090,0
1505292531,21024667,0.00005073,297.53715750,1
1505292529,21024660,0.00005070,205.28900000,0
1505292486,21024584,0.00005071,775.00000000,0
1505292486,21024583,0.00005071,775.00000000,0
1505292434,21024483,0.00005073,1237.18470000,0
1505292412,21024473,0.00005075,0.00001726,1
1505292390,21024446,0.00005075,884.30803571,1
1505292348,21024398,0.00005075,32345.41424261,1
1505292348,21024397,0.00005076,650.53726851,1
1505292348,21024396,0.00005076,1272.21620788,1
1505292346,21024395,0.00005076,165.86346800,1
1505292300,21024140,0.00005076,4974.74606500,1
1505292218,21024101,0.00005076,7633.58627400,1
1505292201,21024081,0.00005094,1001.60816647,1
1505292199,21024080,0.00005092,1263.13030000,0
1505292066,21023966,0.00005097,12123.38085899,0
1505292019,21023930,0.00005090,1255.98955864,1
1505292019,21023928,0.00005090,583.03238636,0
1505291989,21023909,0.00005090,55.97013752,0
1505291937,21023843,0.00005082,502.85158322,1
1505291937,21023841,0.00005082,1216.04700000,1
1505291829,21023733,0.00005075,11111.70081900,1
1505291826,21023731,0.00005075,361.74512414,1
1505291826,21023730,0.00005076,1411.25487586,1
1505291816,21023717,0.00005075,19940.78350000,1
1505291815,21023716,0.00005075,138.41055838,1
1505291815,21023715,0.00005076,1559.51264335,1
1505291809,21023705,0.00005076,2843.80753515,1
1505291803,21023695,0.00005075,2842.59908664,1
1505291803,21023694,0.00005075,1772.93367150,1
1505291801,21023691,0.00005075,6543.04069974,1
1505291801,21023690,0.00005076,1723.35744926,1
1505291797,21023683,0.00005075,2845.36888595,1
1505291791,21023671,0.00005075,1701.14139496,1
1505291791,21023670,0.00005076,1139.03214187,1
1505291785,21023658,0.00005077,1720.92771301,1
1505291779,21023641,0.00005075,1317.81035933,1
1505291777,21023638,0.00005075,1600.48357300,1
1505291772,21023626,0.00005075,7713.17408438,1
1505291771,21023623,0.00005076,1258.70782562,1
1505291770,21023618,0.00005075,2837.61116452,1
1505291767,21023610,0.00005075,1724.74313124,1
1505291763,21023596,0.00005075,2834.25009013,1
1505291763,21023595,0.00005075,1484.48156151,1
1505291763,21023594,0.00005075,5374.44316588,1
1505291762,21023592,0.00005076,1390.94889261,1
1505291757,21023576,0.00005075,1826.11981732,1
1505291752,21023551,0.00005075,1206.75374076,1
1505291751,21023546,0.00005075,1748.13449249,1
1505291746,21023529,0.00005075,1582.64292879,1
1505291746,21023528,0.00005076,1252.98223645,1
1505291740,21023522,0.00005075,2830.30122581,1
1505291736,21023514,0.00005075,1106.16166000,1
1505291735,21023513,0.00005075,1296.49632500,1
1505291734,21023510,0.00005075,1173.28952586,1
1505291734,21023507,0.00005075,721.53697751,1
1505291734,21023506,0.00005076,4.99669218,1
1505291732,21023504,0.00005076,1379.64612851,0
1505291728,21023501,0.00005075,1616.41252000,1
1505291728,21023497,0.00005075,1560.53773584,1
1505291721,21023483,0.00005075,1559.44075231,1
1505291718,21023475,0.00005076,1447.94694924,0
1505291718,21023474,0.00005076,82.18020051,0
1505291702,21023454,0.00005076,726.53368187,1
1505291696,21023448,0.00005076,168.33916230,1
1505291692,21023444,0.00005076,166.18711018,0
1505291690,21023440,0.00005075,1155.86059367,1
1505291685,21023435,0.00005075,1153.96436726,1
1505291681,21023432,0.00005075,1679.11606785,1
1505291679,21023425,0.00005075,2773.49471217,1
1505291673,21023407,0.00005075,2771.54548732,1
1505291667,21023398,0.00005075,2769.58923206,1
1505291664,21023391,0.00005075,821.80200503,1
1505291660,21023385,0.00005075,1945.05943152,1
1505291659,21023380,0.00005075,1785.94136024,1
1505291654,21023368,0.00005075,2766.15797380,1
1505291652,21023366,0.00005076,1802.37562266,0
1505291651,21023361,0.00005075,2786.27270000,1
1505291648,21023357,0.00005075,953.06020910,1
1505291642,21023346,0.00005075,11604.58218200,1
1505291640,21023344,0.00005075,1352.10602458,1
1505291636,21023332,0.00005076,873.90577489,1
1505291630,21023326,0.00005076,873.90577489,1
1505291625,21023316,0.00005075,1542.66320153,1
1505291619,21023310,0.00005075,26981.57938500,1
1505291619,21023308,0.00005075,1269.51376036,1
1505291614,21023307,0.00005075,742.25005886,1
1505291614,21023304,0.00005076,521.33280377,1
1505291613,21023303,0.00005076,1654.06444648,0
1505291608,21023295,0.00005075,1064.29391262,1
1505291607,21023293,0.00005075,1866.54986000,1
1505291602,21023288,0.00005076,374.94198303,1
1505291600,21023284,0.00005076,2029.00639825,0
1505291597,21023277,0.00005075,1781.67696798,1
1505291596,21023274,0.00005076,0.00003126,1
1505291591,21023263,0.00005076,2868.65875495,1
1505291585,21023257,0.00005076,2019.11099092,1
1505291564,21023234,0.00005075,4830.64963948,1
1505291564,21023233,0.00005076,3169.35036052,1
1505291554,21023217,0.00005076,1514.43634301,1
1505291485,21023118,0.00005076,1945.88714620,1
1505291481,21023109,0.00005076,1237.70210229,0
1505291468,21023084,0.00005076,1560.93111487,1
1505291468,21023083,0.00005076,2060.59897000,0
1505291468,21023082,0.00005076,44.08948557,0
1505291463,21023072,0.00005076,2798.63326409,1
1505291457,21023067,0.00005076,1024.08953788,1
1505291451,21023058,0.00005076,980.00000000,1
1505291439,21023045,0.00005089,3668.77664139,0
1505291439,21023044,0.00005089,6752.90974100,1
1505291439,21023043,0.00005086,320.67345712,0
1505291437,21023040,0.00005085,1237.68730000,0
1505291437,21023039,0.00005085,1914.00000000,0
1505291423,21023034,0.00005076,3859.28074700,1
1505291388,21022981,0.00005076,433.40389000,0
1505291368,21022952,0.00005076,400.62111815,1
1505291358,21022943,0.00005076,4978.73570505,1
1505291358,21022942,0.00005077,4913.12013495,1
1505291348,21022918,0.00005078,1719.48013394,1
1505291326,21022845,0.00005076,2022.70979400,1
1505291078,21022363,0.00005078,1405.87807955,1
1505290988,21022098,0.00005093,902.03275043,1
1505290888,21021954,0.00005077,9207.89491800,1
1505290887,21021953,0.00005079,1222.81260000,1
1505290851,21021929,0.00005107,545.81613471,0
1505290840,21021913,0.00005080,1221.61370000,0
1505290840,21021912,0.00005079,2120.42121123,0
1505290839,21021910,0.00005079,2537.45878476,0
1505290839,21021909,0.00005077,0.00000024,0
1505290837,21021906,0.00005077,1395.32720300,0
1505290833,21021904,0.00005068,1657.81449890,0
1505290815,21021877,0.00005061,2488.99885828,0
1505290813,21021872,0.00005058,1224.02420000,0
1505290339,21020896,0.00005083,2407.01542300,1
1505290339,21020895,0.00005083,1226.00880000,1
1505289883,21020093,0.00005080,943.39820000,1
1505289806,21020023,0.00005075,497.80701144,0
1505289579,21019652,0.00005072,1231.40618411,0
1505289579,21019651,0.00005072,1231.40618411,0
1505289579,21019649,0.00005071,2602.70965685,0
1505289579,21019646,0.00005064,1447.78800196,0
1505289548,21019614,0.00005064,1585.98723900,0
1505289548,21019613,0.00005063,1221.42150000,0
1505289429,21019410,0.00005065,2840.25993975,1
1505289408,21019377,0.00005068,3540.73456480,0
1505289373,21019223,0.00005075,625.69381589,0
1505289373,21019221,0.00005072,1231.40618411,0
1505289328,21018882,0.00005076,1230.91958600,0
1505289321,21018831,0.00005076,1230.91958638,1
1505288919,21017830,0.00005100,1197.84392156,0
1505288917,21017828,0.00005095,1248.24780000,0
1505288857,21017676,0.00005091,1240.14560000,1
1505288854,21017657,0.00005091,269.88022900,1
1505288827,21017490,0.00005101,934.94054181,0
1505288802,21017366,0.00005099,1202.80783459,0
1505288796,21017320,0.00005100,916.75711747,0
1505288762,21017213,0.00005083,4934.63083645,0
1505288749,21017200,0.00005082,4345.20074200,0
1505288550,21016896,0.00005070,2202.01300374,1
1505288548,21016887,0.00005070,3868.32399626,1
1505288548,21016886,0.00005072,2588.42725104,1
1505288548,21016885,0.00005078,1211.96400000,1
1505288547,21016884,0.00005083,1908.60000000,1
1505288489,21016803,0.00005102,2893.10466483,0
1505288488,21016801,0.00005100,1906.20000000,0
1505288488,21016799,0.00005097,840.91115320,0
1505288488,21016797,0.00005078,4937.99451000,0
1505288487,21016794,0.00005077,4204.55576601,0
1505288481,21016783,0.00005078,1002.00549000,0
1505288479,21016781,0.00005077,240.00000000,0
1505288447,21016744,0.00005084,1906.20000000,1
1505288133,21016364,0.00005088,164.81151729,1
1505287899,21015857,0.00005097,2348.45477732,0
1505287874,21015789,0.00005100,130.00000000,0
1505287284,21014918,0.00005087,450.95576960,0
1505287071,21014786,0.00005053,400.00000000,1
1505286589,21014478,0.00005059,487.78454239,0
1505286229,21014255,0.00005071,46.98008282,0
1505286189,21014188,0.00005077,225.21390584,0
1505286187,21014187,0.00005075,222.69791589,0
1505285944,21013688,0.00005069,5700.07767560,0
1505285461,21013576,0.00005060,1226.09630000,0
1505285439,21013540,0.00005040,562.04646095,1
1505285428,21013457,0.00005109,11130.98199256,1
1505285428,21013440,0.00005063,1207.27880000,1
1505285411,21013427,0.00005061,2058.16752730,0
1505285385,21013422,0.00005060,1351.13588571,0
1505285381,21013420,0.00005060,3540.89856007,0
1505285359,21013410,0.00005059,270.22717714,0
1505285332,21013392,0.00005058,1393.97341308,0
1505285144,21013285,0.00005045,1212.33130000,0
1505285138,21013282,0.00005044,1219.69080000,0
1505284898,21013167,0.00005038,8001.16034000,1
1505284612,21012954,0.00005059,4693.85451670,1
1505284596,21012923,0.00005043,166.18212905,0
1505284593,21012922,0.00005043,112.11054341,0
1505284555,21012877,0.00005032,131.80799708,1
1505284350,21012628,0.00005043,121.57584770,0
1505283207,21011635,0.00005050,399.41544000,0
1505283159,21011578,0.00005050,1921.29997031,1
1505282926,21011468,0.00005061,2058.16752767,1
1505282908,21011462,0.00005060,3535.49304865,1
1505282903,21011459,0.00005060,1255.70581783,1
1505282903,21011458,0.00005061,2274.38991206,1
1505282897,21011453,0.00005060,3524.70665342,1
1505282885,21011412,0.00005060,2141.55908639,1
1505282881,21011363,0.00005060,2835.35663220,1
1505282880,21011359,0.00005060,2215.29294935,1
1505282871,21011350,0.00005062,280.78209406,0
1505282857,21011335,0.00005062,453.73923350,0
1505282844,21011330,0.00005061,743.30323061,1
1505282843,21011329,0.00005061,2137.90700795,1
1505282814,21011319,0.00005060,1394.60378808,1
1505282808,21011316,0.00005062,472.93836428,0
1505282782,21011294,0.00005060,1491.05367793,1
1505282781,21011293,0.00005060,437.91196648,0
1505282779,21011291,0.00005060,1919.20000000,1
1505282667,21011196,0.00005061,440.05216360,0
1505282497,21011100,0.00005080,54.02203327,1
1505282486,21011088,0.00005080,260.07373000,1
1505282484,21011087,0.00005080,2200.13609900,1
1505282482,21011086,0.00005080,1539.03075100,1
1505282481,21011085,0.00005080,520.42463863,1
1505282468,21011080,0.00005080,1387.88463500,1
1505282465,21011079,0.00005080,1063.42696850,1
1505282459,21011069,0.00005080,527.73752699,1
1505282455,21011066,0.00005080,230.93331654,1
1505282452,21011065,0.00005070,1612.66046675,0
1505282451,21011061,0.00005055,603.66983432,0
1505282131,21010835,0.00005065,1185.61346468,0
1505282117,21010818,0.00005087,17750.00000000,0
1505282098,21010801,0.00005071,867.29803800,0
1505282035,21010739,0.00005070,2247.05567029,1
1505281943,21010664,0.00005054,1919.20000000,0
1505281814,21010554,0.00005060,3634.41855200,0
1505281739,21010456,0.00005062,4972.99599996,1
1505281708,21010433,0.00005062,2186.75027800,1
1505281646,21010399,0.00005062,1616.63506110,1
1505281609,21010369,0.00005063,1878.12999100,1
1505281603,21010365,0.00005063,103.90181800,1
1505281596,21010364,0.00005063,2698.88423500,1
1505281580,21010352,0.00005062,743.12488100,1
1505281574,21010348,0.00005062,269.15178600,1
1505281573,21010346,0.00005062,470.93900000,1
1505281561,21010340,0.00005064,1739.16460000,1
1505281550,21010328,0.00005062,3953.39234100,1
1505281549,21010326,0.00005062,1731.00000000,1
1505281479,21010223,0.00005062,336.69887300,1
1505281467,21010208,0.00005062,494.30668600,1
1505281451,21010167,0.00005062,6477.67202400,1
1505281449,21010160,0.00005064,2302.63836200,0
1505281448,21010157,0.00005066,1216.73350000,1
1505281437,21010147,0.00005071,1731.00000000,1
1505281341,21009917,0.00005069,1226.43740000,0
1505281296,21009856,0.00005073,1229.21550000,1
1505281205,21009671,0.00005074,3180.92109000,1
1505281167,21009598,0.00005088,1073.96599843,0
1505281109,21009425,0.00005065,1931.56036200,0
1505281101,21009391,0.00005065,1963.52322385,0
1505281101,21009390,0.00005065,2089.64651515,0
1505281008,21009235,0.00005063,1039.67373923,0
1505280987,21009188,0.00005063,1498.76858850,0
1505280974,21009177,0.00005063,1656.23591169,0
1505280908,21009093,0.00005062,389.88640853,0
1505280875,21009037,0.00005062,788.23073884,0
1505280838,21008985,0.00005062,943.39806400,0
1505280823,21008979,0.00005062,521.99407348,1
1505280822,21008978,0.00005059,1251.30000000,0
1505280650,21008755,0.00005052,676.95961995,0
1505280547,21008663,0.00005031,5580.52567620,0
1505280546,21008661,0.00005041,1928.30000000,0
1505280546,21008660,0.00005041,1222.07270000,1
1505280506,21008622,0.00005059,189.52026092,0
1505280416,21008538,0.00005058,2601.22261763,1
1505280415,21008537,0.00005058,1565.60000000,0
1505280145,21008264,0.00005050,269.98377800,1
1505279589,21007800,0.00005035,1565.61697746,0
1505279525,21007698,0.00005047,1005.47441794,1
1505279488,21007674,0.00005047,2442.68743412,1
1505279488,21007672,0.00005055,8610.90874488,1
1505279483,21007669,0.00005055,909.66318700,1
1505279482,21007668,0.00005055,2442.68743450,1
1505279478,21007667,0.00005054,5134.53774114,0
1505279478,21007666,0.00005053,2902.20289248,0
1505279340,21007464,0.00005047,3197.93810416,1
1505279340,21007463,0.00005047,2777.73552835,1
1505279310,21007425,0.00005048,1110.15847860,0
1505279258,21007323,0.00005043,396.58933175,0
1505279243,21007259,0.00005045,1830.81506442,0
1505279213,21007201,0.00005034,3206.19658556,1
1505279212,21007200,0.00005035,5133.99658600,1
1505279099,21006982,0.00005054,4358.66778789,0
1505279099,21006981,0.00005054,5566.92070543,0
1505279098,21006980,0.00005044,1500.20000000,0
1505278811,21006505,0.00005034,1309.40732645,1
1505278531,21006119,0.00005051,455.45852306,0
1505278506,21006110,0.00005028,1.83810000,1
1505278506,21006109,0.00005031,1223.07190000,1
1505278260,21005917,0.00004999,1579.66941593,1
1505278260,21005916,0.00005000,1348.60039500,1
1505278260,21005915,0.00005001,4464.32836867,1
1505278260,21005914,0.00005010,0.00000040,1
1505278199,21005875,0.00005010,1739.96843500,1
1505278199,21005870,0.00005016,12260.16423522,1
1505278198,21005867,0.00005016,2999.41059478,0
1505278198,21005866,0.00005015,2353.77929000,0
1505278190,21005856,0.00005011,1700.55000000,0
1505278134,21005762,0.00005016,357.97946570,0
1505278113,21005718,0.00004998,1235.98220000,1
1505278022,21005617,0.00005036,990.62092930,0
1505277632,21005171,0.00005044,2794.31607700,0
1505277596,21005075,0.00005040,50.15238095,0
1505277539,21004980,0.00005024,1939.60000000,1
1505277539,21004979,0.00005027,8123.83162687,1
1505277536,21004977,0.00005034,1225.15080000,1
1505277495,21004934,0.00005059,49.46807669,0
1505277396,21004761,0.00005048,2019.18490852,0
1505277396,21004760,0.00005032,1939.70000000,0
1505277396,21004759,0.00005031,3945.30148148,0
1505277386,21004731,0.00004999,257.76334246,0
1505277386,21004730,0.00005004,1419.92350000,0
1505277385,21004729,0.00005010,0.00000022,1
1505277385,21004728,0.00005014,75.00000000,1
1505277383,21004725,0.00005024,649.31315732,1
1505277306,21004531,0.00005024,10742.15100000,1
1505277166,21004148,0.00005029,1222.74110000,1
1505277134,21004079,0.00005045,10312.51309131,1
1505277134,21004078,0.00005043,4687.48690869,0
1505277108,21004032,0.00005051,3854.41713459,0
1505277103,21004012,0.00005039,989.78587021,0
1505276955,21003760,0.00005029,1055.14668400,0
1505276787,21003613,0.00005023,5873.60204084,1
1505276787,21003612,0.00005024,696.90246316,1
1505276776,21003605,0.00005029,1229.62370000,1
1505276776,21003604,0.00005033,503.24071982,1
1505276776,21003603,0.00005037,1115.50000000,1
1505276769,21003592,0.00005050,682.50732673,0
1505276765,21003586,0.00005028,16202.14420768,1
1505276748,21003577,0.00005052,8629.95961995,0
1505276747,21003573,0.00005051,2725.62557412,0
1505276655,21003508,0.00005052,7484.47817204,0
1505276655,21003507,0.00005050,11217.28778796,0
1505276648,21003487,0.00005052,7742.58137037,0
1505276648,21003486,0.00005051,1663.35922369,0
1505276645,21003477,0.00005048,1177.56454394,0
1505276562,21003383,0.00005047,127.84366950,0
1505276561,21003381,0.00005047,988.21696057,0
1505276560,21003380,0.00005043,1254.96360000,0
1505276548,21003373,0.00005037,1084.54278340,0
1505276361,21003192,0.00005027,1240.00860000,1
1505276212,21002746,0.00005038,1060.20195550,1
1505276194,21002666,0.00005038,1178.00217278,0
1505276174,21002575,0.00005063,196.91882283,0
1505276157,21002513,0.00005046,2176.55084787,0
1505276156,21002510,0.00005046,1231.25530000,1
1505276156,21002508,0.00005050,100.00000000,1
1505276156,21002507,0.00005051,3592.55433213,1
1505276156,21002505,0.00005051,1141.89738470,1
1505276079,21002314,0.00005080,76.22421259,1
1505276077,21002311,0.00005064,396.08631313,0
1505276076,21002306,0.00005061,396.08631313,1
1505276072,21002292,0.00005064,395.84449494,0
1505276070,21002287,0.00005060,875.83773900,1
1505276047,21002260,0.00005067,2285.41481100,1
1505276042,21002248,0.00005059,396.08631313,0
1505275781,21001569,0.00005075,1038.90206896,0
1505275689,21001307,0.00005060,5658.30247381,1
1505275688,21001304,0.00005061,1247.70170000,1
1505275642,21001165,0.00005077,4126.65572203,0
1505275514,21000893,0.00005082,1136.75167256,0
1505275463,21000797,0.00005080,814.11279527,0
1505275424,21000660,0.00005081,1940.30000000,0
1505275419,21000638,0.00005082,87.49370326,0
1505275296,21000445,0.00005082,2944.23317591,0
1505275242,21000333,0.00005065,100.00000000,1
1505275202,21000295,0.00005080,58585.15748031,0
1505275193,21000288,0.00005080,6466.30241294,0
1505275192,21000287,0.00005079,4266.84879353,1
1505275191,21000286,0.00005079,4266.84879353,0
1505274951,21000001,0.00005067,10143.01653300,1
1505274922,20999983,0.00005058,4786.83570500,1
1505274918,20999982,0.00005056,18087.69900000,0
1505274918,20999981,0.00005054,2125.46529489,0
1505274781,20999864,0.00005072,2157.50256309,1
1505274781,20999863,0.00005072,4146.02455667,0
1505274390,20999297,0.00005051,1481.09285290,0
1505274244,20999064,0.00005046,1963.77249306,1
1505274244,20999063,0.00005038,1961.20000000,0
1505274242,20999061,0.00005036,507.23125700,0
1505274132,20998840,0.00005052,30000.00000000,0
1505274112,20998766,0.00005027,353.62688134,0
1505274110,20998759,0.00005029,2110.82809496,1
1505274092,20998709,0.00005037,1230.83710000,1
1505273935,20998297,0.00005070,1961.20000000,0
1505273935,20998296,0.00005070,1961.20000000,0
1505273774,20998067,0.00005064,2579.04383900,0
1505273759,20997989,0.00005065,8659.07504005,1
1505273758,20997988,0.00005065,13820.58804178,0
1505273758,20997987,0.00005063,4159.10320803,0
1505273758,20997986,0.00005061,1340.92496014,0
1505273733,20997943,0.00005058,5307.85646000,0
1505273593,20997752,0.00005049,1225.96030000,1
1505273536,20997613,0.00005070,1961.20000000,1
1505273471,20997359,0.00005092,78.71366849,1
1505273469,20997353,0.00005082,0.00000465,0
1505273381,20997127,0.00005082,1651.01712000,0
1505273364,20997023,0.00005082,350.69854000,0
1505273332,20996893,0.00005082,2221.83037000,0
1505273294,20996736,0.00005078,134.19855104,1
1505273259,20996456,0.00005075,312.87457056,1
1505273156,20995656,0.00005062,3526.17411000,0
1505273156,20995655,0.00005055,1213.97900000,0
1505272856,20994908,0.00005055,1193.61699956,1
1505272855,20994906,0.00005058,3150.60575844,1
1505272574,20994433,0.00005038,1527.70000000,0
1505272116,20993966,0.00005033,1085.56964037,1
1505272114,20993965,0.00005029,1210.28710000,0
1505272077,20993936,0.00005022,893.89546370,0
1505272030,20993870,0.00005012,124.55540000,0
1505271984,20993781,0.00005022,443.00000000,1
1505271783,20993581,0.00005027,793.71871892,0
1505271606,20993314,0.00005030,1221.83129963,0
1505271606,20993313,0.00005031,5547.82764016,1
1505271606,20993312,0.00005032,9773.74118721,1
1505271491,20993229,0.00005046,449.03388822,0
1505270933,20991957,0.00005063,18841.01247000,0
1505270894,20991827,0.00005035,0.00000211,0
1505270894,20991826,0.00005042,274.58930000,0
1505270892,20991824,0.00005042,2801.44708929,1
1505270593,20991324,0.00005062,208.24579804,0
1505270552,20991251,0.00005059,1575.50000000,1
1505270536,20991193,0.00005068,28434.66130000,0
1505270340,20990906,0.00005091,47.02435671,0
1505269934,20990622,0.00005076,2000.00000000,1
1505269903,20990586,0.00005072,3658.58811206,0
1505269903,20990585,0.00005072,1204.04610000,0
1505269903,20990584,0.00005074,4526.30664794,1
1505269883,20990547,0.00005111,9367.52651304,1
1505269881,20990540,0.00005109,3765.64744025,0
1505269881,20990539,0.00005086,918.87065637,0
1505269873,20990534,0.00005068,401.20974032,0
1505269873,20990533,0.00005071,1322.23720099,1
1505269873,20990532,0.00005073,197.61605869,1
1505269871,20990531,0.00005080,40.00000000,1
1505269811,20990493,0.00005086,4000.00000000,0
1505269608,20990323,0.00005098,0.00000022,1
1505269545,20990243,0.00005098,5215.33201300,1
1505269545,20990242,0.00005098,1634.06082800,1
1505269543,20990241,0.00005098,150.60715878,0
1505269466,20990207,0.00005094,1521.10000000,0
1505269319,20989994,0.00005087,441.65598584,0
1505269307,20989974,0.00005090,1581.40530451,1
1505269306,20989972,0.00005076,379.35563714,0
1505269282,20989940,0.00005076,128.84040000,0
1505269004,20989458,0.00005068,6361.31479100,1
1505268751,20988677,0.00005063,750.00000000,1
1505268657,20988458,0.00005072,3013.70465299,0
1505268657,20988457,0.00005072,16152.48892587,0
1505268655,20988454,0.00005071,3331.11618430,0
1505268525,20988367,0.00005072,3030.27011041,0
1505268517,20988361,0.00005072,3634.44696372,0
1505268313,20988167,0.00005071,3934.13527903,0
1505268115,20987987,0.00005073,140.35087719,0
1505268082,20987899,0.00005072,1199.68217666,0
1505267869,20987833,0.00005056,227.06378039,1
1505267869,20987832,0.00005059,1970.80000000,1
1505267867,20987831,0.00005060,802.13621961,1
1505267846,20987828,0.00005076,4742.08136327,0
1505267686,20987749,0.00005044,1192.81159951,1
1505267686,20987748,0.00005049,1603.93000549,1
1505267684,20987745,0.00005063,3940.37606162,0
1505267488,20987683,0.00005045,1243.43260000,1
1505266969,20987444,0.00005051,2191.56405694,0
1505266873,20987399,0.00005047,2800.00000000,0
1505266528,20987256,0.00005055,5071.39663699,0
1505266203,20987208,0.00005055,7895.57507418,0
1505266202,20987207,0.00005051,1977.80000000,0
1505265662,20987041,0.00005063,1349.70454513,1
1505265659,20987033,0.00005052,1977.80000000,1
1505265658,20987032,0.00005052,1188.62920000,1
1505265603,20986995,0.00005054,15789.95264900,0
1505265510,20986988,0.00005053,2495.89567590,0
1505264970,20986855,0.00005057,544.63001780,0
1505264885,20986833,0.00005064,436.11137440,1
1505264575,20986611,0.00005032,479.00000000,1
1505264193,20986304,0.00005047,327.08777491,0
1505264191,20986303,0.00005045,1650.00000000,0
1505264176,20986301,0.00005044,949.24662965,0
1505264126,20986269,0.00005039,348.29747965,0
1505264126,20986268,0.00005039,3209.21016015,0
1505263868,20986197,0.00005036,1980.75099285,0
1505263637,20986103,0.00005022,93.46050000,0
1505263403,20985847,0.00005030,2500.00000000,0
1505263395,20985829,0.00005030,1119.08827037,0
1505263313,20985758,0.00005033,2206.04053248,0
1505263222,20985659,0.00005010,923.74377000,1
1505263213,20985651,0.00005010,9076.25622978,1
1505263212,20985649,0.00005012,2179.16170490,1
1505263212,20985647,0.00005020,1198.88140000,1
1505263212,20985646,0.00005022,2721.37205032,1
1505263211,20985645,0.00005025,923.74377000,1
1505263209,20985643,0.00005025,511.00000000,1
1505262967,20985436,0.00005034,1076.41179976,0
1505262792,20985350,0.00005048,790.26024955,0
1505262531,20985073,0.00005048,599.33359746,0
1505262437,20984993,0.00005056,431.20055379,0
1505262433,20984990,0.00005036,1178.86030000,1
1505262405,20984976,0.00005060,626.89110672,0
1505262383,20984959,0.00005030,1123.86148580,1
1505262375,20984958,0.00005056,75.62534599,0
1505262086,20984476,0.00005018,1199.26190000,1
1505262086,20984474,0.00005022,1534.30000000,1
1505262044,20984414,0.00005041,19783.93950813,0
1505261994,20984343,0.00005041,851.21999603,0
1505261947,20984255,0.00005018,5691.28750798,0
1505261946,20984254,0.00005020,16056.70078687,1
1505261858,20984211,0.00005029,1642.78900144,1
1505261445,20983929,0.00005045,2319.32606541,0
1505261203,20983824,0.00005030,4898.71623300,1
1505260980,20983761,0.00005051,7047.64917838,0
