date,tid,price,amount,type
1505347263,21103289,0.16650,2403.39552600,1
1505347261,21103288,0.16650,895.44190000,1
1505347224,21103276,0.16650,2009.12870000,1
1505347158,21103230,0.16650,2081.23550000,1
1505347059,21103151,0.16650,1721.63362200,1
1505347058,21103141,0.16651,57.00000000,0
1505347019,21103093,0.16650,4684.37958200,1
1505347017,21103088,0.16650,2786.90000000,1
1505346652,21102927,0.16650,6637.54654655,1
1505346491,21102780,0.16653,250.00000000,0
1505346487,21102761,0.16702,0.00005987,1
1505346485,21102746,0.16702,449.99994013,1
1505346054,21102367,0.16745,1963.49570000,1
1505346054,21102366,0.16745,100.00000000,1
1505346050,21102360,0.16751,4539.00000000,1
1505346045,21102358,0.16752,872.04959800,1
1505346030,21102348,0.16800,57.00000000,1
1505346030,21102347,0.16800,57.00000000,1
1505346030,21102346,0.16800,57.00000000,1
1505346030,21102345,0.16800,57.00000000,1
1505346030,21102344,0.16800,57.00000000,1
1505346030,21102343,0.16800,57.00000000,1
1505346030,21102342,0.16800,57.00000000,1
1505346029,21102341,0.16800,35.00000000,1
1505345045,21101721,0.16800,22.00000000,1
1505345045,21101720,0.16800,57.00000000,1
1505345045,21101719,0.16800,57.00000000,1
1505345045,21101718,0.16800,57.00000000,1
1505345045,21101717,0.16800,57.00000000,1
1505345042,21101715,0.16800,57.00000000,0
1505344900,21101652,0.16848,57.00000000,1
1505344856,21101606,0.16850,31126.28357700,1
1505344853,21101605,0.16851,2143.00000000,1
1505344832,21101600,0.16851,1755.96313700,1
1505344822,21101596,0.16851,6399.00200000,1
1505344799,21101587,0.16860,260.00000000,1
1505344799,21101586,0.16894,550.00000000,1
1505343663,21101149,0.16927,334.23276423,0
1505343655,21101146,0.16848,57.00000000,0
1505343397,21101015,0.16927,617.82950316,0
1505343118,21100820,0.16927,47.93773261,0
1505343118,21100819,0.16909,4381.07175000,0
1505343117,21100818,0.16905,17.63043479,0
1505342417,21100341,0.16905,432.36956521,0
1505342417,21100340,0.16874,181.00000000,0
1505342337,21100218,0.16846,1000.00000000,1
1505342066,21099967,0.16817,1728.42687000,0
1505342065,21099965,0.16817,8271.57313000,0
1505342065,21099964,0.16816,724.10636000,0
1505342065,21099963,0.16815,9650.11551000,0
1505341812,21099713,0.16815,4304.18486648,0
1505341811,21099712,0.16814,813.99820000,1
1505341810,21099710,0.16814,813.99820000,0
1505341449,21099400,0.16814,593.25930772,0
1505341266,21099324,0.16806,412.81238843,0
1505341264,21099322,0.16775,181.00000000,0
1505340462,21098651,0.16752,427.68000000,0
1505340441,21098617,0.16711,181.00000000,0
1505339698,21098160,0.16748,30.00000000,0
1505339667,21098153,0.16755,208.37188899,0
1505339588,21098126,0.16748,595.59720564,0
1505339497,21098062,0.16743,30.00000000,0
1505339153,21097909,0.16651,3452.80190000,1
1505339151,21097908,0.16682,3307.69810000,1
1505339040,21097808,0.16709,985.57880000,1
1505339040,21097807,0.16709,985.57880000,1
1505339040,21097805,0.16709,985.57880000,1
1505339040,21097803,0.16709,985.57880000,1
1505338970,21097774,0.16754,384.64838247,0
1505338968,21097773,0.16733,211.00000000,0
1505338759,21097632,0.16765,2366.26554897,1
1505338758,21097629,0.16765,1292.94310000,0
1505337950,21097282,0.16794,89.09485531,0
1505337928,21097271,0.16693,985.57880160,0
1505337926,21097270,0.16694,1377.20020000,1
1505337844,21097213,0.16699,410.00000000,1
1505337733,21097165,0.16756,205.11444921,0
1505337718,21097156,0.16731,208.67079075,0
1505337360,21096875,0.16776,62.50001787,0
1505337353,21096868,0.16776,150.00000000,0
1505337283,21096835,0.16806,8309.08978402,0
1505337244,21096812,0.16800,2321.97968255,1
1505337237,21096800,0.16800,1478.21892700,1
1505337237,21096799,0.16800,12559.52833900,1
1505337231,21096789,0.16800,200.00000000,1
1505337227,21096779,0.16800,196.27267858,1
1505337225,21096773,0.16801,6564.53426900,1
1505337225,21096772,0.16801,2322.07109100,1
1505337142,21096727,0.16806,303.71528026,0
1505337089,21096710,0.16718,2268.01820000,0
1505337089,21096708,0.16718,1231.98180000,1
1505337041,21096689,0.16707,3389.10754643,0
1505337039,21096687,0.16707,1251.10240000,0
1505337039,21096686,0.16708,3280.58696900,1
1505336871,21096615,0.16714,6791.62212127,1
1505336871,21096614,0.16722,6645.50390073,1
1505336871,21096613,0.16723,3288.05377000,1
1505336859,21096608,0.16712,1225.60380000,1
1505336859,21096607,0.16713,11499.13266000,1
1505336859,21096606,0.16719,7981.25062000,1
1505336858,21096605,0.16720,3307.61612800,1
1505336664,21096495,0.16810,600.00000000,0
1505336409,21096355,0.16815,593.16095700,0
1505336404,21096349,0.16814,483.79100749,1
1505336403,21096348,0.16760,211.00000000,1
1505336374,21096329,0.16814,593.25562031,0
1505336253,21096279,0.16807,6760.71244124,0
1505335975,21096090,0.16782,2140.65567918,0
1505335971,21096087,0.16784,513.53262000,0
1505335876,21096032,0.16807,356.13934670,0
1505335572,21095670,0.16844,5854.75511137,0
1505335572,21095669,0.16800,5000.00000000,0
1505335572,21095668,0.16800,59.52000000,0
1505335571,21095667,0.16780,2168.21520000,1
1505335571,21095666,0.16780,2939.68521147,0
1505335554,21095652,0.16782,891.55047074,0
1505335240,21095286,0.16615,3035.01978300,0
1505335240,21095285,0.16597,193.00000000,0
1505335234,21095279,0.16615,3228.05210100,1
1505335201,21095268,0.16585,193.00000000,1
1505334714,21095004,0.16759,1096.66164653,1
1505334713,21095002,0.16759,3025.39710007,1
1505334713,21095001,0.16759,197.21528731,1
1505334705,21094996,0.16759,2400.17167570,1
1505334696,21094986,0.16759,2399.92988135,1
1505334695,21094985,0.16759,2064.96900000,1
1505334693,21094982,0.16759,3815.65540904,1
1505334421,21094788,0.16767,262.05860000,0
1505334184,21094657,0.16748,100.00071650,0
1505334072,21094596,0.16703,1209.44561000,0
1505333715,21094260,0.16564,412.66851600,1
1505333714,21094258,0.16564,2162.09820000,1
1505333714,21094257,0.16564,213.71781600,1
1505333714,21094255,0.16564,1948.38038400,1
1505333714,21094254,0.16566,426.67425300,1
1505333711,21094248,0.16566,832.59252900,1
1505333710,21094247,0.16566,902.83141800,1
1505333710,21094246,0.16566,497.09641300,1
1505333710,21094244,0.16567,2084.92580000,1
1505333706,21094237,0.16566,1665.00178700,1
1505333706,21094236,0.16566,2162.09820000,1
1505333706,21094235,0.16567,1329.50567100,1
1505333706,21094234,0.16568,1329.68894200,1
1505333706,21094233,0.16568,2162.09820000,1
1505333705,21094231,0.16567,832.59252900,1
1505333703,21094229,0.16567,2162.09820000,1
1505333703,21094228,0.16567,2162.09820000,1
1505333703,21094226,0.16567,2162.09820000,1
1505333698,21094217,0.16542,1329.50567100,1
1505333697,21094216,0.16542,2162.09820000,1
1505333593,21094066,0.16588,10000.00000000,0
1505333592,21094064,0.16588,10000.00000000,0
1505333579,21094031,0.16519,91.56510000,1
1505333564,21093991,0.16594,12634.27710843,0
1505333523,21093922,0.16551,941.24142687,1
1505333457,21093830,0.16552,1111.49812700,1
1505333421,21093772,0.16551,940.59560000,0
1505333387,21093738,0.16513,1133.72851000,1
1505333386,21093734,0.16513,1413.00403200,1
1505333298,21093575,0.16512,1549.59169100,1
1505333298,21093574,0.16512,115.61510000,1
1505333178,21093448,0.16585,300.72541453,0
1505333045,21093326,0.16512,2731.06700000,1
1505333045,21093324,0.16513,1268.93300000,0
1505333040,21093318,0.16541,1691.04320000,1
1505332830,21093127,0.16654,305.49951963,0
1505332691,21093042,0.16717,59.67015613,0
1505332679,21093038,0.16543,955.73668400,1
1505332679,21093037,0.16544,1245.12820000,1
1505332395,21092821,0.16680,299.01264988,1
1505332314,21092752,0.16718,596.66228017,0
1505332190,21092689,0.16603,2805.09167258,1
1505332009,21092557,0.16600,4216.83133054,0
1505331970,21092535,0.16600,3000.00000000,0
1505331873,21092494,0.16660,500.00000000,0
1505331866,21092492,0.16660,500.00000000,0
1505331651,21092368,0.16727,2750.00000000,0
1505331640,21092362,0.16731,300.42633435,0
1505331625,21092318,0.16735,1192.11233940,0
1505331598,21092307,0.16741,64.85673821,1
1505331591,21092297,0.16520,12413.35779179,0
1505331589,21092290,0.16594,4381.07175000,1
1505331589,21092288,0.16600,60.24000000,1
1505331589,21092286,0.16600,1211.20000000,1
1505331589,21092285,0.16606,1562.09585000,1
1505331589,21092284,0.16606,7821.45498000,1
1505331588,21092283,0.16607,2796.75498000,1
1505331588,21092282,0.16659,1248.65740000,1
1505331588,21092281,0.16660,733.75525210,1
1505331588,21092280,0.16661,2957.15848400,1
1505331477,21092203,0.16664,4217.42298990,1
1505331438,21092148,0.16661,1640.40889100,1
1505331399,21092138,0.16665,200.00000000,1
1505331360,21092126,0.16800,356.19279762,0
1505331331,21092100,0.16743,2978.85683569,0
1505331251,21091987,0.16663,1197.26339794,1
1505331251,21091986,0.16700,145.00000000,1
1505331251,21091985,0.16702,500.00000000,1
1505331012,21091670,0.16784,8543.27717945,1
1505331012,21091668,0.16784,3110.76263100,1
1505330838,21091554,0.16704,2336.19148700,1
1505330838,21091553,0.16705,603.63674000,1
1505330825,21091548,0.16786,29.71243893,0
1505330686,21091498,0.16702,1477.55685200,1
1505330685,21091493,0.16702,3056.75030900,1
1505330685,21091492,0.16702,450.00000000,1
1505330658,21091449,0.16818,586.12052562,0
1505330658,21091448,0.16770,1602.96262000,1
1505330657,21091446,0.16767,188.53647730,0
1505330607,21091430,0.16792,1188.06282753,0
1505330586,21091410,0.16704,5000.00000000,1
1505330561,21091390,0.16704,1682.91496100,1
1505330559,21091389,0.16720,788.85003900,1
1505330554,21091388,0.16720,1594.73755600,1
1505330554,21091387,0.16721,3076.76712800,1
1505330411,21091299,0.16721,1625.21380300,1
1505330394,21091278,0.16720,2026.18558900,1
1505330259,21091189,0.16784,2350.00100000,1
1505330242,21091174,0.16784,149.99900000,1
1505330194,21091148,0.16720,2760.22681600,1
1505330194,21091147,0.16721,2734.77318400,1
1505330151,21091124,0.16721,452.19000000,1
1505329804,21090943,0.16841,444.16810165,0
1505329778,21090936,0.16857,10.66128071,0
1505329777,21090933,0.16851,192.38586725,1
1505329776,21090931,0.16851,1276.74254000,0
1505329184,21090572,0.16788,1225.99970000,1
1505329184,21090571,0.16790,500.00000000,1
1505329175,21090555,0.16888,185.50446175,0
1505329175,21090554,0.16888,7408.14700000,0
1505329175,21090553,0.16886,1223.44950000,0
1505329175,21090551,0.16885,6683.59000000,0
1505329095,21090512,0.16917,176.86351007,0
1505329013,21090457,0.16831,1906.37485000,1
1505328890,21090319,0.16896,612.98532196,0
1505328805,21090278,0.16907,1179.99195599,0
1505328658,21090210,0.16831,1500.00000000,1
1505328631,21090163,0.16900,295.12017751,0
1505328602,21090147,0.16903,590.13559723,0
1505328514,21090095,0.16923,500.00000000,0
1505328451,21090043,0.16832,108.00000000,1
1505328294,21089946,0.16942,58.87770039,0
1505328188,21089893,0.16942,994.60471018,1
1505328188,21089892,0.16905,450.00000000,0
1505328186,21089890,0.16900,28.39124261,0
1505328129,21089865,0.16900,30.77875739,0
1505328127,21089861,0.16858,265.00000000,0
1505327933,21089759,0.16887,590.69473559,0
1505327932,21089758,0.16820,0.00000293,0
1505327900,21089700,0.16820,603.61108000,0
1505327850,21089674,0.16791,1206.50831181,1
1505327849,21089673,0.16801,59.52000000,1
1505327849,21089672,0.16801,59.52000000,1
1505327849,21089671,0.16802,59.52000000,1
1505327849,21089670,0.16802,46.81514819,1
1505327599,21089349,0.16820,296.49227110,0
1505327574,21089334,0.16820,11.90400000,0
1505327572,21089332,0.16803,488.09600000,0
1505327568,21089330,0.16802,12.70485181,1
1505327568,21089329,0.16802,59.52000000,1
1505327568,21089328,0.16802,59.52000000,1
1505327557,21089319,0.16803,11.90400000,1
1505327537,21089306,0.16813,1008.60078511,0
1505327508,21089270,0.16817,593.15347565,0
1505327430,21089206,0.16803,47.61600000,1
1505327430,21089205,0.16803,59.52000000,1
1505327303,21089044,0.16853,30.25628856,0
1505327146,21088855,0.16800,59.52000000,0
1505327099,21088751,0.16701,2516.61258672,1
1505327099,21088750,0.16737,1222.13690000,1
1505327099,21088749,0.16796,263.65400000,1
1505327099,21088748,0.16796,263.65400000,1
1505327098,21088747,0.16796,0.00003256,1
1505327030,21088602,0.16796,263.65396523,1
1505327029,21088600,0.16797,263.65400000,1
1505327029,21088599,0.16797,263.65400000,1
1505327026,21088584,0.16776,0.00000221,0
1505327026,21088583,0.16776,263.65400000,0
1505327014,21088559,0.16776,1000.52909410,0
1505326986,21088527,0.16719,5638.29060000,1
1505326986,21088526,0.16719,1957.70940000,1
1505326972,21088508,0.16776,316.26700000,1
1505326972,21088507,0.16776,316.26700000,1
1505326972,21088506,0.16776,316.26700000,1
1505326972,21088505,0.16776,316.26700000,1
1505326972,21088504,0.16776,0.00007105,1
1505326970,21088501,0.16776,316.26692895,1
1505326968,21088499,0.16775,316.26700000,0
1505326960,21088494,0.16774,1648.49264600,0
1505326934,21088477,0.16757,0.00001933,1
1505326929,21088467,0.16727,164.99988067,0
1505326925,21088461,0.16759,0.00011933,1
1505326919,21088452,0.16759,264.99988067,1
1505326915,21088446,0.16723,100.00000000,0
1505326653,21088111,0.16751,148.88746940,0
1505326650,21088108,0.16752,8900.00000000,0
1505326563,21088031,0.16762,2144.37280754,1
1505326561,21088028,0.16759,831.27477946,0
1505326469,21087892,0.16732,596.22621324,0
1505326438,21087864,0.16601,1400.00000000,1
1505326224,21087556,0.16508,1643.48205236,0
1505326224,21087555,0.16678,4359.00615000,1
1505326222,21087551,0.16702,451.27655043,1
1505326222,21087550,0.16702,411.05831160,1
1505326065,21087311,0.16750,500.00000000,1
1505326007,21087230,0.16751,1081.77128500,1
1505326007,21087228,0.16751,1753.65690000,1
1505325944,21087149,0.16784,178.29587703,0
1505325745,21086808,0.16702,40.21823883,0
1505325743,21086803,0.16702,409.78176117,0
1505325730,21086796,0.16502,5031.12732500,1
1505325730,21086794,0.16502,450.00000000,1
1505325730,21086793,0.16502,15590.00000000,1
1505325729,21086792,0.16550,200.00000000,1
1505325729,21086790,0.16550,6107.70217900,0
1505325728,21086789,0.16551,8361.46532600,1
1505325728,21086788,0.16600,350.00000000,1
1505325728,21086787,0.16600,60.24000000,1
1505325727,21086786,0.16700,210.00000000,1
1505325727,21086784,0.16702,450.00000000,1
1505325727,21086783,0.16703,1199.96266000,1
1505325727,21086782,0.16743,1483.00000000,1
1505325726,21086779,0.16744,5996.00191000,1
1505325726,21086778,0.16762,1239.29040000,0
1505325726,21086777,0.16762,4337.16170000,1
1505325725,21086774,0.16763,1230.04850000,1
1505325724,21086771,0.16785,2565.80652368,1
1505325610,21086643,0.16807,265.00000000,1
1505325609,21086635,0.16795,265.00000000,0
1505325608,21086621,0.16795,8704.57608900,1
1505325606,21086611,0.16795,862.32102100,1
1505325606,21086608,0.16795,1219.46920000,1
1505325605,21086605,0.16800,59.52000000,1
1505325604,21086603,0.16801,11366.40593000,1
1505325600,21086594,0.16811,168.49180000,1
1505325600,21086591,0.16811,1373.34252200,1
1505325598,21086585,0.16810,0.00000036,0
1505325598,21086582,0.16810,1373.58129064,1
1505325597,21086581,0.16820,300.00000000,1
1505325597,21086579,0.16821,150.00000000,1
1505325428,21086431,0.16898,10497.51690000,0
1505325427,21086430,0.16898,2002.48310000,0
1505325239,21086184,0.16857,147.93646556,0
1505325101,21086054,0.16850,13451.20191972,0
1505325100,21086053,0.16850,669.34346028,1
1505325071,21085977,0.16961,3772.39845100,1
1505325071,21085976,0.16960,1168.74812000,0
1505325071,21085975,0.16955,3658.85342900,0
1505325028,21085922,0.16951,470.77157690,0
1505324968,21085876,0.16850,0.00003972,0
1505324968,21085875,0.16850,669.34350000,0
1505324964,21085871,0.16850,10000.00000000,0
1505324960,21085868,0.16850,10000.00000000,0
1505324956,21085867,0.16850,6376.07399500,0
1505324956,21085866,0.16850,8611.38837000,0
1505324956,21085865,0.16849,1388.61163000,0
1505324952,21085863,0.16849,10000.00000000,0
1505324946,21085859,0.16849,2032.11460000,1
1505324946,21085858,0.16849,0.00001000,1
1505324945,21085857,0.16850,10000.00000000,0
1505324942,21085851,0.16849,2032.11459000,1
1505324941,21085849,0.16850,2032.11460000,0
1505324940,21085848,0.16850,7967.88541000,0
1505324940,21085847,0.16849,2032.11459000,0
1505324923,21085826,0.16850,10000.00000000,0
1505324923,21085825,0.16850,10000.00000000,0
1505324923,21085824,0.16850,9544.36993243,0
1505324923,21085823,0.16849,455.63006757,0
1505324919,21085818,0.16849,1648.62594243,0
1505324910,21085806,0.16850,1601.37005200,0
1505324910,21085805,0.16849,2500.10615000,0
1505324872,21085743,0.16849,592.02694522,0
1505324818,21085687,0.16849,1000.00000000,0
1505324809,21085681,0.16849,2101.02774800,0
1505324809,21085680,0.16849,3269.91337000,0
1505324784,21085648,0.16850,8145.34239000,0
1505324782,21085642,0.16850,1007.71156677,1
1505324781,21085641,0.16851,13226.65794000,1
1505324781,21085640,0.16852,4580.45245000,1
1505324737,21085547,0.16850,1023.45890800,1
1505324601,21085414,0.16873,1182.36235405,0
1505324590,21085407,0.16820,96.50819614,0
1505324590,21085406,0.16820,200.01564453,0
1505324483,21085335,0.16900,5669.83430253,1
1505324481,21085332,0.16900,1546.00406780,1
1505324409,21085218,0.16900,2784.16162967,1
1505324409,21085217,0.16900,59.17000000,1
1505324343,21085071,0.16905,200.00000000,1
1505324343,21085070,0.16905,450.00000000,1
1505324296,21085012,0.16908,2560.00000000,1
1505324275,21084949,0.16987,916.33337258,0
1505324255,21084908,0.16910,755.14229249,1
1505324254,21084907,0.16981,233.00000000,1
1505324240,21084898,0.17000,10143.01653312,1
1505324240,21084897,0.17000,293.00000000,1
1505324175,21084802,0.17093,57.77400105,0
1505324001,21084592,0.17100,2681.55722516,1
1505324001,21084591,0.17100,2024.12200000,1
1505324001,21084587,0.17100,309.81984198,1
1505324000,21084585,0.17100,1498.18715957,1
1505324000,21084582,0.17100,318.80805300,1
1505323997,21084575,0.17100,4497.70769500,1
1505323997,21084571,0.17100,2406.94519268,1
1505323996,21084569,0.17100,1499.23589500,1
1505323995,21084559,0.17100,10000.00000000,1
1505323995,21084553,0.17100,5273.88904200,1
1505323994,21084550,0.17100,2498.25122414,1
1505323993,21084544,0.17100,2539.48412500,1
1505323993,21084542,0.17100,10000.00000000,1
1505323993,21084540,0.17100,10000.00000000,1
1505323992,21084538,0.17100,10000.00000000,1
1505323992,21084536,0.17100,10000.00000000,1
1505323992,21084534,0.17100,1020.97058823,1
1505323992,21084533,0.17100,10000.00000000,1
1505323992,21084532,0.17100,10000.00000000,1
1505323991,21084531,0.17100,10000.00000000,1
1505323989,21084523,0.17100,1455.67488020,1
1505323918,21084414,0.17004,1601.02915000,1
1505323907,21084400,0.17100,601.52040936,1
1505323901,21084394,0.17165,2085.61671744,0
1505323901,21084393,0.17165,1109.32941176,1
1505323901,21084392,0.17164,198.16725000,1
1505323900,21084391,0.17110,450.00000000,0
1505323900,21084389,0.17109,990.83627000,1
1505323899,21084387,0.17100,58.48000000,0
1505323899,21084385,0.17093,44.00000000,0
1505323899,21084384,0.17093,5710.99232000,1
1505323899,21084381,0.17080,4337.16170000,0
1505323898,21084378,0.17078,198.16725000,0
1505323898,21084377,0.17078,990.83627000,0
1505323898,21084376,0.17077,1237.09390000,0
1505323896,21084373,0.17000,10143.01653312,0
1505323896,21084372,0.17000,1620.00000000,0
1505323896,21084371,0.17000,58.82000000,0
1505323885,21084340,0.16981,133.21759996,0
1505323791,21084199,0.16981,30.00530004,0
1505323767,21084162,0.16999,2800.60930060,0
1505323765,21084159,0.16998,1177.23121000,0
1505323740,21084147,0.16999,900.66486263,0
1505323740,21084146,0.16994,635.42187167,0
1505323738,21084143,0.16992,1398.69054000,0
1505323726,21084122,0.16994,3723.58427833,0
1505323725,21084115,0.16992,2146.32820000,0
1505323692,21084034,0.16990,781.79134785,0
1505323690,21084033,0.16926,499.99999974,0
1505323690,21084032,0.16926,0.00000026,1
1505323678,21084026,0.16926,551.38025974,0
1505323556,21083909,0.16926,56.24483049,0
1505323478,21083831,0.16905,3386.10059700,0
1505323469,21083818,0.16905,2532.61152000,0
1505323276,21083566,0.16905,260.08075000,0
1505323275,21083564,0.16905,893.16695598,0
1505323250,21083524,0.16880,2963.96578900,1
1505323221,21083464,0.16880,707.95100100,1
1505323221,21083463,0.16881,1216.52490000,1
1505323221,21083462,0.16900,2862.07350000,1
1505323207,21083432,0.16900,2772.92650000,1
1505323201,21083411,0.16900,265.00000000,1
1505323105,21083319,0.16881,2220.26000000,1
1505323046,21083259,0.16879,2900.00000000,1
1505323046,21083258,0.16879,2704.83972400,1
1505323015,21083223,0.16917,5068.86410119,0
1505323015,21083222,0.16911,1611.58056000,1
1505323014,21083221,0.16905,392.29543330,1
1505323014,21083218,0.16905,298.91223902,0
1505322998,21083151,0.16812,325.17436400,1
1505322969,21083033,0.16905,151.08776098,0
1505322969,21083032,0.16904,2363.88788000,0
1505322969,21083031,0.16879,1390.99457702,0
1505322959,21083016,0.16886,1423.20060000,0
1505322956,21083014,0.16886,306.55200000,0
1505322949,21083011,0.16892,5329.17081829,0
1505322891,21082954,0.16793,593.64487079,0
1505322862,21082915,0.16755,1000.00000000,1
1505322847,21082908,0.16751,1000.00000000,1
1505322814,21082871,0.16765,1632.06050000,1
1505322790,21082839,0.16743,1000.00000000,1
1505322789,21082838,0.16757,4911.10513300,0
1505322789,21082837,0.16757,1220.73330000,1
1505322789,21082836,0.16758,3274.42351400,1
1505322789,21082834,0.16758,2786.90000000,1
1505322765,21082813,0.16903,590.19446252,1
1505322736,21082802,0.16743,900.00000000,1
1505322703,21082755,0.16712,1050.00000000,1
1505322697,21082752,0.16711,1050.00000000,1
1505322684,21082738,0.16722,203.19320701,1
1505322684,21082737,0.16735,829.89782861,1
1505322684,21082736,0.16735,1244.90896438,1
1505322678,21082729,0.16818,258.08157926,1
1505322677,21082725,0.16744,2719.47536126,0
1505322638,21082686,0.16744,1456.38133900,1
1505322633,21082675,0.16743,3615.60408400,1
1505322631,21082671,0.16742,2041.00000000,1
1505322616,21082654,0.16903,5535.54037886,0
1505322616,21082653,0.16903,1470.50331100,1
1505322616,21082651,0.16878,636.96137000,0
1505322615,21082649,0.16848,3184.80685000,0
1505322615,21082648,0.16817,1236.03060000,0
1505322615,21082647,0.16816,639.68025000,1
1505322614,21082644,0.16816,5047.18090000,0
1505322551,21082539,0.16768,708.28973600,1
1505322548,21082531,0.16769,415.48067579,1
1505322540,21082506,0.16882,4550.15057458,0
1505322446,21082336,0.16735,2427.89151000,0
1505322434,21082315,0.16732,1390.59570000,1
1505322418,21082251,0.16727,223.76800000,1
1505322392,21082227,0.16657,1349.00947500,1
1505322392,21082226,0.16659,7138.03159500,0
1505322391,21082225,0.16702,450.00000000,1
1505322391,21082224,0.16708,450.00000000,1
1505322391,21082223,0.16708,450.00000000,1
1505322391,21082222,0.16708,450.00000000,1
1505322391,21082221,0.16708,450.00000000,1
1505322391,21082220,0.16708,450.00000000,1
1505322391,21082219,0.16708,450.00000000,1
1505322390,21082218,0.16708,450.00000000,1
1505322390,21082217,0.16709,40948.82900000,0
1505322390,21082216,0.16709,450.00000000,1
1505322390,21082215,0.16795,1228.26570000,1
1505322389,21082214,0.16800,600.00000000,1
1505322389,21082213,0.16825,2719.47540000,1
1505322389,21082212,0.16826,1879.06653000,1
1505322388,21082211,0.16852,9386.35630000,1
1505322386,21082207,0.16856,7673.96600000,1
1505322301,21081965,0.16986,80.00000000,1
1505322244,21081714,0.16993,500.48478785,0
1505322206,21081629,0.16989,1260.91119000,0
1505322206,21081628,0.16989,199.35279000,0
1505322205,21081627,0.16987,1667.79970000,0
1505322185,21081615,0.16990,1497.97860000,0
1505322185,21081614,0.16989,236.85480000,0
1505322185,21081613,0.16989,1561.43730000,0
1505322185,21081612,0.16969,373.72930000,0
1505322174,21081584,0.16989,881.94840502,1
1505322170,21081560,0.16989,40.62374000,1
1505322156,21081532,0.16989,48.26583000,1
1505322150,21081527,0.16990,2089.21635105,0
1505322150,21081526,0.16990,624.00000000,0
1505322150,21081525,0.16990,17286.78364895,0
1505322143,21081512,0.16989,22.85981395,1
1505322143,21081511,0.16989,34.48572605,1
1505322130,21081468,0.16989,83.92030000,1
1505322123,21081455,0.16989,1066.92476810,1
1505322117,21081438,0.16989,99.70729000,1
1505322104,21081406,0.16989,189.91866000,1
1505322103,21081404,0.16989,1217.70000000,1
1505322101,21081401,0.16989,189.91866000,0
1505322100,21081400,0.16989,189.91866000,0
1505322073,21081353,0.16989,60.00000000,0
1505322020,21081214,0.16990,966.42638281,0
1505322020,21081213,0.16989,236.93306000,0
1505322018,21081207,0.16944,265.00000000,0
1505322001,21081188,0.16895,578.96506967,1
1505322000,21081186,0.16908,0.00000033,1
1505321899,21080961,0.16908,4851.54956200,1
1505321856,21080891,0.16988,322.98275253,0
1505321833,21080863,0.16990,1423.56194924,0
1505321833,21080862,0.16990,14569.14227800,0
1505321832,21080861,0.16990,3009.06189500,0
1505321832,21080860,0.16990,5264.68616600,0
1505321832,21080858,0.16990,1936.21029400,0
1505321832,21080857,0.16990,2103.15012994,0
1505321832,21080856,0.16990,12556.59800000,1
1505321832,21080855,0.16984,58.50199000,0
1505321831,21080854,0.16984,292.50995000,0
1505321831,21080853,0.16933,1479.49790000,0
1505321831,21080852,0.16933,3999.04902857,0
1505321831,21080851,0.16933,1223.57679584,0
1505321829,21080843,0.16909,4381.07175000,0
1505321817,21080812,0.16900,10000.00000000,0
1505321763,21080728,0.16908,230.25779136,0
1505321763,21080727,0.16905,450.00000000,0
1505321763,21080726,0.16904,67.94508000,0
1505321763,21080725,0.16833,1351.79712864,0
1505321755,21080720,0.16833,1648.20287136,0
1505321746,21080706,0.16824,2719.47536119,0
1505321728,21080699,0.16824,950.00000000,0
1505321716,21080693,0.16824,103.61982881,0
1505321696,21080680,0.16824,630.00000000,0
1505321631,21080572,0.16800,970.70679700,1
1505321626,21080569,0.16800,59.52000000,0
1505321556,21080476,0.16779,5862.96447700,0
1505321554,21080474,0.16779,1067.03552300,0
1505321517,21080343,0.16740,2120.58003160,0
1505321418,21080123,0.16740,1166.08118280,0
1505321417,21080120,0.16740,392.91531000,0
1505321345,21079954,0.16740,745.76463560,0
1505321345,21079951,0.16702,450.00000000,0
1505321336,21079928,0.16700,601.00000000,0
1505321336,21079925,0.16699,707.49453000,0
1505321300,21079831,0.16655,4447.81309000,0
1505321300,21079829,0.16652,995.96174634,0
1505321279,21079757,0.16651,984.51761000,0
1505321234,21079623,0.16651,68.99831550,1
1505321227,21079599,0.16652,3992.14598966,0
1505321227,21079598,0.16652,1998.76044801,0
1505321113,21079373,0.16635,419.69964537,0
1505321097,21079365,0.16607,60.03492503,0
1505320712,21079070,0.16571,6864.82306439,0
1505320580,21078891,0.16595,7213.06104248,0
1505320575,21078886,0.16640,6411.68757681,0
1505320575,21078885,0.16600,760.98079517,0
1505320575,21078884,0.16597,1507.31962000,0
1505320574,21078883,0.16554,1463.02854114,0
1505320511,21078831,0.16644,843.29896659,1
1505320511,21078829,0.16600,207.00000000,0
1505320511,21078827,0.16571,140.22827998,0
1505320510,21078826,0.16555,2041.00000000,0
1505320510,21078824,0.16554,1885.99899000,0
1505320510,21078823,0.16543,377.19980000,0
1505320508,21078822,0.16502,147.79420677,0
1505320178,21078522,0.16494,1291.73638899,1
1505320133,21078479,0.16493,5377.31368237,0
1505320130,21078478,0.16494,780.64531763,1
1505320130,21078477,0.16494,538.01123400,0
1505320130,21078476,0.16494,575.51041814,0
1505320128,21078473,0.16494,607.06723657,0
1505319899,21078195,0.16433,1101.37731500,1
1505319898,21078194,0.16439,5272.63330600,1
1505319886,21078159,0.16441,1317.42234500,1
1505319886,21078158,0.16441,1182.57765500,1
1505319859,21078094,0.16502,302.20579323,0
1505319826,21078066,0.16433,639.00000000,0
1505319804,21078044,0.16375,1312.00000000,1
1505319586,21077810,0.16489,1209.83694080,0
1505319581,21077799,0.16490,423.56779867,0
1505319173,21077351,0.16434,346.57817431,1
1505319166,21077348,0.16420,867.36182569,0
1505319164,21077346,0.16420,3037.47326431,0
1505319105,21077309,0.16418,3353.01363608,0
1505318672,21076903,0.16434,712.20824345,1
1505318670,21076900,0.16385,639.00000000,0
1505318410,21076654,0.16300,2317.68517100,1
1505318410,21076653,0.16304,450.00000000,1
1505318409,21076650,0.16350,1269.37480000,0
1505318409,21076649,0.16350,805.00000000,1
1505318409,21076648,0.16351,3934.72780900,1
1505318407,21076647,0.16352,1223.21222000,1
1505318318,21076579,0.16351,1505.21004400,1
1505318317,21076578,0.16351,5439.94285600,1
1505318317,21076577,0.16353,849.17304000,0
1505318317,21076576,0.16357,4245.67406000,0
1505318315,21076573,0.16400,460.00000000,1
1505318264,21076553,0.16510,1203.26622913,1
1505318262,21076551,0.16380,1831.99478369,0
1505318257,21076550,0.16380,1428.97521631,1
1505318217,21076517,0.16381,3777.92582988,1
1505318217,21076515,0.16381,1072.07417012,1
1505318217,21076513,0.16396,356.90104588,1
1505318203,21076491,0.16423,666.61942076,0
1505318203,21076489,0.16422,17554.89126547,0
1505318187,21076469,0.16396,1428.97521600,1
1505318186,21076468,0.16396,2428.07924400,1
1505318186,21076467,0.16396,1226.00126512,1
1505318186,21076465,0.16396,3835.20052288,1
1505318186,21076464,0.16396,1297.56791900,1
1505318186,21076463,0.16396,307.17413512,1
1505318185,21076462,0.16397,1121.80108088,1
1505318185,21076461,0.16397,2735.25337912,1
1505318185,21076460,0.16398,2114.74662088,1
1505318172,21076444,0.16400,2676.85099000,1
1505318172,21076443,0.16400,2114.74662100,1
1505318172,21076442,0.16400,4521.12964100,1
1505318166,21076437,0.16431,333.89836285,0
1505318092,21076349,0.16400,8157.27274800,1
1505318091,21076348,0.16400,1000.00000000,1
1505317905,21076106,0.16460,606.01834751,0
1505317711,21075917,0.16493,604.86612502,0
1505317711,21075916,0.16493,30.24028376,0
1505317698,21075910,0.16398,3325.21085312,1
1505317698,21075909,0.16400,1264.10960000,1
1505317698,21075908,0.16401,696.81348000,1
1505317698,21075906,0.16469,2428.44130000,1
1505317676,21075869,0.16469,2428.44130000,1
1505317674,21075865,0.16470,2428.44130000,1
1505317674,21075864,0.16470,1563.76520000,1
1505317674,21075863,0.16470,864.67610000,1
1505317674,21075862,0.16471,3992.20650000,1
1505317674,21075860,0.16471,294.19696000,1
1505317674,21075858,0.16472,2428.44130000,1
1505317673,21075856,0.16472,2134.24434000,1
1505317672,21075855,0.16472,294.19696000,1
1505317672,21075854,0.16472,2428.44130000,1
1505317672,21075852,0.16472,2134.24434000,1
1505317672,21075851,0.16472,294.19696000,1
1505317672,21075850,0.16472,2428.44130000,1
1505317672,21075849,0.16472,1563.76520000,1
1505317672,21075848,0.16472,864.67610000,1
1505317671,21075847,0.16472,2428.44130000,1
1505317671,21075846,0.16472,1563.76520000,1
1505317664,21075834,0.16472,864.67610000,1
1505317664,21075833,0.16472,2428.44130000,1
1505317664,21075832,0.16472,2428.44130000,1
1505317664,21075831,0.16472,2428.44130000,1
1505317664,21075830,0.16480,1850.00000000,1
1505317650,21075805,0.16489,484.44417490,1
1505317650,21075804,0.16489,1535.29237700,1
1505317581,21075702,0.16489,1500.00000000,1
1505317557,21075649,0.16489,943.13452300,1
1505317556,21075647,0.16490,1350.00000000,1
1505317556,21075646,0.16490,2628.42690000,1
1505317556,21075644,0.16490,604.85539400,1
1505317554,21075643,0.16490,2293.13452300,1
1505317554,21075642,0.16490,1080.43698300,1
1505317554,21075640,0.16490,3978.42690000,1
1505317554,21075639,0.16491,6876.41681700,1
1505317554,21075638,0.16491,1458.96830300,1
1505317554,21075636,0.16503,226.32407400,1
1505317553,21075635,0.16503,223.67592600,1
1505317553,21075634,0.16504,450.00000000,1
1505317553,21075632,0.16504,450.00000000,1
1505317544,21075615,0.16505,450.00000000,1
1505317544,21075614,0.16505,450.00000000,1
1505317544,21075613,0.16505,450.00000000,1
1505317483,21075507,0.16507,6330.00000000,1
1505317461,21075462,0.16571,303.00000000,0
1505317432,21075409,0.16571,826.17367690,0
1505317432,21075407,0.16571,3200.83753312,0
1505317432,21075406,0.16566,178.00000000,0
1505317432,21075405,0.16562,133.00000000,0
1505317431,21075404,0.16561,6631.17900000,0
1505317431,21075402,0.16502,450.00000000,0
1505317404,21075357,0.16488,3978.42687200,0
1505317385,21075337,0.16488,514.46631800,0
1505317385,21075336,0.16450,2428.44127500,0
1505317381,21075329,0.16450,1006.05589500,0
1505317257,21075145,0.16450,1565.50283000,0
1505317255,21075142,0.16405,4515.49717000,0
1505317224,21075096,0.16359,61.78037904,1
1505317221,21075084,0.16380,1428.00000000,0
1505317047,21074806,0.16350,195.00000000,0
1505316954,21074661,0.16350,385.04470948,0
1505316952,21074658,0.16323,851.19429696,0
1505316912,21074582,0.16323,3687.13545304,0
1505316686,21074231,0.16277,4001.79130061,0
1505316446,21073896,0.16221,0.00000048,0
1505316405,21073849,0.16221,1046.17050300,0
1505316242,21073678,0.16221,1613.40338422,1
1505316233,21073643,0.16319,30.56271830,0
1505316211,21073628,0.16311,5622.52991386,0
1505316206,21073626,0.16312,1223.02599313,0
1505316194,21073622,0.16313,1985.59986593,0
1505316194,21073621,0.16313,1988.89900000,0
1505316061,21073386,0.16291,612.26749325,0
1505316052,21073381,0.16258,1289.07909952,0
1505316050,21073380,0.16234,1428.00000000,0
1505315993,21073253,0.16293,153.05744798,0
1505315975,21073214,0.16294,734.63078434,0
1505315905,21072972,0.16226,14798.06947364,1
1505315905,21072971,0.16226,2558.57464400,1
1505315905,21072969,0.16227,1266.21620000,1
1505315778,21072651,0.16322,3654.54386717,0
1505315778,21072648,0.16321,1008.37683000,0
1505315776,21072646,0.16320,7054.76946500,0
1505315756,21072600,0.16321,611.36253906,0
1505315747,21072538,0.16322,510.38849405,0
1505315745,21072536,0.16296,713.03163000,0
1505315680,21072452,0.16308,799.60601857,1
1505315680,21072450,0.16307,242.16625000,0
1505315679,21072449,0.16304,450.00000000,0
1505315679,21072448,0.16262,1522.54623835,0
1505315679,21072445,0.16261,48.43325000,0
1505315677,21072441,0.16240,0.00000024,0
1505315667,21072407,0.16240,2792.76238100,0
1505315666,21072403,0.16238,59.79414000,0
1505315666,21072400,0.16238,298.97068000,0
1505315647,21072341,0.16240,1768.63204876,0
1505315647,21072339,0.16203,5000.00000000,0
1505315646,21072336,0.16198,691.98809408,0
1505315646,21072335,0.16197,514.66333000,0
1505315646,21072334,0.16191,31.00000000,0
1505315646,21072333,0.16190,31.00000000,0
1505315646,21072332,0.16189,102.93267000,0
1505315645,21072331,0.16163,1166.68765716,0
1505315640,21072317,0.16163,333.31234284,0
1505315640,21072315,0.16161,127.07737000,0
1505315567,21072154,0.16122,1380.55717000,0
1505315544,21072062,0.16123,346.72683689,0
1505315544,21072061,0.16122,1324.02933000,0
1505315543,21072055,0.16123,618.68138683,0
1505315532,21072031,0.16123,4435.08424736,0
1505315532,21072029,0.16122,1937.60390000,0
1505315523,21072005,0.16123,15291.65786764,0
1505315522,21072001,0.16123,1669.66662379,0
1505315520,21071995,0.16123,4478.92842523,0
1505315519,21071987,0.16123,6371.21063077,0
1505315518,21071982,0.16123,946.58841407,0
1505315517,21071978,0.16122,781.09877000,1
1505315504,21071952,0.16122,1275.05184000,1
1505315503,21071950,0.16122,1275.05184000,0
1505315485,21071908,0.16123,2452.32330038,0
1505315485,21071906,0.16122,1514.91307000,0
1505315485,21071900,0.16117,887.58693000,0
1505315485,21071897,0.16117,1514.91307000,0
1505315469,21071837,0.16117,500.00000000,0
1505315440,21071731,0.16122,556.81677211,0
1505315382,21071522,0.16008,718.58350000,1
1505315382,21071521,0.16010,1289.71650000,1
1505315307,21071445,0.16161,9757.60586376,0
1505315307,21071444,0.16161,7894.12300000,0
1505315307,21071443,0.16143,5000.00000000,0
1505315307,21071440,0.16133,5000.00000000,0
1505315306,21071439,0.16108,450.00000000,0
1505315306,21071438,0.16086,6129.92300000,0
1505315305,21071437,0.16069,18664.43412783,0
1505315305,21071436,0.16067,170.57865000,0
1505315305,21071435,0.16063,852.89327000,0
1505315304,21071434,0.16000,10143.01653312,1
1505315303,21071433,0.16000,1000.00000000,0
1505315303,21071432,0.16000,3000.00000000,0
1505315303,21071431,0.16000,1937.42555529,0
1505315271,21071396,0.16000,2805.50000000,0
1505315263,21071389,0.16000,2619.74895043,0
1505315261,21071388,0.15998,3615.01542652,0
1505315228,21071356,0.15998,1289.41267541,0
1505315198,21071329,0.15998,100.00000000,0
1505315045,21071088,0.15998,784.23972971,0
1505315045,21071086,0.15997,1486.37850000,0
1505315044,21071084,0.15996,847.09527000,0
1505315031,21071065,0.15996,847.09527238,1
1505315030,21071059,0.15996,3623.50550138,1
1505315029,21071058,0.15996,1765.99425000,0
1505314909,21070835,0.15998,316.61171789,0
1505314908,21070834,0.15997,2079.39911000,0
1505314908,21070832,0.15997,1842.38219667,0
1505314812,21070662,0.15998,446.56307038,0
1505314810,21070660,0.15953,1428.00000000,0
1505314800,21070632,0.15907,202.27293000,1
1505314779,21070617,0.15998,623.51931491,0
1505314770,21070604,0.15997,56.00000000,0
1505314765,21070596,0.15997,50.00000000,1
1505314764,21070595,0.15997,50.00000000,1
1505314749,21070549,0.15998,50.00000000,0
1505314743,21070538,0.15999,1200.00000000,0
1505314740,21070521,0.15999,50.00000000,0
1505314731,21070502,0.15999,746.98418651,0
1505314690,21070439,0.15999,2119.88386774,0
1505314675,21070429,0.16000,20608.70682987,0
1505314675,21070427,0.15999,3274.38006000,0
1505314673,21070422,0.15998,1459.07816512,0
1505314669,21070416,0.15998,2064.46473200,0
1505314658,21070384,0.15998,1129.54790400,0
1505314658,21070382,0.15998,1382.04283000,0
1505314654,21070378,0.15998,5069.04732900,0
1505314654,21070377,0.15997,2265.44996900,0
1505314653,21070376,0.15997,842.21280100,0
1505314653,21070373,0.15997,1892.33723000,0
1505314624,21070332,0.15998,88.00000000,0
1505314623,21070329,0.15998,2057.81903988,0
1505314621,21070327,0.15998,88.00000000,0
1505314615,21070321,0.15998,398.00000000,0
1505314614,21070319,0.15998,88.00000000,0
1505314611,21070314,0.15998,88.00000000,0
1505314607,21070313,0.15998,88.00000000,0
1505314531,21070230,0.15999,2988.64745000,1
1505314530,21070229,0.15999,3890.35255000,0
1505314522,21070202,0.15999,1677.79895000,1
1505314517,21070200,0.15999,4622.20105000,0
1505314496,21070148,0.15999,2158.38490155,0
1505314481,21070103,0.15999,2156.61835109,0
1505314474,21070072,0.16000,7029.24934800,0
1505314469,21070060,0.15997,642.18100589,0
1505314463,21070046,0.15997,642.97165587,0
1505314458,21070031,0.15998,2539.47660000,0
1505314447,21069969,0.15997,3073.67671000,0
1505314389,21069798,0.15972,618.28894315,0
1505314379,21069772,0.15975,100.00000000,0
1505314379,21069771,0.15974,62.44559910,0
1505314290,21069615,0.15836,3750.16440300,0
1505314290,21069614,0.15841,32.00000000,1
1505314290,21069613,0.15841,5834.12503000,0
1505314290,21069612,0.15850,32.00000000,1
1505314289,21069611,0.15851,32.00000000,1
1505314289,21069610,0.15861,32.00000000,1
1505314289,21069609,0.15861,5721.22093000,0
1505314289,21069608,0.15871,32.00000000,1
1505314288,21069607,0.15881,32.00000000,1
1505314288,21069606,0.15891,32.00000000,1
1505314288,21069605,0.15892,1158.70700000,1
1505314288,21069604,0.15900,100.00000000,1
1505314287,21069603,0.15901,32.00000000,1
1505314287,21069602,0.15903,5791.58282000,1
1505314287,21069599,0.15911,32.00000000,1
1505314287,21069597,0.15915,450.00000000,1
1505314286,21069596,0.15921,32.00000000,1
1505314286,21069595,0.15931,32.00000000,1
1505314286,21069594,0.15938,3519.19981700,1
1505314285,21069592,0.15939,2500.00000000,1
1505314264,21069556,0.15938,376.41000000,1
1505314259,21069546,0.15938,665.78461300,1
1505314259,21069545,0.15941,32.00000000,1
1505314259,21069543,0.15944,1732.10000000,1
1505314259,21069542,0.15951,32.00000000,1
1505314259,21069541,0.15961,32.00000000,1
1505314259,21069539,0.15971,32.00000000,1
1505314259,21069538,0.15981,32.00000000,1
1505314200,21069435,0.15999,62.34802175,0
1505314198,21069433,0.15999,100.00000000,0
1505314193,21069430,0.15990,100.00000000,0
1505314188,21069423,0.15990,100.00000000,0
1505314184,21069418,0.15990,100.00000000,0
1505314181,21069408,0.16000,896.92921500,0
1505314181,21069407,0.15991,4802.93872000,0
1505314178,21069406,0.15991,100.00000000,0
1505314170,21069392,0.16000,2595.60898562,0
1505314170,21069391,0.15991,1768.00000000,0
1505314131,21069336,0.15991,100.00000000,0
1505314115,21069309,0.15991,100.00000000,0
1505314110,21069306,0.15991,32.00000000,1
1505314061,21069229,0.15999,32.00000000,0
1505314059,21069227,0.15999,32.00000000,0
1505314059,21069226,0.15992,32.00000000,1
1505314059,21069225,0.15993,32.00000000,1
1505314059,21069224,0.15994,32.00000000,1
1505314059,21069222,0.15995,32.00000000,1
1505314058,21069221,0.15996,32.00000000,1
1505314058,21069220,0.15997,32.00000000,1
1505314058,21069218,0.15998,32.00000000,1
1505314058,21069214,0.15999,32.00000000,0
1505314057,21069213,0.15999,623.48034252,0
1505314053,21069205,0.15999,32.00000000,0
1505314052,21069204,0.15999,32.00000000,0
1505314036,21069179,0.15999,31.00000000,0
1505313976,21069109,0.15999,32.00000000,0
1505313974,21069103,0.15999,32.00000000,0
1505313972,21069102,0.15999,32.00000000,0
1505313971,21069100,0.16000,32.00000000,0
1505313964,21069093,0.16000,32.00000000,0
1505313942,21069073,0.16000,623.50356250,0
1505313936,21069055,0.16000,6466.91111000,0
1505313933,21069052,0.16001,32.00000000,1
1505313917,21069037,0.16002,1741.85323500,1
1505313900,21068985,0.15941,32.00000000,1
1505313900,21068983,0.15950,4200.00000000,1
1505313900,21068980,0.15951,32.00000000,1
1505313900,21068979,0.15961,32.00000000,1
1505313900,21068977,0.15971,32.00000000,1
1505313900,21068974,0.15981,32.00000000,1
1505313900,21068972,0.15991,32.00000000,1
1505313888,21068949,0.16002,1282.75770000,1
1505313888,21068948,0.16013,0.00003812,1
1505313888,21068947,0.16014,3417.89240000,1
1505313888,21068946,0.16014,3417.89240000,1
1505313888,21068944,0.16014,3417.89240000,1
1505313887,21068943,0.16015,2528.21182600,1
1505313876,21068927,0.16000,3417.89236188,0
1505313865,21068898,0.16066,32.00000000,0
1505313859,21068888,0.16000,3307.23180936,0
1505313858,21068887,0.16000,2641.00000000,0
1505313857,21068884,0.16000,776.89236188,0
1505313857,21068882,0.16000,0.00001312,0
1505313845,21068864,0.16000,844.15660000,0
1505313833,21068853,0.16000,9155.84338688,0
1505313812,21068824,0.16003,2527.91952000,1
1505313810,21068821,0.15966,3515.09266624,0
1505313810,21068820,0.15971,32.00000000,1
1505313809,21068819,0.15972,4334.90514000,1
1505313809,21068818,0.15981,32.00000000,1
1505313809,21068817,0.15991,32.00000000,1
1505313808,21068816,0.16000,500.00000000,1
1505313808,21068815,0.16001,32.00000000,1
1505313808,21068814,0.16011,32.00000000,1
1505313806,21068811,0.16012,2704.59302076,1
1505313802,21068803,0.16021,32.00000000,1
1505313791,21068788,0.16069,32.00000000,0
1505313768,21068761,0.16069,310.34911942,0
1505313758,21068747,0.16069,993.21675275,0
1505313732,21068699,0.16068,3777.53821259,0
1505313730,21068695,0.16031,2436.00000000,0
1505313715,21068644,0.16022,460.72706278,0
1505313682,21068588,0.16022,32.00000000,0
1505313668,21068571,0.16022,32.00000000,0
1505313666,21068568,0.16031,32.00000000,0
1505313665,21068566,0.16031,32.00000000,1
1505313662,21068555,0.16041,32.00000000,0
1505313660,21068546,0.16041,32.00000000,0
1505313655,21068499,0.16041,32.00000000,0
1505313652,21068466,0.16041,32.00000000,0
1505313650,21068462,0.16041,32.00000000,0
1505313649,21068458,0.16041,32.00000000,0
1505313648,21068457,0.16041,32.00000000,0
1505313647,21068455,0.16041,32.00000000,0
1505313646,21068452,0.16041,32.00000000,0
1505313645,21068449,0.16041,32.00000000,0
1505313643,21068445,0.16041,32.00000000,0
1505313639,21068436,0.16041,32.00000000,0
1505313634,21068413,0.16041,32.00000000,0
1505313627,21068376,0.16041,32.00000000,1
1505313627,21068375,0.16051,32.00000000,1
1505313627,21068374,0.16061,32.00000000,1
1505313615,21068314,0.16069,31.00000000,0
1505313610,21068281,0.16069,31.00000000,0
1505313606,21068252,0.16071,32.00000000,1
1505313603,21068232,0.16122,31.00000000,0
1505313600,21068213,0.16081,32.00000000,1
1505313600,21068212,0.16091,32.00000000,1
1505313600,21068210,0.16101,32.00000000,1
1505313600,21068209,0.16111,32.00000000,1
1505313600,21068206,0.16121,32.00000000,1
1505313598,21068184,0.16123,31.00000000,0
1505313592,21068139,0.16123,31.00000000,0
1505313583,21067984,0.16123,31.00000000,0
1505313576,21067923,0.16125,31.00000000,0
1505313569,21067850,0.16127,31.00000000,0
1505313564,21067795,0.16129,31.00000000,0
1505313559,21067768,0.16129,31.00000000,0
1505313556,21067747,0.16129,31.00000000,0
1505313534,21067706,0.16132,32.00000000,0
1505313528,21067697,0.16132,32.00000000,0
1505313518,21067668,0.16131,32.00000000,0
1505313514,21067652,0.16126,32.00000000,0
1505313505,21067622,0.16127,32.00000000,0
1505313500,21067610,0.16127,32.00000000,0
1505313491,21067601,0.16129,32.00000000,0
1505313489,21067599,0.16129,32.00000000,0
1505313487,21067597,0.16129,32.00000000,0
1505313483,21067589,0.16132,32.00000000,0
1505313478,21067586,0.16132,32.00000000,0
1505313465,21067577,0.16133,32.00000000,0
1505313463,21067572,0.16131,32.00000000,1
1505313459,21067568,0.16133,400.00000000,1
1505313458,21067566,0.16135,32.00000000,0
1505313454,21067561,0.16135,32.00000000,0
1505313449,21067558,0.16136,32.00000000,0
1505313409,21067509,0.16140,3100.74540043,0
1505313383,21067410,0.16143,6179.14886700,0
1505313375,21067396,0.16065,61.81516477,1
1505313358,21067384,0.16141,30.90279413,0
1505313336,21067349,0.16136,30.91236986,0
1505313315,21067336,0.16138,1576.87140889,0
1505313301,21067324,0.16141,108.00000000,1
1505313284,21067303,0.16012,12821.04854000,0
1505313284,21067302,0.16012,15084.95146000,1
1505313254,21067274,0.16143,3871.18312860,0
1505313252,21067268,0.16141,2308.18975000,0
1505312988,21066928,0.16144,200.00000000,0
1505312943,21066866,0.16146,61.78037904,0
1505312941,21066865,0.16150,1316.51052879,0
1505312941,21066864,0.16149,4967.22738000,0
1505312939,21066863,0.16108,450.00000000,0
1505312938,21066862,0.16021,10143.01653312,1
1505312927,21066858,0.16019,450.00000000,1
1505312918,21066847,0.15712,24759.64291592,1
1505312918,21066839,0.15721,32.00000000,1
1505312918,21066831,0.15724,450.00000000,1
1505312917,21066821,0.15731,32.00000000,1
1505312917,21066812,0.15741,32.00000000,1
1505312917,21066800,0.15750,200.00000000,1
1505312917,21066798,0.15750,50.00000000,1
1505312917,21066796,0.15750,3685.74666666,1
1505312917,21066794,0.15750,1308.40333333,1
1505312916,21066790,0.15751,32.00000000,1
1505312916,21066788,0.15761,32.00000000,1
1505312916,21066787,0.15767,572.47620111,1
1505312915,21066786,0.15770,316.26700000,1
1505312915,21066785,0.15770,2870.85987271,0
1505312915,21066784,0.15771,32.00000000,1
1505312915,21066783,0.15774,5000.00000000,1
1505312914,21066781,0.15781,32.00000000,1
1505312914,21066780,0.15789,1947.24392931,1
1505312914,21066779,0.15791,1266.81910000,1
1505312914,21066778,0.15791,631.88198000,1
1505312914,21066777,0.15915,450.00000000,1
1505312913,21066774,0.16000,10143.01653312,0
1505312913,21066773,0.16000,2783.37055954,0
1505312913,21066772,0.16001,801.00000000,0
1505312912,21066769,0.16019,1594.33353930,0
1505312911,21066768,0.16019,4538.32975000,1
1505312869,21066725,0.16141,123.59903352,0
1505312860,21066716,0.16144,12357.60939049,0
1505312849,21066706,0.16108,450.00000000,0
1505312838,21066686,0.16000,10143.01653312,0
1505312838,21066681,0.15787,7000.00000000,1
1505312838,21066679,0.15787,1200.00000000,1
1505312838,21066678,0.15787,5000.00000000,1
1505312837,21066676,0.15787,17219.48403766,1
1505312837,21066675,0.15788,2572.13326200,1
1505312837,21066674,0.15791,32.00000000,1
1505312837,21066673,0.15791,1145.35943999,0
1505312836,21066670,0.15800,10000.00000000,1
1505312836,21066669,0.15800,10000.00000000,1
1505312836,21066667,0.15800,100.00000000,1
1505312836,21066666,0.15800,3000.00000000,1
1505312836,21066663,0.15801,32.00000000,1
1505312836,21066662,0.15801,5000.00000000,1
1505312836,21066661,0.15801,3027.71591053,0
1505312835,21066660,0.15809,325.00000000,1
1505312835,21066659,0.15811,32.00000000,1
1505312835,21066656,0.15821,32.00000000,1
1505312835,21066655,0.15821,400.48694619,0
1505312834,21066652,0.15825,2907.57903715,1
1505312834,21066651,0.15826,5076.10199400,1
1505312834,21066650,0.15831,32.00000000,1
1505312833,21066648,0.15841,32.00000000,1
1505312833,21066646,0.15851,32.00000000,1
1505312833,21066644,0.15861,32.00000000,1
1505312833,21066643,0.15871,32.00000000,1
1505312832,21066642,0.15881,32.00000000,1
1505312832,21066641,0.15891,32.00000000,1
1505312832,21066640,0.15891,3701.09462345,0
1505312832,21066639,0.15900,7920.02452830,1
1505312831,21066638,0.15900,703.83349056,1
1505312831,21066637,0.15901,32.00000000,1
1505312831,21066636,0.15901,4905.59768700,1
1505312831,21066635,0.15910,1920.74921433,1
1505312830,21066632,0.15911,32.00000000,1
1505312830,21066631,0.15911,964.06987809,0
1505312830,21066630,0.15915,450.00000000,1
1505312830,21066627,0.15921,32.00000000,1
1505312830,21066624,0.15921,1611.74910244,0
1505312829,21066621,0.15931,32.00000000,1
1505312829,21066620,0.15931,21915.00000000,1
1505312829,21066619,0.15941,32.00000000,1
1505312829,21066618,0.15951,32.00000000,1
1505312828,21066617,0.15961,32.00000000,1
1505312828,21066616,0.15971,32.00000000,1
1505312828,21066615,0.15981,32.00000000,1
1505312828,21066614,0.15991,32.00000000,1
1505312827,21066613,0.15991,10143.01653312,0
1505312827,21066612,0.16000,100.00000000,1
1505312827,21066611,0.16000,50.00000000,1
1505312827,21066610,0.16000,6230.00000000,1
1505312827,21066609,0.16000,400.00000000,1
1505312826,21066608,0.16001,32.00000000,1
1505312826,21066607,0.16001,5000.00000000,1
1505312826,21066605,0.16002,5075.44701300,1
1505312826,21066604,0.16002,119.69703787,1
1505312826,21066601,0.16011,32.00000000,1
1505312825,21066600,0.16021,32.00000000,1
1505312825,21066599,0.16021,773.02223000,0
1505312825,21066598,0.16031,32.00000000,1
1505312825,21066597,0.16041,32.00000000,1
1505312825,21066596,0.16041,3865.53970000,0
1505312824,21066593,0.16046,3160.65410000,1
1505312824,21066591,0.16051,32.00000000,1
1505312824,21066590,0.16051,4366.14706432,0
1505312823,21066589,0.16061,32.00000000,1
1505312823,21066588,0.16071,32.00000000,1
1505312823,21066587,0.16081,32.00000000,1
1505312822,21066586,0.16091,32.00000000,1
1505312822,21066585,0.16100,4515.49717000,1
1505312822,21066584,0.16100,50.00000000,1
1505312822,21066583,0.16100,50.00000000,1
1505312821,21066582,0.16101,250.00000000,1
1505312821,21066581,0.16101,32.00000000,1
1505312772,21066548,0.16102,836.00000000,1
1505312772,21066547,0.16108,450.00000000,1
1505312770,21066544,0.16111,32.00000000,1
1505312750,21066508,0.16150,5370.26124000,0
1505312749,21066507,0.16145,4629.73876000,0
1505312602,21066331,0.16172,803.80881716,0
1505312578,21066297,0.16112,605.83729000,0
1505312571,21066274,0.16121,32.00000000,1
1505312570,21066270,0.16131,31.00000000,1
1505312570,21066269,0.16141,31.00000000,1
1505312518,21066030,0.16150,564.51542742,1
1505312518,21066029,0.16150,327.64189758,1
1505312515,21066018,0.16150,2222.68457300,1
1505312515,21066017,0.16151,31.00000000,1
1505312515,21066016,0.16161,31.00000000,1
1505312515,21066015,0.16171,31.00000000,1
1505312486,21065912,0.16181,31.00000000,1
1505312486,21065910,0.16181,1878.30460300,1
1505312468,21065866,0.16181,2614.58858700,1
1505312468,21065865,0.16191,31.00000000,1
1505312465,21065857,0.16200,252.18050592,1
1505312465,21065855,0.16200,691.85111000,1
1505312458,21065833,0.16200,161.69761545,1
1505312457,21065830,0.16200,348.25000000,1
1505312456,21065824,0.16200,338.95146750,1
1505312447,21065793,0.16231,1493.00000000,0
1505312436,21065769,0.16200,1909.30460300,1
1505312432,21065760,0.16200,1302.19280006,1
1505312432,21065759,0.16200,50.00000000,1
1505312432,21065758,0.16201,31.00000000,1
1505312432,21065757,0.16207,2571.70038994,1
1505312427,21065735,0.16262,291.80122973,1
1505312426,21065727,0.16262,1231.64172799,1
1505312424,21065716,0.16262,1234.12410612,1
1505312423,21065709,0.16262,660.43761021,1
1505312422,21065694,0.16262,1238.60582891,1
1505312420,21065684,0.16262,600.00000000,1
1505312413,21065655,0.16207,430.65100000,1
1505312409,21065632,0.16207,1875.81000000,1
1505312406,21065625,0.16207,5579.65561200,1
1505312406,21065622,0.16207,25709.04716000,1
1505312406,21065620,0.16207,5085.56508600,1
1505312406,21065618,0.16207,10000.00000000,1
1505312405,21065616,0.16207,189.74286000,1
1505312405,21065613,0.16208,2661.26612000,1
1505312405,21065612,0.16208,7058.05352000,1
1505312405,21065611,0.16208,1610.82288000,1
1505312398,21065591,0.16262,2930.67700000,0
1505312394,21065578,0.16207,10000.00000000,1
1505312393,21065573,0.16208,289.08313000,1
1505312391,21065563,0.16330,7698.06201500,0
1505312390,21065561,0.16329,1279.81320000,0
1505312387,21065547,0.16264,3779.60364300,0
1505312387,21065546,0.16264,11642.33890800,0
1505312386,21065542,0.16263,2041.08698800,0
1505312385,21065529,0.16208,1712.76548399,1
1505312375,21065485,0.16208,536.62435985,1
1505312374,21065483,0.16264,3081.18898200,0
1505312374,21065482,0.16263,5905.34673900,0
1505312371,21065468,0.16207,1234.25320070,1
1505312370,21065456,0.16207,1244.78146552,1
1505312368,21065448,0.16207,2353.48749649,1
1505312367,21065440,0.16207,1556.35718285,1
1505312366,21065436,0.16207,72950.22392000,1
1505312366,21065433,0.16208,4826.77608000,1
1505312350,21065364,0.16207,70921.65021200,1
1505312350,21065362,0.16208,5333.76905000,1
1505312350,21065360,0.16208,150.00000000,1
1505312328,21065308,0.16274,1372.94000000,0
1505312257,21065048,0.16208,788.24973800,1
1505312257,21065045,0.16211,31.00000000,1
1505312257,21065042,0.16221,31.00000000,1
1505312247,21065001,0.16231,31.00000000,1
1505312247,21065000,0.16237,133.00000000,1
1505312247,21064999,0.16241,31.00000000,1
1505312246,21064998,0.16251,31.00000000,1
1505312246,21064997,0.16261,31.00000000,1
1505312246,21064996,0.16271,31.00000000,1
1505312241,21064988,0.16296,1325.36000000,0
1505312210,21064914,0.16312,373.15198173,0
1505312210,21064913,0.16312,2072.83870000,0
1505312202,21064891,0.16314,763.23800000,0
1505312082,21064487,0.16272,5219.42713900,1
1505312065,21064427,0.16281,31.00000000,1
1505312065,21064426,0.16291,31.00000000,1
1505312065,21064425,0.16300,31.00000000,1
1505312065,21064424,0.16300,7938.67186100,1
1505312065,21064423,0.16301,31.00000000,1
1505312055,21064394,0.16350,1340.67380000,0
1505312055,21064393,0.16349,1709.32620000,0
1505312027,21064355,0.16304,334.39290000,1
1505312027,21064354,0.16305,934.98435000,1
1505311786,21063973,0.16350,1818.22000000,0
1505311761,21063957,0.16350,0.78839122,0
1505311761,21063956,0.16341,525.57260878,0
1505311734,21063929,0.16341,63.91218408,0
1505311724,21063908,0.16341,410.51520714,0
1505311722,21063907,0.16320,0.00000544,0
1505311633,21063803,0.16320,255.64181100,0
1505311628,21063791,0.16320,1389.35000000,0
1505311620,21063773,0.16320,1389.35000000,0
1505311605,21063751,0.16320,825.14301471,0
1505311575,21063726,0.16320,302.55238971,0
1505311432,21063565,0.16320,1528.04258578,0
1505311359,21063534,0.16320,2017.21746324,0
1505311307,21063504,0.16320,2537.10068700,0
1505311256,21063452,0.16320,50632.42486000,0
1505311255,21063451,0.16319,1077.88514000,0
1505311251,21063445,0.16320,100.00000000,0
1505311249,21063444,0.16320,636.64200000,0
1505311247,21063440,0.16320,1.92439000,0
1505311247,21063439,0.16319,1280.65561000,0
1505311232,21063420,0.16320,818.72700000,0
1505311232,21063418,0.16320,5626.33272500,0
1505311232,21063417,0.16319,1521.57102000,0
1505311211,21063384,0.16319,561.09303000,0
1505311211,21063382,0.16310,1493.00000000,0
1505311150,21063250,0.16319,1040.87260248,0
1505311127,21063235,0.16319,305.59470555,0
1505311108,21063200,0.16319,36.67522520,0
1505311071,21063162,0.16316,427.87477322,1
1505311044,21063121,0.16320,253.40416600,0
1505311044,21063118,0.16320,1683.93535714,0
1505311044,21063117,0.16319,519.47012832,0
1505311042,21063111,0.16319,1654.08430168,1
1505311038,21063102,0.16319,180.66031942,0
1505311033,21063089,0.16319,1653.96263800,0
1505311029,21063075,0.16319,402.69086258,1
1505311016,21063013,0.16319,2658.19464000,1
1505311012,21062988,0.16320,19090.27398600,0
1505311011,21062986,0.16320,1948.36000000,0
1505311009,21062969,0.16320,958.85400000,0
1505311006,21062951,0.16320,6650.58743500,0
1505311006,21062949,0.16320,3158.25106000,0
1505311006,21062946,0.16320,6866.81759300,0
1505311006,21062945,0.16319,3158.25106000,0
1505310870,21062733,0.16320,6112.17052696,0
1505310824,21062672,0.16320,3409.40007200,0
1505310824,21062671,0.16319,3752.37750000,0
1505310808,21062640,0.16320,2532.45856479,0
1505310808,21062639,0.16315,327.01912300,0
1505310807,21062638,0.16315,1619.99392300,0
1505310807,21062636,0.16315,2007.84584400,0
1505310801,21062618,0.16316,3056.41460232,0
1505310715,21062509,0.16350,4883.27805597,1
1505310715,21062506,0.16350,5872.36789900,1
1505310715,21062504,0.16350,6474.12309700,1
1505310713,21062501,0.16350,6469.13883793,1
1505310712,21062498,0.16350,6464.25045872,1
1505310612,21062398,0.16300,2061.32813900,1
1505310612,21062397,0.16300,88.51000000,1
1505310611,21062395,0.16321,4740.12163000,1
1505310611,21062394,0.16321,1762.90300000,1
1505310552,21062335,0.16320,1500.00000000,1
1505310552,21062332,0.16320,6248.51122900,1
1505310515,21062285,0.16320,4266.44814559,1
1505310310,21062037,0.16312,147.43044300,1
1505310310,21062034,0.16313,1278.46510000,1
1505310220,21061742,0.16306,7787.46449000,1
1505310210,21061718,0.16360,609.71882640,0
1505310188,21061633,0.16306,1311.71265100,1
1505310150,21061577,0.16385,465.88578462,1
1505310150,21061576,0.16326,1887.44349000,0
1505310150,21061575,0.16326,2121.80273800,0
1505310148,21061573,0.16325,2855.10000000,0
1505310093,21061465,0.16327,92.28137441,1
1505310093,21061459,0.16426,1316.88674953,1
1505310092,21061458,0.16426,826.77454000,1
1505310092,21061457,0.16426,1886.67781453,1
1505310092,21061456,0.16426,4133.87268000,1
1505310092,21061455,0.16426,328.19044411,1
1505310092,21061453,0.16396,1247.07260000,0
1505310091,21061452,0.16348,315.25275277,0
1505310091,21061451,0.16348,1646.89847100,1
1505310091,21061450,0.16348,6239.80133100,1
1505310091,21061449,0.16334,4133.87268000,0
1505310089,21061445,0.16326,328.06964352,0
1505310089,21061444,0.16326,14259.04300000,0
1505310057,21061409,0.16302,259.28809900,1
1505310053,21061405,0.16347,327.52774000,0
1505310025,21061327,0.16302,1286.00000000,0
1505310000,21061302,0.16208,1155.96217000,1
1505309999,21061300,0.16345,327.02802000,0
1505309962,21061225,0.16348,0.00005875,1
1505309962,21061219,0.16348,315.47339125,1
1505309919,21061156,0.16251,3328.53890000,1
1505309858,21061105,0.16250,1672.92667800,1
1505309857,21061104,0.16250,7014.16753900,1
1505309857,21061103,0.16250,3150.35124400,1
1505309857,21061102,0.16251,3529.19091000,1
1505309856,21061098,0.16250,4413.33755400,0
1505309781,21061009,0.16250,600.00000000,0
1505309597,21060770,0.16250,2000.00000000,1
1505309585,21060760,0.16319,30.94552613,0
1505309496,21060658,0.16274,4220.89770800,1
1505309496,21060657,0.16274,779.10229200,1
1505309386,21060508,0.16315,3056.83445697,0
1505309255,21060307,0.16207,2719.86861000,1
1505309255,21060306,0.16208,1266.47620500,1
1505309254,21060305,0.16208,3703.47690500,1
1505309254,21060304,0.16209,2967.41190000,1
1505309247,21060299,0.16277,429.43793800,1
1505309226,21060287,0.16296,1101.81099656,0
1505309222,21060282,0.16298,612.00454016,0
1505309196,21060252,0.16277,3313.40545200,1
1505309191,21060230,0.16214,5866.35581818,1
1505309191,21060229,0.16215,2661.40030000,1
1505309191,21060228,0.16215,9636.16666000,1
1505309190,21060225,0.16277,0.00008582,1
1505309169,21060211,0.16277,177.93174418,1
1505309141,21060175,0.16276,3190.63880000,0
1505309123,21060112,0.16288,9186.26811149,0
1505309111,21060089,0.16207,18779.37502900,1
1505309105,21060086,0.16208,500.00000000,1
1505309105,21060084,0.16208,1269.28920000,1
1505309016,21059929,0.16207,3190.84057000,1
1505309006,21059896,0.16207,1651.54396400,1
1505309006,21059894,0.16207,1658.13020000,1
1505309002,21059858,0.16207,3677.67359400,1
1505309001,21059853,0.16207,6445.27812100,1
1505309000,21059846,0.16207,19676.77198100,1
1505309000,21059843,0.16207,4333.83182500,1
1505308996,21059820,0.16207,624.00000000,1
1505308995,21059816,0.16207,19676.77198100,1
1505308995,21059815,0.16207,14569.14227800,1
1505308991,21059789,0.16207,3009.06189500,1
1505308988,21059776,0.16207,5264.68616600,1
1505308988,21059775,0.16207,1936.21029400,1
1505308983,21059748,0.16217,1896.62980000,1
1505308928,21059405,0.16383,1059.42794360,0
1505308927,21059396,0.16208,77777.00000000,1
1505308927,21059395,0.16208,2085.06759700,1
1505308925,21059382,0.16208,23788.71983000,1
1505308925,21059376,0.16208,1366.66747900,1
1505308924,21059366,0.16209,700.48576000,1
1505308924,21059363,0.16209,670.78547100,1
1505308924,21059359,0.16209,2834.81299900,1
1505308924,21059356,0.16210,2079.37752700,1
1505308923,21059348,0.16210,1050.62247300,1
1505308923,21059345,0.16212,1695.53671400,1
1505308923,21059337,0.16212,1942.83898600,1
1505308911,21059220,0.16384,1217.65893555,0
1505308866,21059028,0.16339,130.03782361,0
1505308844,21058936,0.16288,3982.07896000,1
1505308797,21058752,0.16280,2855.10000000,1
1505308790,21058700,0.16278,3352.99000000,1
1505308790,21058699,0.16304,450.00000000,1
1505308776,21058545,0.16543,180.29033428,0
1505308765,21058422,0.16593,406.35906707,1
1505308765,21058416,0.16546,1253.72310000,0
1505308763,21058396,0.16502,450.00000000,0
1505308762,21058389,0.16401,233.00000000,1
1505308759,21058372,0.16495,4727.68097922,0
1505308759,21058371,0.16495,202.73382078,0
1505308757,21058368,0.16207,2103.15012994,1
1505308757,21058367,0.16241,178.00000000,1
1505308757,21058366,0.16263,4470.23949000,1
1505308756,21058365,0.16304,450.00000000,1
1505308756,21058364,0.16393,1658.15488318,1
1505308756,21058363,0.16400,200.00000000,1
1505308756,21058361,0.16402,1083.47203000,1
1505308756,21058360,0.16495,7387.54863822,1
1505308756,21058359,0.16500,5100.00000000,1
1505308756,21058358,0.16502,1251.59680000,1
1505308755,21058357,0.16502,2546.17868100,1
1505308753,21058353,0.16502,1633.27900900,1
1505308747,21058332,0.16502,1231.99010000,1
1505308724,21058267,0.16507,1204.38929093,1
1505308717,21058237,0.16506,427.60767510,1
1505308716,21058229,0.16507,1237.18040000,1
1505308692,21057999,0.16505,12408.81364000,1
1505308691,21057997,0.16505,5100.00000000,1
1505308691,21057995,0.16505,7387.54863800,1
1505308691,21057993,0.16505,2485.14916000,1
1505308691,21057989,0.16505,1858.15488300,1
1505308690,21057979,0.16505,12382.89438800,1
1505308690,21057973,0.16505,3557.37994400,1
1505308690,21057970,0.16510,1239.96090000,1
1505308647,21057840,0.16511,6183.99628000,1
1505308647,21057839,0.16512,12565.97102000,1
1505308647,21057838,0.16513,1250.03270000,1
1505308557,21057682,0.16537,1539.43230000,1
1505308557,21057680,0.16537,1244.56770000,1
1505308510,21057598,0.16639,200.00000000,0
1505308432,21057491,0.16596,998.63740022,0
1505308399,21057456,0.16588,2105.92401000,1
1505308379,21057428,0.16588,944.68358000,0
1505308364,21057389,0.16502,1000.00000000,1
1505308360,21057377,0.16501,1770.49856230,1
1505308358,21057373,0.16502,1408.29020000,1
1505308345,21057348,0.16591,107526.11430177,0
1505308345,21057347,0.16590,7126.30100000,0
1505308345,21057346,0.16589,6072.54639100,0
1505308338,21057323,0.16592,200.00000000,0
1505308327,21057301,0.16504,1000.00000000,1
1505308313,21057282,0.16506,1000.00000000,1
1505308312,21057280,0.16594,601.12462336,0
1505308308,21057265,0.16594,57.31764493,0
1505308305,21057250,0.16595,150.27206990,0
1505308303,21057246,0.16546,0.00000019,0
1505308301,21057243,0.16548,2166.42204481,1
1505308287,21057205,0.16548,1360.41856970,1
1505308287,21057202,0.16550,360.03599930,1
1505308281,21057193,0.16550,764.03867070,1
1505308281,21057192,0.16550,235.96132930,1
1505308278,21057191,0.16599,7230.00000000,0
1505308277,21057188,0.16550,1000.00000000,1
1505308275,21057187,0.16551,277.17147001,1
1505308274,21057186,0.16551,722.82852999,1
1505308271,21057177,0.16551,1000.00000000,1
1505308250,21057156,0.16598,258.38855422,0
1505308220,21057033,0.16600,2400.00000000,1
1505308208,21056994,0.16604,3788.08382855,1
1505308206,21056988,0.16560,146.26933936,0
1505308205,21056986,0.16560,1255.59820000,1
1505308205,21056985,0.16604,12.13246064,1
1505308184,21056905,0.16604,987.86753936,1
1505308184,21056903,0.16645,0.00000016,1
1505308178,21056886,0.16648,1000.00000000,0
1505308145,21056789,0.16652,3001.23955199,0
1505308145,21056788,0.16652,10.89226400,0
1505308143,21056781,0.16651,1158.64045000,0
1505308143,21056780,0.16651,1813.72474000,0
1505308120,21056702,0.16645,2043.81891400,1
1505308114,21056674,0.16634,956.18108584,0
1505308088,21056591,0.16634,956.85045000,1
1505308075,21056521,0.16632,1781.63214900,0
1505308063,21056479,0.16632,538.59885000,1
1505308059,21056464,0.16635,402.31607000,0
1505308047,21056434,0.16632,661.40115000,1
1505308047,21056432,0.16634,538.59885000,1
1505308036,21056388,0.16632,989.58946609,0
1505308027,21056362,0.16651,5502.60614173,0
1505308027,21056359,0.16637,488.80623000,0
1505308027,21056358,0.16636,368.54438477,0
1505308025,21056349,0.16554,49.00000000,1
1505308004,21056272,0.16558,1045.56913800,1
1505308001,21056255,0.16557,7912.37278800,0
1505307999,21056246,0.16552,1532.51355300,0
1505307987,21056222,0.16553,284.22109618,1
1505307987,21056219,0.16571,368.54444481,1
1505307981,21056196,0.16552,1046.28778400,0
1505307976,21056173,0.16639,224.81489193,0
1505307976,21056170,0.16639,3192.81725719,0
1505307975,21056167,0.16639,224.81493000,0
1505307975,21056165,0.16638,770.58455000,0
1505307975,21056160,0.16572,1247.72940000,0
1505307975,21056158,0.16571,363.88283367,0
1505307974,21056150,0.16571,1247.72927821,0
1505307972,21056138,0.16571,2858.62737812,0
1505307972,21056137,0.16549,1124.07467000,0
1505307972,21056135,0.16548,6160.31448500,0
1505307970,21056118,0.16502,450.00000000,0
1505307925,21055917,0.16496,766.46347556,0
1505307919,21055892,0.16496,599.90530464,1
1505307916,21055841,0.16495,784.52799161,1
1505307915,21055837,0.16488,4492.89319000,0
1505307915,21055836,0.16479,1167.28434217,0
1505307915,21055835,0.16477,6167.74583800,0
1505307913,21055830,0.16477,129.09116000,0
1505307875,21055656,0.16478,623.57925719,1
1505307873,21055650,0.16400,0.00000017,0
1505307871,21055637,0.16400,999.99999800,0
1505307864,21055623,0.16408,0.00000183,1
1505307854,21055594,0.16433,1214.14227469,1
1505307853,21055590,0.16480,8737.38853155,0
1505307853,21055588,0.16479,662.50694000,0
1505307852,21055586,0.16468,1167.34337344,1
1505307852,21055580,0.16468,4063.31717000,1
1505307852,21055576,0.16468,227.25857581,1
1505307851,21055575,0.16468,3312.53468000,0
1505307814,21055448,0.16433,607.01028418,0
1505307807,21055418,0.16432,1615.00000000,0
1505307806,21055413,0.16408,168.46999817,1
1505307806,21055412,0.16415,0.00012183,1
1505307806,21055411,0.16416,207.00000000,1
1505307804,21055402,0.16433,6071.95776791,0
1505307794,21055386,0.16443,181.99343186,0
1505307770,21055324,0.16468,5824.74903564,1
1505307769,21055323,0.16466,8216.15539743,0
1505307769,21055322,0.16466,468.52433443,1
1505307769,21055321,0.16466,0.48140506,1
1505307769,21055319,0.16466,272.92602939,1
1505307768,21055311,0.16466,1201.48360257,0
1505307768,21055309,0.16450,466.50806008,1
1505307766,21055299,0.16450,150.00000000,0
1505307734,21055236,0.16416,2402.89850846,0
1505307722,21055179,0.16415,999.99987817,1
1505307718,21055169,0.16409,1208.48888859,0
1505307716,21055163,0.16408,6341.45739600,0
1505307712,21055154,0.16407,3977.20675000,1
1505307712,21055151,0.16407,6008.08751500,1
1505307712,21055149,0.16407,2872.61657500,1
1505307711,21055148,0.16407,2551.64177200,1
1505307699,21055111,0.16407,6419.45568900,1
1505307698,21055105,0.16405,1222.14404596,0
1505307668,21055045,0.16389,6519.86902400,1
1505307658,21055013,0.16387,6613.73454500,0
1505307638,21054984,0.16405,3293.35312404,0
1505307636,21054980,0.16387,6710.35370300,0
1505307611,21054930,0.16358,1286.00000000,0
1505307504,21054645,0.16323,527.45447746,0
1505307475,21054575,0.16323,31.00000000,0
1505307464,21054558,0.16323,32.00000000,0
1505307451,21054507,0.16323,3355.45830000,0
1505307414,21054424,0.16304,3209.84295100,1
1505307376,21054360,0.16322,2304.97482330,1
1505307374,21054355,0.16319,6863.31694400,0
1505307371,21054349,0.16323,592.41697254,0
1505307371,21054348,0.16320,2306.58302697,0
1505307371,21054347,0.16308,101.00000000,0
1505307371,21054346,0.16300,0.00000049,0
1505307370,21054345,0.16300,5601.53544451,1
1505307358,21054307,0.16320,693.41697303,0
1505307356,21054306,0.16304,284.80949461,0
1505307345,21054285,0.16304,73.41799558,0
1505307314,21054227,0.16304,91.77250981,0
1505307311,21054216,0.16267,1299.45105855,0
1505307305,21054188,0.16267,1475.36800000,0
1505307264,21054068,0.16267,3781.77595745,0
1505307229,21053978,0.16267,900.00000000,0
1505307215,21053954,0.16240,1076.21126856,0
1505307210,21053943,0.16239,1492.44700000,1
1505307210,21053941,0.16240,1997.78873153,0
1505307206,21053923,0.16240,126.00000000,0
1505307188,21053886,0.16222,1636.62234567,0
1505307175,21053851,0.16222,1185.77075000,0
1505307164,21053824,0.16212,246.00000000,1
1505307163,21053822,0.16213,1264.86620000,1
1505307162,21053818,0.16222,513.00000000,0
1505307149,21053795,0.16222,150.69060000,0
1505307140,21053769,0.16221,1727.61495200,1
1505307140,21053768,0.16221,1102.62476000,1
1505307136,21053761,0.16222,150.69060000,0
1505307135,21053756,0.16221,195.53570000,1
1505307125,21053736,0.16221,1049.54530000,1
1505307124,21053733,0.16222,559.36688361,0
1505307119,21053720,0.16222,5073.71292072,0
1505307118,21053716,0.16222,730.14590000,0
1505307117,21053715,0.16221,7274.11873000,0
1505307107,21053705,0.16220,3799.56870000,1
1505307106,21053704,0.16220,99.98474000,1
1505307105,21053694,0.16221,513.00000000,0
1505307096,21053688,0.16220,2243.78600000,1
1505307089,21053680,0.16220,75.26995000,1
1505307076,21053643,0.16212,850.54530000,1
1505307065,21053622,0.16211,199.00000000,1
1505307043,21053593,0.16210,2926.97400000,0
1505307032,21053578,0.16213,1255.52900000,1
1505307006,21053532,0.16207,1853.06399000,1
1505306965,21053481,0.16208,150.00000000,0
1505306963,21053475,0.16209,100.00000000,0
1505306901,21053411,0.16216,307.56851258,0
1505306872,21053359,0.16139,2074.49226862,1
1505306872,21053358,0.16140,14797.20663000,1
1505306872,21053357,0.16220,3895.53884093,1
1505306859,21053348,0.16220,150.00000000,0
1505306852,21053337,0.16220,2551.98258212,0
1505306849,21053334,0.16220,150.00000000,0
1505306821,21053277,0.16202,2462.91994815,0
1505306801,21053245,0.16220,2308.81265026,0
1505306799,21053241,0.16213,79.84267000,0
1505306788,21053203,0.16221,3074.73713088,0
1505306761,21053134,0.16240,3247.47897151,1
1505306761,21053133,0.16240,14914.14933700,1
1505306761,21053132,0.16240,7457.07466800,1
1505306760,21053130,0.16240,1579.90849300,1
1505306760,21053129,0.16240,1579.76552200,1
1505306760,21053127,0.16240,390.84659655,1
1505306758,21053124,0.16240,4082.00793903,0
1505306758,21053122,0.16131,5898.54795376,1
1505306757,21053121,0.16239,78.32626359,1
1505306757,21053119,0.16239,894.19540954,1
1505306756,21053115,0.16239,10.30356241,0
1505306756,21053114,0.16239,2580.17371759,0
1505306730,21053073,0.16240,122.84556650,0
1505306729,21053071,0.16240,356.54092447,0
1505306729,21053070,0.16200,4000.00000000,0
1505306729,21053069,0.16193,639.62402000,0
1505306728,21053068,0.16129,3.83505553,0
1505306728,21053065,0.16129,346.36939674,0
1505306726,21053053,0.16128,1198.12009000,1
1505306725,21053052,0.16128,2000.00000000,1
1505306722,21053042,0.16129,2741.68764773,0
1505306722,21053040,0.16129,3091.89210000,0
1505306722,21053039,0.16129,689.91694227,0
1505306722,21053038,0.16128,3799.74665000,0
1505306710,21053012,0.16128,340.50666071,0
1505306710,21053011,0.16118,9.69779129,0
1505306694,21052939,0.16118,990.30220871,0
1505306677,21052911,0.16126,314.63087659,0
1505306677,21052908,0.16124,1648.94916723,0
1505306638,21052786,0.16017,1594.70165000,1
1505306638,21052784,0.16019,3277.29835000,1
1505306637,21052782,0.16020,32.00000000,1
1505306637,21052781,0.16030,32.00000000,1
1505306637,21052780,0.16040,32.00000000,1
1505306635,21052777,0.16050,32.00000000,1
1505306608,21052706,0.16012,178.05048900,1
1505306608,21052705,0.16020,32.00000000,1
1505306567,21052505,0.16122,2365.94424159,1
1505306567,21052504,0.16122,2643.59851000,0
1505306566,21052503,0.16121,3.79480241,0
1505306561,21052490,0.16121,105.19998759,0
1505306549,21052427,0.16122,3341.44088823,0
1505306544,21052420,0.16121,794.19666200,1
1505306527,21052364,0.16126,1269.13650000,1
1505306516,21052327,0.16126,11078.00783000,1
1505306515,21052322,0.16121,3379.65757000,0
1505306507,21052297,0.16122,618.72360749,0
1505306503,21052284,0.16123,32.00000000,0
1505306493,21052255,0.16126,32.00000000,0
1505306476,21052187,0.16126,32.00000000,0
1505306472,21052178,0.16011,2327.52501500,0
1505306471,21052177,0.16012,1274.29990000,1
1505306452,21052154,0.16126,1855.69887138,0
1505306439,21052135,0.16126,3178.78876237,0
1505306417,21052075,0.16129,2401.97515773,0
1505306417,21052074,0.16129,3091.89210000,0
1505306416,21052073,0.16128,968.85841000,0
1505306416,21052072,0.16108,450.00000000,0
1505306416,21052069,0.16104,4844.29206000,0
1505306414,21052064,0.16086,207.00000000,0
1505306410,21052056,0.16053,1116.00000000,0
1505306400,21052037,0.16014,1084.61179000,1
1505306267,21051738,0.16000,10143.01653312,0
1505306254,21051692,0.15985,1808.85320900,1
1505306254,21051691,0.15985,5600.00000000,1
1505306253,21051688,0.15985,2791.36881400,1
1505306253,21051686,0.15986,1715.13481000,1
1505306247,21051655,0.16000,351.00000000,0
1505306239,21051630,0.16000,10143.01653312,0
1505306237,21051623,0.15985,2808.63118600,1
1505306237,21051622,0.15985,5600.00000000,1
1505306237,21051621,0.15985,5600.00000000,1
1505306237,21051619,0.15985,5600.00000000,1
1505306237,21051616,0.15985,2686.30000000,1
1505306236,21051614,0.15997,4431.27920000,1
1505306236,21051612,0.15997,4431.27920000,1
1505306236,21051611,0.15997,4431.27920000,1
1505306236,21051610,0.15998,5600.00000000,1
1505306236,21051609,0.16000,22908.36547500,1
1505306236,21051608,0.16001,881.02969000,1
1505306236,21051607,0.16002,1276.75620000,1
1505306226,21051554,0.16002,1043.74406190,1
1505306199,21051427,0.16000,10143.01653312,0
1505306198,21051417,0.15999,376.26996500,1
1505306198,21051416,0.16001,1380.20392800,1
1505306198,21051415,0.16001,2098.51201200,1
1505306189,21051362,0.15998,2533.08092758,0
1505306187,21051358,0.16000,9466.91907242,0
1505306186,21051350,0.16001,2500.00000000,1
1505306156,21051218,0.16002,221.31374122,1
1505306153,21051204,0.16000,1299.11906250,1
1505306153,21051203,0.16001,1257.61150000,1
1505306133,21051085,0.15999,1150.62953500,1
1505306130,21051078,0.16083,7442.64129826,0
1505306124,21051051,0.16000,4410.18850992,0
1505306124,21051050,0.16000,150.00000000,0
1505306124,21051049,0.16000,5439.81149008,0
1505306112,21050997,0.15999,503.44002646,0
1505306111,21050993,0.15999,1870.44109007,0
1505306109,21050976,0.15985,2913.70000000,1
1505306106,21050941,0.15980,5600.00000000,0
1505306101,21050922,0.15979,0.00003000,0
1505306101,21050920,0.15979,8355.19630000,0
1505306095,21050901,0.15911,328.18067469,0
1505306095,21050900,0.15911,1286.38532531,0
1505306094,21050895,0.15911,1259.08750000,1
1505306076,21050868,0.15979,1274.30339821,0
1505306066,21050842,0.15979,162.30777896,0
1505306054,21050769,0.15979,62.42605920,0
1505306048,21050729,0.15978,3000.00000000,0
1505305995,21050509,0.15978,31.21498310,0
1505305979,21050488,0.15934,4744.97537000,0
1505305971,21050484,0.15901,94.40231300,1
1505305971,21050483,0.15902,4086.12917000,1
1505305970,21050482,0.15927,678.44660000,1
1505305970,21050481,0.15931,678.44660000,1
1505305970,21050480,0.15932,678.44660000,1
1505305970,21050479,0.15932,678.44660000,1
1505305970,21050478,0.15932,678.44660000,1
1505305969,21050477,0.15933,678.44660000,1
1505305969,21050476,0.15934,678.44660000,1
1505305969,21050475,0.15934,678.44660000,1
1505305967,21050473,0.15935,1200.00000000,1
1505305967,21050472,0.15935,1291.02790000,1
1505305916,21050386,0.15996,32.00000000,0
1505305910,21050381,0.15996,870.92436190,0
1505305908,21050379,0.15980,1830.00000000,0
1505305905,21050376,0.15980,170.00000000,0
1505305653,21049823,0.15841,550.44655871,0
1505305653,21049822,0.15850,32.00000000,1
1505305652,21049820,0.15860,32.00000000,1
1505305652,21049818,0.15870,32.00000000,1
1505305652,21049815,0.15880,32.00000000,1
1505305650,21049809,0.15921,341.53202539,1
1505305636,21049776,0.15921,2158.46797461,1
1505305548,21049562,0.15998,402.63299742,0
1505305532,21049541,0.15962,32.00000000,0
1505305526,21049518,0.15970,32.00000000,1
1505305525,21049511,0.15971,32.00000000,0
1505305521,21049481,0.15975,32.00000000,0
1505305517,21049466,0.15977,32.00000000,0
1505305513,21049450,0.15979,32.00000000,0
1505305506,21049432,0.15881,214.81222200,1
1505305506,21049431,0.15940,32.00000000,1
1505305506,21049429,0.15950,32.00000000,1
1505305491,21049386,0.15994,457.95242103,0
1505305489,21049383,0.15890,32.00000000,1
1505305489,21049381,0.15900,32.00000000,1
1505305489,21049378,0.15910,32.00000000,1
1505305488,21049377,0.15920,32.00000000,1
1505305488,21049376,0.15930,32.00000000,1
1505305488,21049375,0.15943,4077.65163000,1
1505305483,21049363,0.15999,536.90037000,0
1505305482,21049361,0.15995,4663.09963000,0
1505305478,21049359,0.15943,3052.09916822,0
1505305478,21049357,0.15941,2057.27652300,0
1505305475,21049338,0.15943,2500.00000000,0
1505305474,21049337,0.15942,2139.67477430,1
1505305474,21049334,0.15942,910.83117300,1
1505305473,21049329,0.15944,2500.00000000,1
1505305464,21049301,0.15946,6526.40169000,1
1505305464,21049300,0.15946,2500.00000000,1
1505305464,21049299,0.15998,2944.57029000,1
1505305459,21049287,0.16000,3324.47876000,0
1505305427,21049141,0.15946,1243.04971500,1
1505305427,21049140,0.15971,729.37228000,1
1505305427,21049139,0.15973,0.00000500,1
1505305420,21049129,0.15973,312.11080000,0
1505305420,21049128,0.15973,312.11080000,0
1505305420,21049127,0.15973,312.11080000,0
1505305420,21049124,0.15973,74.08379500,0
1505305412,21049105,0.15945,100.00000000,1
1505305409,21049092,0.15973,238.02700500,0
1505305409,21049090,0.15973,312.11080000,0
1505305409,21049088,0.15973,312.11080000,0
1505305409,21049086,0.15973,312.11080000,0
1505305409,21049083,0.15973,312.11080000,0
1505305409,21049081,0.15973,312.11080000,0
1505305409,21049079,0.15972,312.11080000,0
1505305409,21049077,0.15972,312.11080000,0
1505305398,21049041,0.15942,3346.86140000,0
1505305393,21049033,0.15942,300.00000000,0
1505305390,21049024,0.15938,1719.16559217,0
1505305389,21049019,0.15940,355.57400000,0
1505305384,21048979,0.15944,1718.94995522,0
1505305382,21048960,0.15944,1314.37000000,0
1505305380,21048955,0.15825,757.29839225,1
1505305380,21048954,0.15825,1114.14471975,1
1505305380,21048953,0.15826,3714.86389000,1
1505305380,21048952,0.15854,1481.47049000,1
1505305377,21048940,0.15854,1018.52951000,1
1505305374,21048931,0.15863,324.46351000,1
1505305372,21048925,0.15825,1659.75899735,0
1505305371,21048920,0.15848,32.00000000,1
1505305371,21048919,0.15849,32.00000000,1
1505305362,21048863,0.15850,32.00000000,1
1505305361,21048862,0.15855,32.00000000,1
1505305361,21048861,0.15856,32.00000000,1
1505305361,21048860,0.15857,32.00000000,1
1505305361,21048858,0.15858,32.00000000,1
1505305361,21048856,0.15859,32.00000000,1
1505305357,21048842,0.15860,32.00000000,1
1505305356,21048841,0.15861,32.00000000,1
1505305356,21048840,0.15862,32.00000000,1
1505305356,21048839,0.15863,32.00000000,1
1505305356,21048838,0.15864,32.00000000,1
1505305356,21048836,0.15865,32.00000000,1
1505305356,21048835,0.15899,15.76649000,1
1505305345,21048792,0.15947,32.00000000,0
1505305343,21048772,0.15899,9500.00000000,1
1505305221,21048192,0.15854,4304.79175600,1
1505305221,21048190,0.15900,32.00000000,1
1505305212,21048155,0.15936,31.38820657,1
1505305209,21048133,0.15900,3816.69684452,1
1505305208,21048131,0.15900,32.00000000,1
1505305208,21048129,0.15900,1000.00000000,1
1505305208,21048127,0.15900,100.00000000,1
1505305208,21048126,0.15900,50.00000000,1
1505305208,21048124,0.15902,3883.71940000,1
1505305206,21048111,0.15947,3901.00000000,0
1505305206,21048110,0.15924,754.00000000,0
1505305205,21048106,0.15924,32.00000000,0
1505305205,21048103,0.15901,3068.41560100,1
1505305205,21048102,0.15915,450.00000000,1
1505305205,21048101,0.15917,32.00000000,1
1505305205,21048098,0.15918,32.00000000,1
1505305205,21048097,0.15919,32.00000000,1
1505305204,21048095,0.15920,32.00000000,1
1505305204,21048093,0.15921,32.00000000,1
1505305204,21048088,0.15922,32.00000000,1
1505305204,21048086,0.15923,626.00000000,1
1505305204,21048083,0.15923,32.00000000,1
1505305203,21048082,0.15924,2875.66110000,1
1505305203,21048081,0.15924,754.00000000,1
1505305203,21048080,0.15924,32.00000000,1
1505305194,21048055,0.15986,311.99368197,1
1505305194,21048054,0.15986,1247.89666604,0
1505305108,21047823,0.15917,140.13333739,1
1505305107,21047822,0.15918,2500.00000000,0
1505305107,21047820,0.15950,32.00000000,1
1505305107,21047819,0.15950,32.00000000,1
1505305107,21047816,0.15950,221.45125391,1
1505305105,21047769,0.15951,32.00000000,1
1505305066,21047643,0.15999,100.00000000,0
1505304956,21047395,0.15991,9122.18854246,0
1505304955,21047390,0.15959,32.00000000,1
1505304955,21047389,0.15960,32.00000000,1
1505304955,21047388,0.15961,32.00000000,1
1505304955,21047386,0.15962,32.00000000,1
1505304955,21047385,0.15963,32.00000000,1
1505304955,21047384,0.15964,32.00000000,1
1505304955,21047383,0.15965,32.00000000,1
1505304955,21047382,0.15966,32.00000000,1
1505304955,21047381,0.15967,32.00000000,1
1505304954,21047379,0.15968,32.00000000,1
1505304954,21047378,0.15969,32.00000000,1
1505304954,21047377,0.15970,32.00000000,1
1505304954,21047376,0.15971,32.00000000,1
1505304954,21047375,0.15972,32.00000000,1
1505304954,21047373,0.15973,32.00000000,1
1505304954,21047372,0.15974,32.00000000,1
1505304954,21047371,0.15975,32.00000000,1
1505304954,21047370,0.15976,32.00000000,1
1505304953,21047368,0.15977,32.00000000,1
1505304953,21047366,0.15978,32.00000000,1
1505304953,21047364,0.15979,32.00000000,1
1505304953,21047363,0.15980,32.00000000,1
1505304953,21047361,0.15981,32.00000000,1
1505304953,21047359,0.15982,32.00000000,1
1505304953,21047358,0.15983,32.00000000,1
1505304927,21047284,0.15997,162.12514847,0
1505304919,21047257,0.15999,32.00000000,0
1505304915,21047243,0.16000,3397.90897000,0
1505304914,21047236,0.15999,3270.14744700,0
1505304911,21047202,0.16000,32.00000000,0
1505304910,21047193,0.16001,550.00000000,1
1505304910,21047189,0.16003,4174.76378000,1
1505304910,21047186,0.16004,3081.03700000,1
1505304889,21047014,0.16000,11.17200934,1
1505304865,21046924,0.15998,20.82799066,0
1505304860,21046910,0.15998,32.00000000,0
1505304857,21046905,0.15998,32.00000000,0
1505304852,21046890,0.15998,32.00000000,0
1505304845,21046834,0.15998,61.17200934,1
1505304844,21046829,0.15998,338.82799066,1
1505304841,21046825,0.15998,1100.00000000,1
1505304792,21046603,0.15996,623.59727432,0
1505304786,21046579,0.15996,32.00000000,0
1505304779,21046551,0.15996,32.00000000,0
1505304775,21046527,0.15996,32.00000000,0
1505304773,21046513,0.15994,32.00000000,1
1505304773,21046512,0.15995,32.00000000,1
1505304765,21046468,0.15996,32.00000000,1
1505304763,21046458,0.15997,32.00000000,1
1505304762,21046452,0.15998,32.00000000,1
1505304762,21046451,0.15998,1500.00000000,1
1505304762,21046449,0.16000,1032.00000000,1
1505304761,21046448,0.15999,32.00000000,1
1505304761,21046447,0.15999,0.00000031,1
1505304761,21046446,0.15999,999.99999969,1
1505304761,21046445,0.16000,32.00000000,1
1505304761,21046443,0.16000,0.00000031,1
1505304760,21046442,0.16000,99.99999969,1
1505304760,21046440,0.16000,1000.00000000,1
1505304760,21046439,0.16000,302.00000000,1
1505304760,21046437,0.16000,200.00000000,1
1505304760,21046436,0.16000,50.00000000,1
1505304760,21046434,0.16000,1000.00000000,1
1505304760,21046433,0.16000,32.00000000,1
1505304760,21046432,0.16000,61.80121231,1
1505304759,21046431,0.16001,32.00000000,1
1505304759,21046430,0.16001,2105.57570000,1
1505304759,21046429,0.16001,32.00000000,1
1505304759,21046426,0.16004,32.00000000,1
1505304759,21046425,0.16005,32.00000000,1
1505304759,21046424,0.16006,32.00000000,1
1505304759,21046422,0.16007,32.00000000,1
1505304759,21046421,0.16008,32.00000000,1
1505304739,21046355,0.16001,1127.95904262,1
1505304739,21046353,0.16002,32.00000000,1
1505304739,21046352,0.16003,32.00000000,1
1505304709,21046169,0.16000,1430.91000000,1
1505304706,21046148,0.16000,7.28878769,1
1505304706,21046146,0.16000,300.00000000,1
1505304706,21046144,0.16000,344.00000000,1
1505304706,21046143,0.16000,280.00000000,1
1505304706,21046142,0.16000,450.29488851,1
1505304705,21046133,0.16000,98.25669700,1
1505304704,21046126,0.16001,2033.48270000,1
1505304702,21046119,0.16000,1951.44841449,1
1505304702,21046118,0.16000,6388.55158551,1
1505304699,21046113,0.16050,621.49919003,0
1505304691,21046076,0.16000,3611.44841449,1
1505304691,21046072,0.16000,62.28140625,1
1505304691,21046069,0.16000,325.30719000,1
1505304691,21046066,0.16000,200.00000000,1
1505304690,21046064,0.16000,1000.00000000,1
1505304690,21046063,0.16000,400.00000000,1
1505304690,21046059,0.16000,11093.93750000,1
1505304690,21046057,0.16000,1000.00000000,1
1505304690,21046055,0.16000,100.00000000,1
1505304690,21046054,0.16000,471.06937500,1
1505304690,21046052,0.16000,903.40611426,1
1505304683,21045976,0.16000,331.68591699,1
1505304683,21045974,0.16000,5000.00000000,1
1505304683,21045972,0.16000,10000.00000000,1
1505304683,21045969,0.16000,2774.42552758,1
1505304683,21045965,0.16002,1917.76470000,1
1505304683,21045962,0.16012,32.00000000,1
1505304683,21045960,0.16013,32.00000000,1
1505304656,21045799,0.16000,15928.69947242,1
1505304656,21045797,0.16000,10927.11606890,1
1505304656,21045796,0.16001,201.11243047,1
1505304656,21045795,0.16001,32.00000000,1
1505304656,21045793,0.16002,2692.68920000,1
1505304656,21045792,0.16002,32.00000000,1
1505304655,21045791,0.16004,462.38282821,1
1505304655,21045790,0.16005,32.00000000,1
1505304655,21045789,0.16006,32.00000000,1
1505304655,21045788,0.16007,32.00000000,1
1505304655,21045787,0.16008,32.00000000,1
1505304655,21045786,0.16009,32.00000000,1
1505304655,21045785,0.16010,32.00000000,1
1505304655,21045783,0.16011,32.00000000,1
1505304622,21045655,0.16002,1091.95495550,0
1505304622,21045653,0.16003,1945.43401000,1
1505304622,21045652,0.16003,32.00000000,1
1505304621,21045650,0.16004,32.00000000,1
1505304620,21045648,0.16004,2496.92300000,1
1505304603,21045550,0.16001,690.49151521,0
1505304602,21045548,0.16004,601.11761949,1
1505304584,21045424,0.16000,10482.87792816,1
1505304584,21045423,0.16005,688.49768298,1
1505304584,21045422,0.16005,1932.07772185,1
1505304584,21045421,0.16006,2592.99250000,1
1505304584,21045420,0.16006,2053.57380000,1
1505304555,21045326,0.16018,93.41110001,0
1505304554,21045318,0.16005,500.00000000,1
1505304466,21045175,0.16012,154.37722872,1
1505304465,21045174,0.16024,48.50000000,1
1505304391,21045025,0.16024,1000.00000000,1
1505304354,21044966,0.16099,32.00000000,0
1505304349,21044960,0.16021,232.00000000,0
1505304347,21044956,0.16050,68.00000000,1
1505304337,21044938,0.16099,309.57326542,0
1505304256,21044786,0.16005,2386.23087306,0
1505304255,21044783,0.16005,2104.27521800,0
1505304255,21044782,0.16005,1608.33971728,0
1505304251,21044773,0.16005,1391.85337900,0
1505304250,21044767,0.16005,1584.42671266,0
1505304249,21044765,0.16006,2500.00000000,1
1505304249,21044764,0.16007,3424.87410000,1
1505304202,21044683,0.16000,10000.00000000,1
1505304202,21044681,0.16000,73.53740918,1
1505304201,21044680,0.16000,311.72069825,1
1505304201,21044678,0.16000,45.00000000,1
1505304201,21044677,0.16000,496.00000000,1
1505304201,21044676,0.16000,200.00000000,1
1505304201,21044675,0.16000,100.00000000,1
1505304201,21044673,0.16000,1418.74189257,1
1505304201,21044672,0.16000,303.66906000,1
1505304201,21044671,0.16001,696.33094000,1
1505304201,21044670,0.16001,2480.00000000,1
1505304188,21044662,0.16135,3091.12556554,0
1505304185,21044658,0.16000,8277.58904743,1
1505304185,21044657,0.16000,625.00000000,1
1505304185,21044656,0.16000,620.00000000,1
1505304185,21044655,0.16000,100.00000000,1
1505304184,21044654,0.16000,315.02296875,1
1505304184,21044653,0.16000,26000.00000000,1
1505304184,21044652,0.16000,483.00000000,1
1505304184,21044651,0.16000,1000.00000000,1
1505304184,21044650,0.16000,500.00000000,1
1505304184,21044649,0.16000,12500.00000000,1
1505304184,21044648,0.16000,635.00000000,1
1505304184,21044646,0.16000,1650.00000000,1
1505304184,21044645,0.16000,6250.00000000,1
1505304183,21044644,0.16000,50.00000000,1
1505304183,21044643,0.16000,3000.00000000,1
1505304183,21044641,0.16000,20000.00000000,1
1505304183,21044639,0.16000,33.00000000,1
1505304183,21044637,0.16000,850.00000000,1
1505304183,21044636,0.16000,2900.00000000,1
1505304183,21044635,0.16000,250.00000000,1
1505304183,21044634,0.16004,3182.30113000,1
1505304183,21044633,0.16005,8135.80797000,1
1505304182,21044632,0.16006,2672.83550000,1
1505304179,21044626,0.16004,533.00002047,1
1505304154,21044567,0.16098,1353.45989100,0
1505304094,21044308,0.16099,5451.59320000,0
1505304094,21044307,0.16098,4548.40680000,0
1505304093,21044303,0.16007,800.00000000,1
1505304051,21044099,0.16133,310.00000000,0
1505304015,21043971,0.16158,1976.11282336,0
1505304013,21043965,0.16080,1116.00000000,0
1505304001,21043911,0.16001,709.86865956,1
1505304000,21043910,0.16001,32.00000000,1
1505304000,21043909,0.16001,190.94697206,1
1505304000,21043907,0.16001,183.18435838,1
1505303994,21043882,0.16001,1292.48930000,1
1505303994,21043881,0.16002,3707.51070000,1
1505303987,21043840,0.16001,1000.00000000,1
1505303977,21043777,0.16001,1319.08445400,1
1505303977,21043775,0.16114,680.91554600,1
1505303974,21043755,0.16114,946.77585400,1
1505303974,21043753,0.16115,103.22414600,1
1505303974,21043746,0.16115,1171.04225400,1
1505303973,21043741,0.16001,2505.24188762,1
1505303973,21043737,0.16010,100.00000000,1
1505303973,21043735,0.16010,500.00000000,1
1505303973,21043734,0.16010,2000.00000000,1
1505303972,21043732,0.16014,622.89246908,1
1505303972,21043731,0.16020,100.00000000,1
1505303972,21043730,0.16020,100.00000000,1
1505303972,21043729,0.16020,200.00000000,1
1505303972,21043728,0.16020,6818.31548730,1
1505303972,21043727,0.16030,100.00000000,1
1505303972,21043726,0.16030,100.00000000,1
1505303972,21043725,0.16030,200.00000000,1
1505303972,21043724,0.16036,1000.00000000,1
1505303971,21043723,0.16040,100.00000000,1
1505303971,21043721,0.16040,100.00000000,1
1505303971,21043719,0.16049,10000.00000000,1
1505303971,21043715,0.16050,100.00000000,1
1505303971,21043713,0.16050,100.00000000,1
1505303971,21043711,0.16050,32.00000000,1
1505303971,21043710,0.16060,100.00000000,1
1505303971,21043709,0.16060,150.00000000,1
1505303970,21043708,0.16070,100.00000000,1
1505303970,21043707,0.16071,32.00000000,1
1505303970,21043706,0.16072,32.00000000,1
1505303970,21043705,0.16073,32.00000000,1
1505303970,21043704,0.16074,32.00000000,1
1505303970,21043703,0.16075,32.00000000,1
1505303970,21043702,0.16076,32.00000000,1
1505303970,21043701,0.16077,32.00000000,1
1505303970,21043699,0.16078,32.00000000,1
1505303969,21043698,0.16079,32.00000000,1
1505303969,21043696,0.16080,100.00000000,1
1505303969,21043695,0.16081,32.00000000,1
1505303969,21043694,0.16082,32.00000000,1
1505303969,21043693,0.16083,32.00000000,1
1505303969,21043691,0.16084,32.00000000,1
1505303969,21043690,0.16085,32.00000000,1
1505303969,21043689,0.16086,32.00000000,1
1505303968,21043688,0.16087,32.00000000,1
1505303968,21043687,0.16088,32.00000000,1
1505303968,21043685,0.16089,32.00000000,1
1505303968,21043684,0.16090,100.00000000,1
1505303968,21043683,0.16091,32.00000000,1
1505303968,21043682,0.16092,32.00000000,1
1505303968,21043681,0.16093,32.00000000,1
1505303968,21043680,0.16094,32.00000000,1
1505303968,21043679,0.16095,32.00000000,1
1505303967,21043678,0.16096,32.00000000,1
1505303967,21043677,0.16097,32.00000000,1
1505303967,21043676,0.16098,32.00000000,1
1505303967,21043675,0.16099,32.00000000,1
1505303967,21043674,0.16100,32.00000000,1
1505303967,21043673,0.16100,150.00000000,1
1505303967,21043672,0.16100,4724.06104600,1
1505303967,21043671,0.16101,32.00000000,1
1505303966,21043670,0.16102,32.00000000,1
1505303966,21043669,0.16103,32.00000000,1
1505303966,21043668,0.16104,32.00000000,1
1505303966,21043667,0.16105,32.00000000,1
1505303966,21043666,0.16106,32.00000000,1
1505303966,21043665,0.16107,32.00000000,1
1505303966,21043664,0.16108,32.00000000,1
1505303966,21043663,0.16108,450.00000000,1
1505303966,21043662,0.16109,32.00000000,1
1505303966,21043661,0.16110,32.00000000,1
1505303965,21043660,0.16111,32.00000000,1
1505303965,21043659,0.16112,32.00000000,1
1505303965,21043658,0.16113,32.00000000,1
1505303965,21043657,0.16113,2683.48911000,1
1505303965,21043656,0.16114,32.00000000,1
1505303965,21043655,0.16115,32.00000000,1
1505303965,21043654,0.16116,32.00000000,1
1505303965,21043652,0.16117,32.00000000,1
1505303965,21043650,0.16118,32.00000000,1
1505303964,21043649,0.16119,32.00000000,1
1505303964,21043648,0.16120,32.00000000,1
1505303964,21043647,0.16121,32.00000000,1
1505303964,21043646,0.16122,32.00000000,1
1505303964,21043645,0.16123,32.00000000,1
1505303964,21043644,0.16124,32.00000000,1
1505303902,21043534,0.16141,1913.70000000,1
1505303895,21043527,0.16141,1000.00000000,1
1505303837,21043314,0.16210,50.51000000,0
1505303789,21043246,0.16210,31.00000000,0
1505303786,21043240,0.16213,31.00000000,0
1505303781,21043233,0.16216,31.00000000,1
1505303781,21043232,0.16216,31.00000000,1
1505303774,21043229,0.16216,31.00000000,1
1505303766,21043222,0.16207,31.00000000,0
1505303759,21043218,0.16207,32.00000000,0
1505303753,21043211,0.16208,148.59000000,0
1505303752,21043207,0.16131,51.41000000,0
1505303685,21043078,0.16179,1281.08199983,1
1505303684,21043076,0.16183,0.00000017,1
1505303684,21043075,0.16183,4110.14770200,1
1505303684,21043072,0.16183,1178.26484800,1
1505303649,21042930,0.16183,4711.58744983,1
1505303649,21042929,0.16185,3553.51304000,1
1505303649,21042928,0.16191,675.95590017,1
1505303649,21042926,0.16192,1280.84830000,1
1505303649,21042925,0.16193,2778.09531000,1
1505303637,21042910,0.16280,2757.23464373,0
1505303612,21042893,0.16191,599.32500000,1
1505303612,21042891,0.16192,1650.67500000,1
1505303573,21042821,0.16192,1282.03210000,1
1505303538,21042762,0.16191,2276.98250000,1
1505303537,21042761,0.16192,1275.28090000,1
1505303492,21042696,0.16114,3932.13716000,1
1505303491,21042695,0.16150,31.00000000,1
1505303491,21042694,0.16151,836.43646000,1
1505303491,21042693,0.16172,207.00000000,1
1505303490,21042692,0.16180,4179.60072000,1
1505303490,21042691,0.16182,1487.81170000,1
1505303490,21042689,0.16183,2500.00000000,1
1505303488,21042681,0.16191,310.00000000,1
1505303417,21042608,0.16305,1223.55866299,0
1505303362,21042537,0.16186,340.54000000,1
1505303327,21042478,0.16194,969.00000000,0
1505303320,21042472,0.16200,31.00000000,1
1505303305,21042458,0.16194,1660.73160000,1
1505303303,21042453,0.16195,1269.26840000,1
1505303297,21042449,0.16194,2198.60635400,1
1505303297,21042448,0.16195,3062.07187600,1
1505303297,21042446,0.16195,14555.23177000,1
1505303286,21042439,0.16188,435.77020000,0
1505303286,21042438,0.16192,1264.22980000,1
1505303267,21042418,0.16310,1906.65735316,1
1505303264,21042413,0.16310,791.33029500,1
1505303262,21042412,0.16304,450.00000000,0
1505303262,21042411,0.16296,207.00000000,0
1505303262,21042410,0.16290,461.72005184,0
1505303262,21042408,0.16289,3291.39230000,0
1505303262,21042406,0.16285,2891.90000000,0
1505303239,21042378,0.16250,1740.02209200,1
1505303151,21042278,0.16295,100.00000000,0
1505303114,21042245,0.16295,61.18441239,0
1505303086,21042217,0.16220,1500.00000000,1
1505303045,21042180,0.16222,2130.59967500,0
1505302985,21042073,0.16222,2875.90461500,0
1505302985,21042072,0.16221,2130.59967500,0
1505302985,21042070,0.16221,994.42526500,0
1505302985,21042069,0.16212,338.55454800,0
1505302985,21042067,0.16212,3125.02494000,0
1505302982,21042059,0.16212,897.52702200,0
1505302965,21042047,0.16213,300.00000000,1
1505302934,21042020,0.16200,3750.14123500,1
1505302934,21042019,0.16200,1828.82835700,1
1505302902,21041983,0.16200,1392.24275000,1
1505302891,21041948,0.16217,313.70049948,0
1505302886,21041935,0.16200,2555.61964300,1
1505302886,21041933,0.16200,5076.57665600,1
1505302830,21041892,0.16229,614.70558876,0
1505302808,21041843,0.16222,4950.02163728,1
1505302800,21041825,0.16212,0.00000037,1
1505302790,21041819,0.16212,2461.13989600,1
1505302751,21041772,0.16212,541.50814212,0
1505302704,21041697,0.16228,227.38476706,0
1505302695,21041686,0.16230,614.66771411,0
1505302682,21041660,0.16230,417.00000000,0
1505302592,21041449,0.16107,2294.28660000,1
1505302592,21041448,0.16109,2500.00000000,1
1505302592,21041446,0.16112,3750.17340000,1
1505302591,21041440,0.16113,8786.75046700,0
1505302564,21041344,0.16294,509.51516760,0
1505302564,21041342,0.16293,7356.61919000,1
1505302564,21041340,0.16173,4897.48001000,0
1505302562,21041327,0.16130,744.10178348,0
1505302532,21041200,0.16130,255.89821652,0
1505302532,21041199,0.16130,495.72081633,0
1505302526,21041181,0.16130,927.58834469,0
1505302516,21041162,0.16130,1072.24116553,0
1505302514,21041157,0.16130,4000.00000000,0
1505302501,21041115,0.16130,61.84166150,0
1505302489,21041085,0.16130,61.84166150,0
1505302470,21041064,0.16130,616.16800000,0
1505302459,21041033,0.16101,4097.25951300,1
1505302447,21041010,0.16100,1775.93895400,1
1505302447,21041008,0.16100,100.00000000,1
1505302447,21041007,0.16101,3724.06104600,1
1505302443,21040985,0.16101,1197.25758400,1
1505302442,21040981,0.16102,1710.31720000,1
1505302432,21040953,0.16100,1000.00000000,1
1505302432,21040952,0.16100,32.00000000,1
1505302432,21040950,0.16100,800.00000000,1
1505302432,21040949,0.16100,100.00000000,1
1505302432,21040948,0.16100,497.49000000,1
1505302432,21040947,0.16100,709.88779892,1
1505302427,21040940,0.16130,692.39120960,0
1505302415,21040905,0.16100,1290.11220108,1
1505302415,21040904,0.16100,2478.82528692,1
1505302355,21040757,0.16193,350.00000000,0
1505302342,21040731,0.16101,4094.07241456,1
1505302342,21040727,0.16132,3535.51038944,1
1505302334,21040711,0.16100,5275.64676276,1
1505302334,21040710,0.16100,100.00000000,1
1505302334,21040709,0.16100,1551.40575202,0
1505302334,21040705,0.16131,1688.25573362,0
1505302333,21040704,0.16105,774.21608196,1
1505302333,21040702,0.16108,450.00000000,1
1505302333,21040700,0.16110,100.00000000,1
1505302333,21040699,0.16120,100.00000000,1
1505302333,21040698,0.16130,100.00000000,1
1505302333,21040697,0.16130,200.00000000,1
1505302332,21040695,0.16132,400.00000000,1
1505302314,21040647,0.16135,1050.00000000,1
1505302312,21040632,0.16140,100.00000000,1
1505302312,21040630,0.16150,150.00000000,1
1505302311,21040629,0.16150,100.00000000,1
1505302311,21040628,0.16150,31.00000000,1
1505302311,21040627,0.16150,2100.00000000,1
1505302311,21040626,0.16156,100.00000000,1
1505302296,21040588,0.16160,100.00000000,1
1505302296,21040587,0.16160,100.00000000,1
1505302295,21040585,0.16170,386.50000000,1
1505302295,21040584,0.16170,100.00000000,1
1505302295,21040583,0.16170,300.00000000,1
1505302295,21040581,0.16173,610.04587893,1
1505302295,21040580,0.16173,1224.64663500,1
1505302269,21040494,0.16225,964.45131376,0
1505302267,21040485,0.16173,275.35336500,1
1505302267,21040484,0.16173,1648.15463500,1
1505302242,21040412,0.16173,1046.46494400,1
1505302238,21040405,0.16173,1536.80736400,1
1505302236,21040402,0.16173,362.20305700,1
1505302227,21040382,0.16225,2577.90745294,0
1505302227,21040381,0.16225,1267.60500000,0
1505302227,21040380,0.16224,4151.79516000,0
1505302225,21040377,0.16175,305.09031067,0
1505302175,21040299,0.16175,2122.00800000,0
1505302155,21040274,0.16175,500.00000000,1
1505302128,21040223,0.16227,16672.68738000,0
1505302128,21040222,0.16226,4553.34577000,0
1505302101,21040149,0.16173,4526.37000000,1
1505302101,21040148,0.16174,2500.00000000,1
1505302094,21040123,0.16173,5000.00000000,1
1505302023,21039927,0.16227,731.28565077,0
1505302022,21039926,0.16227,8490.43500000,0
1505301964,21039752,0.16233,500.00000000,0
1505301917,21039596,0.16173,2337.22538781,0
1505301915,21039590,0.16173,1723.23428956,0
1505301915,21039588,0.16173,2300.08395899,1
1505301911,21039571,0.16247,3536.49620476,0
1505301909,21039563,0.16248,1136.31329244,0
1505301904,21039550,0.16252,1590.65666000,0
1505301904,21039549,0.16251,1276.73530000,0
1505301894,21039517,0.16171,2300.08395899,1
1505301893,21039514,0.16173,1619.46118278,0
1505301893,21039510,0.16173,4398.90768000,1
1505301893,21039508,0.16173,135.54717823,1
1505301881,21039488,0.16173,135.54717823,0
1505301871,21039444,0.16173,1751.70313115,0
1505301853,21039374,0.16181,500.00000003,1
1505301852,21039372,0.16181,200.00000000,1
1505301834,21039319,0.16180,4205.18168892,1
1505301834,21039318,0.16181,1335.15390500,1
