date,tid,price,amount,type
1505347200,21103259,0.19716,564.89797000,1
1505347159,21103234,0.19716,2081.20000000,1
1505347158,21103228,0.19717,2081.23550000,0
1505347153,21103226,0.19717,1249.15450000,1
1505347071,21103171,0.19866,50.00000000,0
1505346943,21103056,0.19751,5050.00000000,1
1505346810,21103028,0.19733,811.97000000,1
1505346745,21102989,0.19715,0.00006233,0
1505346651,21102925,0.19715,6637.54654655,0
1505346649,21102922,0.19715,2117.45339112,1
1505346536,21102844,0.19715,1931.46200000,1
1505346534,21102843,0.19716,9034.53800000,1
1505346532,21102840,0.19715,1925.18450000,1
1505346531,21102839,0.19727,596.00000000,1
1505346531,21102838,0.19728,1253.88010000,0
1505346529,21102837,0.19729,1254.93540000,1
1505346528,21102836,0.19832,253.41280000,0
1505346528,21102835,0.19831,1254.67260000,0
1505346486,21102756,0.19797,449.68522034,0
1505346484,21102744,0.19797,449.99994013,0
1505346478,21102709,0.19800,7315.11372302,1
1505346478,21102708,0.19800,1241.53440000,1
1505346477,21102706,0.19800,786.58514300,1
1505346477,21102704,0.19800,4882.79666500,1
1505346475,21102690,0.19800,3829.96560000,1
1505346475,21102688,0.19800,1241.53440000,1
1505346474,21102681,0.19800,1241.53440000,1
1505346474,21102676,0.19800,9122.66217700,1
1505346474,21102675,0.19800,338.27349198,1
1505346474,21102674,0.19810,3113.97221402,1
1505346473,21102673,0.19810,3757.14975200,1
1505346473,21102672,0.19810,2373.11130000,1
1505346473,21102671,0.19811,5071.50000000,1
1505346296,21102526,0.19868,502.06674049,0
1505346081,21102385,0.19870,3345.00000000,1
1505346055,21102369,0.19870,19463.83383300,1
1505346036,21102352,0.19870,561.00802600,1
1505346026,21102336,0.19870,4015.22766100,1
1505346025,21102335,0.19870,6593.17378693,1
1505346024,21102333,0.19898,4015.22766107,1
1505346014,21102326,0.19937,155.10202137,0
1505345961,21102248,0.19992,1483.28386042,0
1505345950,21102239,0.19920,517.54104000,1
1505345949,21102238,0.19920,3482.45896000,1
1505345938,21102220,0.20000,5000.00000000,1
1505345932,21102213,0.20000,3422.61014652,1
1505345932,21102212,0.20000,1245.00300000,1
1505345932,21102210,0.20001,0.00000048,1
1505345931,21102208,0.20001,2318.38129952,1
1505345931,21102207,0.20001,2318.38130000,1
1505345931,21102206,0.20001,2318.38130000,1
1505345931,21102205,0.20001,2318.38130000,1
1505345931,21102204,0.20001,2318.38130000,1
1505345931,21102203,0.20001,2318.38130000,1
1505345931,21102202,0.20001,884.84913748,1
1505345926,21102198,0.20001,1433.53216252,1
1505345926,21102197,0.20001,2318.38130000,1
1505345926,21102195,0.20001,6112.13770000,1
1505345926,21102194,0.20001,6112.13770000,1
1505345926,21102193,0.20001,6112.13770000,1
1505345926,21102192,0.20001,6112.13770000,1
1505345926,21102191,0.20001,6112.13770000,1
1505345900,21102115,0.20002,1104.76156000,1
1505345879,21102082,0.20015,1203.74823552,1
1505345879,21102081,0.20015,418.98576448,1
1505345879,21102080,0.20015,1622.73400000,1
1505345879,21102079,0.20015,1622.73400000,1
1505345879,21102078,0.20015,10000.00000000,1
1505345878,21102077,0.20015,1536.97685152,1
1505345878,21102076,0.20015,2000.00000000,1
1505345860,21102062,0.20015,2000.00000000,1
1505345840,21102055,0.20015,4463.02314848,1
1505345840,21102054,0.20018,877.26598652,1
1505345701,21101982,0.20018,7500.00000000,1
1505345366,21101804,0.20129,99.00000000,0
1505345364,21101803,0.20002,1622.73401348,0
1505345362,21101801,0.20002,4499.33068400,0
1505345362,21101800,0.20002,1000.00000000,0
1505345361,21101798,0.20002,6639.50441500,0
1505345360,21101797,0.20002,1241.21820000,0
1505345360,21101796,0.20002,15141.17224000,0
1505345359,21101795,0.20002,1206.71906406,1
1505345359,21101794,0.20016,1227.10360000,1
1505345359,21101793,0.20018,6639.48364400,1
1505345039,21101714,0.20002,1111.66223594,1
1505345039,21101713,0.20003,3757.30652000,1
1505345039,21101712,0.20009,1243.16890000,1
1505345007,21101709,0.20056,1495.75338000,0
1505344976,21101704,0.20000,3793.75635100,0
1505344976,21101703,0.19999,3398.17784900,0
1505344972,21101702,0.19999,1010.25065200,0
1505344970,21101701,0.19999,663.07149900,0
1505344970,21101700,0.19998,2735.10635000,0
1505344955,21101698,0.19999,5149.80472833,0
1505344924,21101674,0.19970,459.74928000,0
1505344908,21101662,0.20000,4296.33999861,1
1505344908,21101661,0.20000,2000.00000000,1
1505344908,21101660,0.20000,747.66000139,1
1505344891,21101644,0.20012,35.00000000,1
1505344891,21101643,0.20012,35.00000000,1
1505344891,21101642,0.20016,35.00000000,1
1505344891,21101641,0.20016,35.00000000,1
1505344890,21101640,0.20016,35.00000000,1
1505344890,21101639,0.20016,35.00000000,1
1505344890,21101638,0.20016,35.00000000,1
1505344890,21101637,0.20016,15.25072000,1
1505344801,21101589,0.20016,19.74928000,1
1505344801,21101588,0.20017,35.00000000,1
1505344630,21101483,0.20070,4877.01018500,1
1505344623,21101480,0.20070,30.11082600,1
1505344564,21101457,0.20070,607.87898900,1
1505344561,21101455,0.20100,119.88917400,0
1505344326,21101348,0.20070,9000.00881016,1
1505344313,21101345,0.20070,9713.78582700,1
1505344203,21101308,0.20071,2045.85124200,1
1505343932,21101237,0.20070,4142.30943600,1
1505343750,21101189,0.20121,665.25071657,0
1505343559,21101098,0.20071,50.13000000,1
1505343525,21101079,0.20071,3971.19157500,1
1505343525,21101078,0.20071,1811.56644900,1
1505343465,21101041,0.20070,5153.89019348,1
1505343465,21101040,0.20073,1225.95550000,1
1505343389,21101012,0.20070,1890.87606999,1
1505343381,21101008,0.20071,6843.16667000,1
1505343374,21101005,0.20127,950.32453918,0
1505343307,21100947,0.20073,6595.50000000,1
1505343307,21100945,0.20075,4805.00000000,1
1505343307,21100944,0.20076,5071.50000000,1
1505342818,21100653,0.20075,6113.61487167,1
1505342818,21100652,0.20077,1226.25310000,1
1505342791,21100631,0.20075,500.00000000,0
1505342752,21100620,0.20072,845.53710817,1
1505342652,21100546,0.20100,370.00000000,0
1505342650,21100542,0.20100,550.84577000,0
1505342648,21100540,0.20100,5322.46963588,0
1505342437,21100398,0.20180,25.61865000,0
1505342437,21100397,0.20127,269.00000000,0
1505342177,21100130,0.20178,30255.58604054,0
1505342177,21100129,0.20176,7666.38492000,0
1505342177,21100128,0.20175,1227.09490000,0
1505342122,21100064,0.20179,2025.47380940,1
1505342122,21100063,0.20171,121.89124000,0
1505342121,21100062,0.20160,600.00000000,0
1505342121,21100061,0.20156,609.45619000,0
1505342121,21100060,0.20140,600.00000000,0
1505342119,21100059,0.20110,35.00000000,0
1505342116,21100050,0.20100,68.20000000,0
1505342069,21099970,0.20100,31.80000000,0
1505341900,21099811,0.20018,7672.50000008,1
1505341893,21099808,0.20010,35.00000000,0
1505341866,21099759,0.20000,1667.28284899,0
1505341866,21099758,0.20000,798.30942101,0
1505341861,21099750,0.20000,7672.50000000,0
1505341817,21099716,0.20000,1855.40000000,0
1505341799,21099693,0.20000,8734.04273999,0
1505341789,21099689,0.20000,2025.44050000,0
1505341787,21099688,0.19999,967.12658000,0
1505341773,21099682,0.20000,53914.30733900,0
1505341773,21099681,0.19999,1149.06128000,0
1505341623,21099570,0.19999,392.63194367,0
1505341617,21099556,0.19999,790.78446082,0
1505341611,21099552,0.19999,200.60649434,0
1505341515,21099469,0.19948,119.00000000,0
1505341257,21099321,0.19949,150.00000000,0
1505341120,21099265,0.20000,458.55002585,0
1505341119,21099264,0.20000,14393.21255000,0
1505341118,21099263,0.19997,377.15875000,0
1505341118,21099262,0.19987,886.78130000,0
1505341118,21099261,0.19987,886.78130000,0
1505341118,21099260,0.19987,886.78130000,0
1505341118,21099259,0.19987,886.78130000,0
1505341118,21099258,0.19987,886.78130000,0
1505341117,21099256,0.19987,886.78130000,0
1505341117,21099255,0.19987,886.78130000,0
1505341117,21099254,0.19987,1248.11950000,1
1505341117,21099253,0.19980,1885.79373000,0
1505341116,21099252,0.19929,26.00000000,0
1505341116,21099251,0.19928,26.00000000,0
1505341116,21099250,0.19928,26.00000000,0
1505341116,21099249,0.19928,26.00000000,0
1505341114,21099245,0.19915,22536.20800000,0
1505341103,21099242,0.19915,77463.79200000,0
1505340903,21099101,0.19844,2967.31572244,1
1505340902,21099100,0.19845,7030.87800000,1
1505340902,21099097,0.19845,1622.77030000,1
1505340786,21099026,0.19790,1023.25175272,1
1505340785,21099025,0.19881,1263.12190000,1
1505340785,21099024,0.19882,13456.83300000,0
1505340784,21099023,0.19900,9256.79334728,1
1505340712,21098993,0.19900,2310.36611000,0
1505340691,21098951,0.19900,62689.63389000,0
1505340691,21098950,0.19899,2048.05411000,0
1505340689,21098943,0.19898,863.22490400,0
1505340637,21098821,0.19898,108.77807930,0
1505340624,21098806,0.19899,132.42506300,0
1505340496,21098697,0.19899,1458.65000104,0
1505340496,21098696,0.19899,1718.78613759,0
1505340481,21098681,0.19899,1647.02994241,0
1505340481,21098680,0.19899,3365.81608000,0
1505340151,21098339,0.19899,1352.78606965,0
1505340150,21098335,0.19843,269.00000000,0
1505340001,21098242,0.19772,167.33469000,1
1505339887,21098207,0.19789,110.00000000,1
1505339471,21098055,0.19929,26.00000000,1
1505339452,21098041,0.19962,26.00000000,0
1505339395,21098015,0.19797,209.00000000,1
1505339375,21098011,0.19791,73.49133154,0
1505339374,21098010,0.19889,720.42213000,1
1505339340,21097996,0.19889,2369.83221800,1
1505339268,21097964,0.19889,2128.83584700,1
1505339264,21097962,0.19889,2305.90980500,1
1505339130,21097889,0.19897,2892.76527265,1
1505339130,21097888,0.19896,1379.18036848,1
1505339128,21097885,0.19896,2780.43309000,0
1505339113,21097870,0.19887,303.66530500,0
1505339099,21097862,0.19801,2622.23531670,0
1505339099,21097861,0.19802,1229.51190000,1
1505339098,21097860,0.19803,4900.71905700,1
1505338730,21097623,0.19995,886.73925581,1
1505338729,21097622,0.19995,3429.20872700,0
1505338729,21097621,0.19995,2070.38310000,0
1505338442,21097500,0.19955,210.00058200,0
1505338321,21097443,0.19984,6638.72743195,0
1505338310,21097440,0.19950,12838.21704955,1
1505338167,21097358,0.19994,1438.48000000,0
1505338164,21097357,0.19950,8119.78295045,1
1505338096,21097345,0.19950,1042.00000000,1
1505338091,21097343,0.19957,458.69188756,0
1505338061,21097341,0.19965,3291.80502253,1
1505338060,21097340,0.19961,1336.56500000,0
1505337854,21097215,0.19912,25.07287063,0
1505337825,21097203,0.19829,1226.12060000,1
1505337639,21097104,0.19906,23.84155530,1
1505337637,21097103,0.19868,471.00000000,0
1505337381,21096897,0.19913,233.38427158,0
1505337316,21096854,0.19925,500.63046424,0
1505337225,21096775,0.19734,23706.96518608,1
1505337225,21096770,0.19800,32693.00000000,1
1505337224,21096769,0.19800,500.00000000,1
1505337224,21096768,0.19800,1212.67361856,0
1505337224,21096767,0.19808,1177.44290000,1
1505337224,21096766,0.19808,5891.85616000,1
1505337223,21096761,0.19861,1253.29230000,1
1505337223,21096760,0.19864,310.71284736,1
1505337223,21096759,0.19865,196.27274100,1
1505337221,21096757,0.19945,4.43335200,1
1505337196,21096747,0.19945,1105.00160000,1
1505337177,21096744,0.19945,10504.84660800,1
1505337121,21096716,0.19968,485.11513421,0
1505337119,21096713,0.19949,3314.63701753,0
1505337083,21096705,0.19949,2385.41957000,0
1505337046,21096690,0.19945,3385.71844000,1
1505337040,21096688,0.19949,935.51927415,0
1505336641,21096483,0.19949,459.27869432,0
1505336641,21096482,0.19937,1000.00000000,0
1505336640,21096480,0.19920,105.99180000,0
1505336640,21096479,0.19920,105.99180000,0
1505336640,21096478,0.19920,105.99180000,0
1505336640,21096477,0.19920,105.99180000,0
1505336640,21096476,0.19920,105.99180000,0
1505336640,21096475,0.19920,105.99180000,0
1505336640,21096474,0.19920,105.99180000,0
1505336640,21096473,0.19920,105.99180000,0
1505336639,21096472,0.19920,105.99180000,0
1505336639,21096471,0.19920,51.13651724,0
1505336427,21096378,0.19864,471.00000000,1
1505336401,21096347,0.19862,152.11721000,1
1505336262,21096287,0.19900,55.19356784,0
1505336261,21096285,0.19900,255.03347738,0
1505335582,21095689,0.19920,54.85528276,0
1505335582,21095688,0.19919,105.99180000,0
1505335582,21095687,0.19919,105.99180000,0
1505335582,21095686,0.19919,105.99180000,0
1505335582,21095685,0.19919,105.99180000,0
1505335582,21095684,0.19919,105.99180000,0
1505335582,21095683,0.19919,105.99180000,0
1505335582,21095682,0.19918,105.99180000,0
1505335582,21095681,0.19918,105.99180000,0
1505335582,21095680,0.19916,105.99180000,0
1505335581,21095679,0.19916,105.99180000,0
1505335581,21095678,0.19902,1232.76260000,0
1505335469,21095582,0.19926,27.80810000,0
1505335469,21095581,0.19926,139.04048000,0
1505335469,21095580,0.19924,7638.80323000,0
1505335457,21095570,0.19867,946.81446370,0
1505335328,21095407,0.19801,251.88278370,0
1505335285,21095358,0.19728,1000.00000000,1
1505335201,21095267,0.19727,404.00000000,1
1505334840,21095061,0.19759,499.99000006,1
1505334810,21095046,0.19756,733.65803300,1
1505334724,21095009,0.19851,2234.18207570,1
1505334722,21095005,0.19851,165.98960000,1
1505334712,21094999,0.19853,3025.39710007,1
1505334709,21094998,0.19851,197.21536000,1
1505334697,21094989,0.19853,736.00069335,1
1505334696,21094988,0.19853,234.31528000,0
1505334696,21094987,0.19853,1429.61390800,0
1505334694,21094984,0.19853,2064.96900000,0
1505334693,21094980,0.19854,3815.65540904,0
1505334193,21094663,0.19867,55.23008003,0
1505333987,21094515,0.19733,237.67534902,1
1505333969,21094507,0.19924,6837.39214013,1
1505333969,21094506,0.19885,57.85563000,0
1505333969,21094505,0.19885,289.27813000,0
1505333968,21094503,0.19777,2764.55126200,0
1505333875,21094440,0.19776,1334.44713300,0
1505333777,21094341,0.19777,20235.44873800,0
1505333777,21094340,0.19774,354.93644000,0
1505333776,21094339,0.19720,195.02273742,0
1505333776,21094338,0.19720,1168.97572500,0
1505333776,21094337,0.19720,10000.00000000,0
1505333760,21094332,0.19720,9167.90370689,0
1505333745,21094325,0.19720,7105.93069200,0
1505333738,21094317,0.19720,2375.05463700,0
1505333735,21094309,0.19720,1833.00000000,0
1505333733,21094305,0.19720,1197.18901900,0
1505333733,21094304,0.19720,9059.27866900,0
1505333733,21094303,0.19719,421.70666000,0
1505333718,21094265,0.19720,6503.87560000,0
1505333711,21094250,0.19719,501.03761000,0
1505333688,21094206,0.19720,20000.00000000,0
1505333686,21094204,0.19720,2359.28817000,0
1505333686,21094202,0.19719,578.71183000,0
1505333671,21094189,0.19719,591.33259530,0
1505333656,21094175,0.19720,1253.46562100,0
1505333656,21094174,0.19719,704.15906000,0
1505333619,21094126,0.19720,16053.45592800,0
1505333619,21094125,0.19719,1030.47667000,0
1505333619,21094124,0.19719,703.63329800,0
1505333611,21094110,0.19719,326.84337200,0
1505333589,21094056,0.19720,3925.94838800,0
1505333589,21094054,0.19719,1224.32872000,0
1505333564,21093990,0.19715,2001.12261600,1
1505333563,21093983,0.19719,1440.01003663,0
1505333563,21093982,0.19719,1620.69862000,0
1505333561,21093975,0.19719,104.84234000,0
1505333537,21093943,0.19719,1073.65170000,0
1505333509,21093902,0.19719,5867.66119045,1
1505333508,21093901,0.19719,2252.12176000,0
1505333463,21093840,0.19720,4465.24768058,0
1505333463,21093839,0.19719,2748.98879000,0
1505333443,21093804,0.19719,4022.91043000,0
1505333443,21093803,0.19719,4022.91043000,0
1505333357,21093667,0.19715,3043.36798800,1
1505333343,21093644,0.19715,1000.00000000,1
1505333343,21093640,0.19715,1144.43597200,1
1505333237,21093505,0.19720,3336.36342611,0
1505333207,21093464,0.19712,1012.08015422,0
1505333086,21093349,0.19717,25.30313942,0
1505333034,21093315,0.19589,1945.00000000,0
1505333025,21093310,0.19534,1091.62417085,1
1505333025,21093309,0.19540,32940.00000000,1
1505333025,21093308,0.19540,600.00000000,1
1505333025,21093307,0.19560,600.00000000,1
1505333025,21093306,0.19561,11941.29500000,1
1505333024,21093305,0.19561,7162.58300000,1
1505333024,21093303,0.19580,600.00000000,1
1505333024,21093302,0.19598,1270.95778250,1
1505333024,21093301,0.19598,1272.60837701,1
1505333024,21093300,0.19600,26.00000000,1
1505333024,21093299,0.19600,14083.18337755,1
1505333024,21093298,0.19600,600.00000000,1
1505333024,21093297,0.19610,35.00000000,1
1505333023,21093296,0.19620,35.00000000,1
1505333023,21093295,0.19620,600.00000000,1
1505333023,21093294,0.19640,600.00000000,1
1505333023,21093293,0.19642,2573.01111000,1
1505333023,21093292,0.19645,2475.35838000,1
1505333023,21093291,0.19646,1239.75020000,1
1505333023,21093290,0.19647,494.97880000,1
1505333023,21093289,0.19700,1000.00000000,1
1505332919,21093197,0.19808,25.18689418,0
1505332716,21093048,0.19781,1804.17607900,1
1505332715,21093047,0.19781,3115.77662000,0
1505332424,21092832,0.19924,25.04025296,0
1505332391,21092818,0.19701,500.00000000,1
1505332365,21092766,0.19812,416.03490300,0
1505332144,21092655,0.19884,25.09062563,0
1505332139,21092651,0.19644,15308.65224263,1
1505332139,21092650,0.19645,8107.16144500,1
1505332138,21092649,0.19660,600.00000000,1
1505332138,21092648,0.19680,600.00000000,1
1505332138,21092647,0.19700,102.28967495,1
1505332137,21092646,0.19709,684.31666000,1
1505332137,21092645,0.19710,35.00000000,1
1505332137,21092644,0.19710,923.20751942,1
1505332137,21092643,0.19712,508.58458000,0
1505332136,21092642,0.19739,3323.20539000,1
1505332136,21092641,0.19740,2541.54719000,0
1505332135,21092640,0.19744,1248.24450000,1
1505332105,21092621,0.19917,25.04905357,0
1505331927,21092508,0.19885,2518.22036711,0
1505331682,21092403,0.19841,120.64778511,0
1505331646,21092365,0.19854,24.21214868,0
1505331644,21092364,0.19736,0.92184789,0
1505331614,21092316,0.19736,470.00000000,0
1505331599,21092308,0.19736,1220.12135211,0
1505331589,21092293,0.19879,461.64580713,0
1505331532,21092239,0.19901,25.08672931,0
1505331281,21092018,0.19758,6238.12374800,1
1505331280,21092017,0.19760,8306.33361700,1
1505331279,21092016,0.19760,594.85873200,1
1505331132,21091863,0.19760,1533.76023200,1
1505331131,21091860,0.19765,529.40797000,1
1505331131,21091857,0.19800,1200.00000000,1
1505331130,21091856,0.19822,2959.00000000,1
1505331130,21091855,0.19822,2959.00000000,1
1505331130,21091854,0.19822,2959.00000000,1
1505331130,21091853,0.19822,2859.83179800,1
1505331130,21091852,0.19822,99.16820200,1
1505331130,21091851,0.19822,1657.30609800,1
1505331085,21091794,0.19823,5790.77853600,1
1505331082,21091783,0.19822,1301.69390200,1
1505331082,21091780,0.19822,2959.00000000,1
1505331082,21091777,0.19822,2959.00000000,1
1505331082,21091775,0.19822,2959.00000000,1
1505331082,21091773,0.19822,868.27351900,1
1505331072,21091762,0.19822,2090.72648100,1
1505331072,21091760,0.19822,3005.00000000,1
1505331072,21091757,0.19822,46.00000000,1
1505330756,21091531,0.19938,7506.79797371,0
1505330756,21091530,0.19937,2067.09217000,0
1505330756,21091529,0.19937,2537.55258200,1
1505330755,21091528,0.19911,2537.48099800,0
1505330755,21091527,0.19894,370.53237860,0
1505330753,21091526,0.19870,0.25520913,0
1505330575,21091401,0.19870,2757.00000000,0
1505330549,21091386,0.19870,535.00000000,0
1505330475,21091334,0.19870,75.50322094,0
1505330446,21091314,0.19870,60.24157000,0
1505330408,21091295,0.19894,25.09555645,0
1505330405,21091293,0.19823,1333.78216400,1
1505330399,21091283,0.19894,25.09555645,0
1505330386,21091267,0.19823,1625.21783600,1
1505330386,21091266,0.19823,2959.00000000,1
1505330386,21091265,0.19823,1525.08704900,1
1505330385,21091263,0.19823,1433.91295100,1
1505330385,21091261,0.19823,2959.00000000,1
1505330385,21091260,0.19823,2959.00000000,1
1505330077,21091080,0.19900,100.00000000,0
1505330044,21091054,0.19998,32969.24804815,1
1505330044,21091053,0.19998,10147.93070100,1
1505330044,21091051,0.19998,5372.20657400,1
1505330043,21091050,0.19995,5000.00000000,0
1505330043,21091049,0.19994,179.62877000,0
1505330042,21091048,0.19993,5000.00000000,1
1505330042,21091047,0.19993,2519.82850000,1
1505330042,21091046,0.19942,898.14387000,0
1505330041,21091045,0.19941,2128.45520000,0
1505330041,21091044,0.19940,2500.00000000,1
1505330039,21091043,0.19905,231.20744146,0
1505329969,21091007,0.19905,2505.66747048,0
1505329875,21090979,0.19978,24.99003904,0
1505329848,21090962,0.19878,890.46399992,0
1505329806,21090945,0.19878,5337.83851900,0
1505329778,21090935,0.19878,192.38586725,0
1505329777,21090934,0.19878,1874.55531500,0
1505329765,21090929,0.19810,2959.00000000,0
1505329763,21090927,0.19810,46.00000000,0
1505329761,21090926,0.19810,30.00000000,1
1505329727,21090917,0.19878,4279.00000000,0
1505329560,21090805,0.19938,25.04017454,0
1505329540,21090795,0.19832,1016.11071793,1
1505329540,21090794,0.19832,1242.10180000,1
1505329538,21090793,0.19850,241.78748207,1
1505329471,21090752,0.19985,2272.64927203,0
1505329352,21090641,0.19993,24.97128995,0
1505329349,21090640,0.19939,689.00000000,0
1505329341,21090637,0.19878,7890.69680000,1
1505329341,21090636,0.19878,1231.75320000,1
1505329287,21090619,0.19974,1240.34158900,1
1505329234,21090599,0.19998,1894.19400900,0
1505329234,21090598,0.19997,1516.92183000,0
1505329234,21090597,0.19995,3169.51785300,0
1505329034,21090472,0.19998,24.94759476,0
1505329019,21090463,0.19953,86.00000000,1
1505328949,21090401,0.20073,24.85438151,0
1505328936,21090397,0.19999,3256.16695900,0
1505328899,21090328,0.20000,100.00000000,1
1505328789,21090276,0.20079,2483.95393197,0
1505328664,21090224,0.20000,76.05985000,0
1505328363,21089984,0.20034,20.86897274,0
1505328363,21089983,0.20025,4.05301784,0
1505328255,21089934,0.20025,1494.39136080,0
1505328207,21089896,0.20025,994.60471000,0
1505328167,21089877,0.20025,10919.01952559,0
1505328157,21089875,0.20025,24.93138577,0
1505328128,21089863,0.20000,4045.16471300,0
1505328060,21089828,0.20035,24.91894185,0
1505328055,21089827,0.20000,24.96255000,1
1505328018,21089802,0.19992,1099.00000000,0
1505327968,21089778,0.20000,1112.21353005,0
1505327966,21089777,0.19985,72.34072550,0
1505327893,21089697,0.19985,1504.00300000,0
1505327844,21089661,0.19985,1433.31678000,0
1505327776,21089576,0.19985,358.51556000,0
1505327757,21089533,0.19985,1794.18529600,0
1505327757,21089532,0.19985,927.54043850,0
1505327756,21089531,0.19985,5466.88863050,0
1505327756,21089530,0.19985,623.01316950,0
1505327756,21089529,0.19985,3804.79992250,0
1505327756,21089527,0.19985,1794.34176800,0
1505327755,21089526,0.19985,490.76010950,0
1505327755,21089525,0.19985,2696.76068750,0
1505327745,21089510,0.19985,3368.17606600,0
1505327663,21089403,0.19982,24.96757081,0
1505327567,21089325,0.19870,131.74488938,1
1505327406,21089184,0.19984,24.72920624,0
1505327406,21089182,0.19984,3871.38537500,0
1505327390,21089156,0.19998,24.96504650,1
1505327386,21089152,0.19999,2193.78718188,0
1505327386,21089150,0.19999,24.96379819,0
1505327384,21089148,0.19999,24.84082993,0
1505327378,21089138,0.20000,24.96255000,1
1505327374,21089134,0.19992,24.97253902,0
1505327367,21089131,0.20000,4078.07732000,1
1505327365,21089127,0.20058,6308.50673048,1
1505327364,21089126,0.20000,10105.75968312,1
1505327364,21089125,0.19999,2665.65364000,0
1505327362,21089124,0.19996,4066.68567200,0
1505327362,21089123,0.19995,1774.05690000,0
1505327248,21089014,0.19998,24.96504650,0
1505327241,21088995,0.19909,43.52224904,1
1505327241,21088994,0.19909,1244.40170000,1
1505327240,21088993,0.19910,30.00000000,1
1505327240,21088992,0.19921,164.07605096,1
1505327233,21088979,0.19921,100.00000000,1
1505327216,21088962,0.20076,24.85066746,0
1505327027,21088590,0.19934,931.64550768,0
1505327027,21088588,0.19934,205.92956757,0
1505327021,21088582,0.19934,1881.96046954,0
1505326976,21088515,0.19934,1265.99382963,0
1505326974,21088510,0.19934,1264.18309631,0
1505326973,21088509,0.19934,78.86852400,0
1505326971,21088503,0.19934,316.42068827,0
1505326929,21088468,0.19888,10000.00000000,0
1505326929,21088466,0.19888,4493.38469493,0
1505326924,21088459,0.19888,100.00000000,0
1505326919,21088453,0.19888,265.45384151,0
1505326917,21088450,0.19888,2980.10377900,0
1505326909,21088438,0.19888,2161.05768456,0
1505326908,21088436,0.19888,3612.45009644,0
1505326906,21088420,0.19887,100.00000000,0
1505326906,21088418,0.19887,362.46660100,0
1505326904,21088412,0.19887,487.25087900,0
1505326882,21088386,0.19888,787.80569058,0
1505326879,21088379,0.19888,109.67141300,0
1505326877,21088373,0.19888,1925.36381547,0
1505326802,21088272,0.19888,3564.70898451,0
1505326802,21088271,0.19888,5336.29101549,0
1505326802,21088270,0.19869,1099.00000000,0
1505326791,21088266,0.19888,457.42437651,0
1505326735,21088201,0.19850,1010.53023341,0
1505326734,21088200,0.19850,50802.51387400,0
1505326730,21088194,0.19850,1010.53023300,0
1505326713,21088176,0.19850,3057.73650258,0
1505326665,21088126,0.19850,1308.62102400,0
1505326665,21088125,0.19849,3337.58561000,0
1505326553,21088009,0.19887,1482.00000000,0
1505326544,21088000,0.19888,903.60297900,0
1505326544,21087999,0.19887,3712.90458000,0
1505326525,21087987,0.19887,645.53552000,1
1505326520,21087982,0.19888,3124.32882900,0
1505326509,21087975,0.19888,178.35280000,0
1505326462,21087881,0.19887,10000.00000000,0
1505326461,21087880,0.19887,3222.46448000,0
1505326410,21087838,0.19887,6777.53552000,0
1505326410,21087837,0.19886,4644.97052000,0
1505326410,21087836,0.19880,5000.00000000,0
1505326354,21087736,0.19859,4213.42900000,0
1505326153,21087450,0.19933,10700.32242266,1
1505326153,21087449,0.19933,1286.62971700,1
1505326153,21087448,0.19931,5890.23050300,0
1505326151,21087447,0.19930,1263.22150000,0
1505326151,21087446,0.19929,14841.80506000,0
1505326136,21087428,0.19940,25.02016048,0
1505326105,21087409,0.19760,13492.70232898,1
1505326105,21087408,0.19763,13293.45400000,1
1505326104,21087405,0.19842,79.09895000,1
1505326104,21087402,0.19874,1254.59590000,1
1505326104,21087401,0.19874,16166.22680500,1
1505326102,21087394,0.19889,2713.92201602,1
1505326096,21087384,0.19889,109.73500000,1
1505326092,21087377,0.19889,10341.65410600,1
1505326092,21087375,0.19889,3001.20386498,1
1505326092,21087374,0.19900,1000.00000000,1
1505326092,21087371,0.19947,396.62338308,1
1505326092,21087369,0.19958,258.94378194,1
1505326092,21087368,0.19958,1168.08985100,1
1505326069,21087316,0.19979,237.14900645,0
1505326051,21087304,0.19958,4642.75756800,1
1505326036,21087284,0.19995,845.53710817,0
1505325894,21087106,0.19958,4189.15258100,1
1505325894,21087105,0.19958,1987.91042200,1
1505325894,21087104,0.19958,2758.61232800,1
1505325892,21087101,0.19958,1005.17454500,1
1505325847,21087055,0.19958,4248.30270500,1
1505325847,21087054,0.20000,557.37016900,1
1505325818,21086988,0.19999,4303.87983100,0
1505325811,21086980,0.20000,37.25685000,0
1505325793,21086897,0.19959,5640.57229500,1
1505325792,21086896,0.19959,1648.05598300,1
1505325792,21086895,0.19959,2711.37172200,1
1505325792,21086894,0.19959,8315.06676700,1
1505325792,21086893,0.19959,1684.93323300,1
1505325791,21086891,0.19960,7167.25435100,1
1505325791,21086890,0.19960,17242.74564900,1
1505325790,21086889,0.19961,2757.25435100,1
1505325790,21086888,0.19961,1648.05598300,1
1505325790,21086886,0.19984,1015.65330549,0
1505325790,21086885,0.19973,1099.00000000,0
1505325786,21086871,0.19961,5482.32111800,1
1505325775,21086855,0.20000,8028.36322763,0
1505325775,21086854,0.20000,100.00000000,1
1505325775,21086853,0.20000,299.00000000,1
1505325775,21086852,0.20000,5427.48497195,1
1505325766,21086843,0.20000,296.00000000,1
1505325763,21086841,0.20000,265.44210900,1
1505325751,21086820,0.20000,450.00000000,1
1505325751,21086819,0.20000,40.17802000,1
1505325745,21086807,0.20000,450.00000000,1
1505325744,21086804,0.20000,409.78176117,1
1505325685,21086734,0.20001,100.00000000,1
1505325674,21086731,0.20001,100.00000000,1
1505325601,21086596,0.20000,1161.11313788,1
1505325600,21086595,0.20000,1077.99663212,1
1505325576,21086548,0.20061,497.23652859,0
1505325551,21086538,0.20000,15000.00000000,1
1505325505,21086494,0.20001,666.12631800,1
1505325440,21086442,0.20000,10000.00000000,1
1505325380,21086378,0.20000,5579.92560600,1
1505325380,21086377,0.20001,4432.33075000,1
1505325379,21086375,0.20002,1113.22084000,1
1505325358,21086337,0.20000,4248.20243000,1
1505325358,21086336,0.20001,1230.21200000,1
1505325309,21086280,0.20000,310.78852900,1
1505325309,21086279,0.20001,1359.43575000,1
1505325295,21086262,0.20000,8729.06483800,1
1505325293,21086252,0.20000,802.13867800,1
1505325292,21086249,0.20000,1251.88328688,1
1505325292,21086248,0.20000,2177.84046312,1
1505325290,21086242,0.20001,1970.27625000,1
1505325286,21086236,0.20010,1869.09857700,1
1505325270,21086215,0.20074,24.85314337,0
1505325243,21086192,0.20000,2822.15953688,1
1505325243,21086191,0.20000,7071.95982812,1
1505325243,21086190,0.20010,5118.20000000,1
1505325207,21086168,0.20114,1016.64895098,0
1505325187,21086159,0.20001,8683.54765015,1
1505325107,21086065,0.20134,11173.28459322,1
1505325105,21086060,0.20020,1219.46284495,0
1505325023,21085919,0.20128,24.78646661,0
1505325002,21085899,0.20012,500.00000000,1
1505324828,21085695,0.20100,1128.52194030,0
1505324826,21085694,0.20015,1989.62920000,1
1505324729,21085524,0.20130,1129.70881852,0
1505324715,21085507,0.20068,60.89022324,0
1505324317,21085042,0.20177,125.32018377,0
1505324317,21085041,0.20173,7863.59087947,0
1505324317,21085039,0.20147,1665.05739000,0
1505324316,21085034,0.20143,2500.00000000,1
1505324316,21085032,0.20143,3148.13010000,0
1505324202,21084848,0.20172,1920.64851000,0
1505324195,21084836,0.20208,2136.40912053,1
1505324195,21084834,0.20208,361.84210361,1
1505324195,21084833,0.20210,1000.00000000,1
1505324195,21084832,0.20211,198.24333148,1
1505324195,21084831,0.20217,1143.42535285,1
1505324194,21084830,0.20217,1144.22576700,1
1505324194,21084829,0.20217,548.60787000,1
1505324194,21084828,0.20217,353.96138706,1
1505324194,21084827,0.20219,4398.87872000,1
1505324194,21084826,0.20242,850.81546800,1
1505324098,21084696,0.20242,833.13509340,1
1505324028,21084625,0.20284,980.54013015,0
1505324025,21084623,0.20242,340.17143860,1
1505324005,21084597,0.20280,2500.00000000,1
1505324001,21084590,0.20280,600.00000000,0
1505324001,21084589,0.20278,1210.27560000,0
1505324001,21084588,0.20273,103.41028000,0
1505324000,21084584,0.20217,1144.22577251,0
1505323998,21084578,0.20217,355.01012749,0
1505323997,21084574,0.20214,318.80805352,1
1505323997,21084573,0.20215,681.95605648,1
1505323997,21084570,0.20216,1499.23589000,1
1505323996,21084567,0.20216,1499.23590000,0
1505323996,21084565,0.20216,1499.23590000,0
1505323996,21084563,0.20216,0.00000500,0
1505323996,21084561,0.20216,1499.23589500,0
1505323995,21084558,0.20215,5000.00000000,0
1505323995,21084556,0.20214,12934.68570852,0
1505323995,21084552,0.20214,681.95606148,0
1505323995,21084551,0.20214,517.05139000,0
1505323991,21084530,0.20213,1197.89883509,0
1505323990,21084524,0.20208,1455.67488020,0
1505323913,21084412,0.20215,289.72525174,0
1505323913,21084411,0.20214,614.31848000,0
1505323913,21084410,0.20213,698.58805826,0
1505323909,21084405,0.20213,1198.63579650,0
1505323908,21084404,0.20213,602.77614524,0
1505323726,21084123,0.20280,267.94488648,1
1505323726,21084121,0.20271,30.00000000,0
1505323725,21084119,0.20260,600.00000000,0
1505323725,21084118,0.20240,600.00000000,0
1505323725,21084116,0.20220,600.00000000,0
1505323724,21084114,0.20218,429.26564000,0
1505323724,21084113,0.20211,115.90706000,0
1505323724,21084112,0.20210,35.00000000,0
1505323724,21084111,0.20202,140.00000000,0
1505323723,21084110,0.20200,25.00000000,0
1505323723,21084109,0.20200,3633.00000000,0
1505323723,21084107,0.20198,2146.32820000,0
1505323721,21084103,0.20176,500.00000000,0
1505323679,21084028,0.20187,1046.09988286,0
1505323678,21084027,0.20183,503.90011714,1
1505323677,21084024,0.20183,500.00000000,0
1505323653,21084000,0.20017,2481.27380300,1
1505323653,21083999,0.20018,5000.00000000,1
1505323652,21083998,0.20019,894.29452000,1
1505323652,21083997,0.20049,4466.81016000,1
1505323651,21083996,0.20053,1546.77520000,0
1505323650,21083995,0.20053,11574.29187000,0
1505323650,21083994,0.20053,7915.32509600,1
1505323624,21083953,0.20181,487.45879788,0
1505323497,21083842,0.20195,2446.44722797,0
1505323478,21083832,0.20076,3386.10059700,1
1505323474,21083825,0.20074,556.33868012,1
1505323474,21083824,0.20130,25.00000000,1
1505323474,21083823,0.20131,1948.74022988,1
1505323416,21083733,0.20185,25.00000000,0
1505323405,21083726,0.20187,59234.66021363,0
1505323405,21083725,0.20186,1560.75866000,0
1505323405,21083724,0.20185,2538.79746300,0
1505323396,21083710,0.20185,2500.00000000,0
1505323284,21083590,0.20197,49387.68542800,0
1505323283,21083588,0.20186,78.26470000,0
1505323283,21083587,0.20184,457.86833000,0
1505323283,21083586,0.20178,76.18154200,0
1505323283,21083585,0.20178,7435.84945800,0
1505323283,21083583,0.20160,30459.00000000,0
1505323283,21083582,0.20159,7284.11985000,0
1505323282,21083581,0.20158,2289.34163000,0
1505323282,21083579,0.20150,2531.68906200,0
1505323240,21083510,0.20131,1738.75569261,1
1505323220,21083460,0.20120,0.00000059,0
1505323202,21083418,0.20120,475.70220000,0
1505323202,21083417,0.20088,2300.00000000,0
1505323167,21083377,0.20131,154.29779941,1
1505323167,21083376,0.20127,1221.64560000,1
1505323167,21083375,0.20127,2780.50457500,1
1505323167,21083374,0.20127,3205.36899000,1
1505323165,21083370,0.20125,2560.42445200,0
1505323033,21083250,0.20003,2387.52676961,1
1505323011,21083207,0.20000,6802.51637500,0
1505323009,21083198,0.20011,397.92113000,0
1505323009,21083197,0.20011,1989.60564000,0
1505323001,21083160,0.19947,2350.03745200,0
1505323001,21083158,0.19947,2147.65930400,0
1505322997,21083145,0.19947,1459.27469600,0
1505322992,21083138,0.19947,3606.93400000,0
1505322991,21083136,0.19946,3606.93400000,0
1505322991,21083135,0.19945,3606.93400000,0
1505322991,21083134,0.19944,1367.41488698,0
1505322985,21083061,0.19944,598.52453600,0
1505322960,21083017,0.19944,1390.99457702,0
1505322874,21082939,0.19944,250.00000000,0
1505322872,21082938,0.19943,2427.70117806,0
1505322826,21082883,0.19943,4710.24181600,0
1505322817,21082875,0.19943,2720.07147313,0
1505322789,21082833,0.19901,1704.41850600,1
1505322770,21082814,0.19943,593.64487079,0
1505322744,21082805,0.19943,340.17143860,0
1505322725,21082772,0.19943,25.01639673,0
1505322637,21082683,0.19782,5929.87442900,1
1505322637,21082682,0.19783,1233.16500000,1
1505322623,21082667,0.19779,831.41940900,1
1505322611,21082639,0.19778,1240.95990000,0
1505322577,21082587,0.19931,250.00000000,0
1505322554,21082545,0.19768,0.00000021,0
1505322549,21082536,0.19768,29.98402000,0
1505322548,21082533,0.19768,415.48067579,0
1505322516,21082467,0.19762,708.28973600,0
1505322516,21082465,0.19800,300.00000000,1
1505322515,21082464,0.19842,78.26470000,1
1505322515,21082462,0.19848,112.76661000,1
1505322515,21082461,0.19848,565.17030000,1
1505322515,21082460,0.19848,230.70865400,1
1505322511,21082453,0.19848,1005.48044600,1
1505322492,21082435,0.19980,1358.20015900,1
1505322484,21082412,0.19980,2653.96061600,1
1505322476,21082392,0.19980,8635.15862000,1
1505322474,21082390,0.19981,620.38138000,1
1505322469,21082382,0.20000,9190.04314461,1
1505322469,21082381,0.20000,8070.85976639,1
1505322464,21082366,0.20000,340.47988766,1
1505322463,21082365,0.20001,612.49350134,1
1505322459,21082358,0.20001,72.36624866,0
1505322457,21082356,0.20000,11537.66034595,1
1505322456,21082355,0.20000,13462.33965405,1
1505322451,21082346,0.20000,2425.46362000,1
1505322448,21082339,0.20001,756.79850000,1
1505322433,21082311,0.20076,4940.40000000,0
1505322431,21082305,0.20000,6004.97050000,1
1505322430,21082303,0.20001,761.29450000,1
1505322424,21082290,0.20001,75.00000000,1
1505322412,21082243,0.20001,501.25000000,1
1505322398,21082232,0.20000,3669.10088900,1
1505322377,21082194,0.20094,1024.36000124,0
1505322372,21082187,0.20000,4171.39200700,1
1505322372,21082186,0.20001,1078.71550000,1
1505322372,21082185,0.20001,4632.62004000,1
1505322336,21082089,0.20002,1924.90300000,1
1505322313,21081995,0.20050,2094.41396500,1
1505322183,21081608,0.20198,148.30706010,0
1505322180,21081605,0.20093,1739.00000000,1
1505322175,21081586,0.20093,8631.11427400,1
1505322171,21081569,0.20099,1227.60660000,1
1505322160,21081535,0.20201,977.55096000,1
1505322137,21081486,0.20200,10847.10942000,1
1505322135,21081484,0.20200,5100.00000000,0
1505322135,21081483,0.20200,600.00000000,0
1505322135,21081482,0.20181,74588.14300000,0
1505322135,21081481,0.20180,83.92030000,0
1505322135,21081480,0.20179,8780.82728000,0
1505322122,21081453,0.20179,3964.51756777,1
1505322120,21081448,0.20179,186.21284503,0
1505322120,21081447,0.20168,984.23581912,0
1505322118,21081442,0.20125,2300.00000000,0
1505322019,21081210,0.20168,15.76418088,0
1505322017,21081204,0.20079,9.01780642,0
1505322005,21081192,0.20079,3454.41889536,0
1505322000,21081187,0.20031,1050.54223000,1
1505321990,21081171,0.20079,1243.26243000,0
1505321971,21081135,0.20079,5293.30086822,0
1505321971,21081134,0.20079,2021.87475278,0
1505321951,21081091,0.20079,3356.64794200,0
1505321950,21081090,0.20079,4621.47730522,0
1505321950,21081089,0.20078,235.57405678,0
1505321946,21081071,0.20078,3475.41213300,0
1505321929,21081013,0.20011,205.23000000,1
1505321910,21080986,0.20078,2628.64360000,0
1505321904,21080973,0.20078,3658.90283300,0
1505321877,21080919,0.20078,1.46737722,0
1505321875,21080914,0.20077,28.37272200,0
1505321863,21080898,0.20050,2000.00000000,1
1505321788,21080774,0.20077,9971.62727800,0
1505321788,21080773,0.20077,8802.82099614,0
1505321684,21080671,0.20077,1197.17900386,0
1505321684,21080670,0.20077,2631.92051300,0
1505321684,21080669,0.20076,403.63414000,0
1505321684,21080668,0.20076,2500.00000000,0
1505321682,21080667,0.20075,1718.08160000,0
1505321661,21080635,0.20077,7368.07948700,0
1505321661,21080634,0.20077,10000.00000000,0
1505321661,21080633,0.20076,1976.90330000,0
1505321661,21080632,0.20076,479.56531000,0
1505321661,21080631,0.20076,2500.00000000,0
1505321651,21080617,0.20075,833.13509340,0
1505321644,21080604,0.20186,30403.19196472,0
1505321644,21080603,0.20180,600.00000000,0
1505321643,21080602,0.20160,600.00000000,0
1505321643,21080601,0.20157,54.00000000,0
1505321643,21080600,0.20140,33.00000000,0
1505321642,21080598,0.20140,600.00000000,0
1505321642,21080597,0.20140,123.22878000,1
1505321642,21080596,0.20120,1000.00000000,0
1505321642,21080595,0.20120,575.11146700,0
1505321642,21080593,0.20120,24.88853300,0
1505321641,21080592,0.20110,35.00000000,0
1505321641,21080591,0.20110,616.14388000,1
1505321641,21080590,0.20100,136.83496877,0
1505321641,21080589,0.20100,500.00000000,0
1505321641,21080588,0.20100,100.00000000,0
1505321640,21080586,0.20080,600.00000000,0
1505321640,21080584,0.20060,600.00000000,0
1505321639,21080583,0.20052,123.22878000,0
1505321639,21080582,0.20052,1225.68850000,1
1505321639,21080581,0.20050,5372.02276434,0
1505321637,21080580,0.20000,9172.30973564,0
1505321629,21080571,0.20000,170.03324404,0
1505321619,21080560,0.20052,1363.41190000,0
1505321612,21080553,0.20000,8170.88974200,1
1505321611,21080552,0.20000,1001.41999364,1
1505321611,21080551,0.20000,170.03963536,1
1505321590,21080526,0.20040,600.00000000,0
1505321590,21080525,0.20020,600.00000000,0
1505321582,21080505,0.20007,510.00000000,1
1505321564,21080483,0.20006,5070.84869300,1
1505321561,21080480,0.20005,5857.10151000,1
1505321535,21080370,0.20002,544.00000000,0
1505321535,21080369,0.20000,1378.92146612,0
1505321528,21080364,0.20000,1067.03552300,1
1505321510,21080332,0.20000,9831.13059000,0
1505321510,21080330,0.20000,1253.00000000,0
1505321509,21080329,0.20000,392.91531000,0
1505321414,21080112,0.20000,1071.75384671,1
1505321413,21080109,0.20000,5118.20000000,0
1505321404,21080083,0.20000,6189.95384671,1
1505321403,21080080,0.20000,370.31443000,1
1505321402,21080072,0.20000,600.00000000,0
1505321402,21080071,0.20000,123.13548229,0
1505321402,21080069,0.20000,547.00000000,0
1505321402,21080067,0.19980,600.00000000,0
1505321371,21080003,0.19978,3839.28606467,0
1505321365,21079997,0.19978,2571.40709781,0
1505321337,21079932,0.19978,1002.85474837,0
1505321337,21079930,0.19960,544.22550101,0
1505321335,21079915,0.19959,573.07057000,0
1505321319,21079864,0.19960,55.77449899,0
1505321319,21079862,0.19950,1110.00000000,0
1505321318,21079861,0.19940,600.00000000,0
1505321318,21079860,0.19930,30.00000000,0
1505321317,21079859,0.19929,141.49891000,0
1505321317,21079858,0.19920,5447.00000000,0
1505321317,21079857,0.19920,35.00000000,0
1505321317,21079856,0.19920,600.00000000,0
1505321316,21079855,0.19919,707.49453000,0
1505321316,21079853,0.19900,600.00000000,0
1505321314,21079852,0.19880,0.00000070,0
1505321314,21079851,0.19880,599.99999930,0
1505321280,21079764,0.19862,217.13387000,0
1505321280,21079762,0.19860,600.00000000,0
1505321280,21079760,0.19820,35.00000000,0
1505321279,21079754,0.19800,1881.03565657,0
1505321278,21079749,0.19800,5000.00000000,0
1505321276,21079738,0.19800,8118.96434343,0
1505321274,21079735,0.19790,5486.16417945,0
1505321272,21079725,0.19790,6834.45965000,0
1505321272,21079724,0.19789,1085.66935000,0
1505321270,21079710,0.19790,2593.26051700,0
1505321269,21079705,0.19789,1085.66935000,0
1505321244,21079639,0.19758,1541.87625200,1
1505321225,21079595,0.19758,5890.00000000,1
1505321223,21079590,0.19787,110.00000000,1
1505321161,21079489,0.19788,1155.73468955,0
1505321161,21079487,0.19770,3003.47078661,0
1505321159,21079478,0.19758,79.12291000,0
1505321159,21079475,0.19758,4708.22610296,0
1505321145,21079448,0.19758,1257.59479704,0
1505321144,21079447,0.19757,2500.00000000,1
1505321143,21079443,0.19757,5000.00000000,0
1505321143,21079442,0.19757,1340.09151861,0
1505321129,21079417,0.19757,3659.90848139,0
1505321129,21079416,0.19757,53.60854414,0
1505321128,21079415,0.19735,74.10292000,0
1505321128,21079414,0.19710,923.00000000,0
1505321126,21079407,0.19709,4544.91922472,0
1505321020,21079312,0.19630,433.69860700,1
1505320947,21079283,0.19709,455.08077528,0
1505320945,21079282,0.19661,0.42566524,0
1505320888,21079235,0.19661,3633.00000000,0
1505320806,21079144,0.19642,1249.45776659,0
1505320760,21079109,0.19606,2000.00000000,1
1505320760,21079108,0.19661,4507.66393476,0
1505320760,21079107,0.19661,3343.48206524,0
1505320652,21078994,0.19605,910.75213800,0
1505320636,21078970,0.19605,2519.25848900,0
1505320635,21078969,0.19605,6569.98937300,0
1505320635,21078968,0.19604,10000.00000000,0
1505320635,21078966,0.19604,9089.24786200,0
1505320631,21078955,0.19604,910.75213800,0
1505320606,21078931,0.19598,10000.00000000,0
1505320606,21078930,0.19598,7868.41072400,0
1505320605,21078928,0.19598,2131.58927600,0
1505320605,21078927,0.19598,10000.00000000,0
1505320605,21078926,0.19598,10000.00000000,0
1505320605,21078925,0.19598,10000.00000000,0
1505320605,21078924,0.19598,10000.00000000,0
1505320527,21078862,0.19597,128.46041382,0
1505320527,21078861,0.19597,3115.80118618,0
1505320515,21078842,0.19597,1463.02854114,0
1505320499,21078817,0.19597,5394.46838801,0
1505320497,21078816,0.19596,2240.79088000,0
1505320475,21078800,0.19589,983.90000000,0
1505320321,21078713,0.19597,26.70188467,0
1505320318,21078712,0.19661,797.60753654,0
1505320318,21078711,0.19628,41.04335287,0
1505320317,21078710,0.19621,102.16100000,0
1505320317,21078709,0.19621,102.16100000,0
1505320317,21078708,0.19621,102.16100000,0
1505320317,21078707,0.19621,102.16100000,0
1505320317,21078705,0.19621,102.16100000,0
1505320317,21078704,0.19621,102.16100000,0
1505320317,21078703,0.19621,102.16100000,0
1505320316,21078702,0.19621,102.16100000,0
1505320316,21078701,0.19621,102.16100000,0
1505320316,21078700,0.19621,102.16100000,0
1505320316,21078697,0.19619,102.16100000,0
1505320316,21078696,0.19619,102.16100000,0
1505320316,21078694,0.19619,2778.41616300,1
1505320315,21078693,0.19618,102.16100000,0
1505320315,21078691,0.19615,2847.41590000,0
1505320315,21078689,0.19609,2778.42709800,0
1505320313,21078686,0.19607,16264.78876000,0
1505320238,21078587,0.19533,2001.73593700,1
1505320238,21078584,0.19533,1129.66182800,1
1505320236,21078568,0.19537,408.86523007,1
1505320236,21078566,0.19537,2340.30790685,1
1505320177,21078521,0.19587,1291.73638899,1
1505320155,21078509,0.19588,400.36670476,0
1505320121,21078466,0.19537,351.38985139,1
1505320048,21078339,0.19586,517.84065487,0
1505320042,21078329,0.19537,627.98042311,1
1505320042,21078328,0.19537,2106.19724889,1
1505320015,21078306,0.19538,941.42260000,1
1505320002,21078298,0.19538,40.07965400,1
1505319907,21078214,0.19649,0.00000487,1
1505319906,21078210,0.19640,102.16100000,1
1505319905,21078204,0.19640,415.67965000,0
1505319898,21078192,0.19540,0.00000563,0
1505319898,21078190,0.19540,8094.59950971,0
1505319874,21078103,0.19540,612.59334698,0
1505319870,21078099,0.19540,509.05400900,0
1505319815,21078055,0.19540,3017.43794500,0
1505319812,21078053,0.19540,1825.05805500,0
1505319799,21078039,0.19540,2421.24800000,0
1505319797,21078038,0.19540,3445.83776868,0
1505319771,21078020,0.19540,10245.74636000,1
1505319771,21078019,0.19542,1274.42500000,1
1505319716,21077979,0.19660,5173.63248312,0
1505319716,21077978,0.19660,2469.38405000,0
1505319716,21077977,0.19625,2500.00000000,0
1505319703,21077965,0.19538,2600.76820000,0
1505319696,21077951,0.19537,2600.76820000,0
1505319696,21077949,0.19537,717.21641098,0
1505319690,21077943,0.19537,843.87600000,0
1505319689,21077941,0.19537,1039.67578902,0
1505319689,21077940,0.19537,2600.76820000,0
1505319689,21077939,0.19537,1776.10748422,0
1505319683,21077928,0.19537,824.66071578,0
1505319683,21077927,0.19537,590.58518622,0
1505319682,21077926,0.19537,2010.18301378,0
1505319682,21077925,0.19537,2600.76820000,0
1505319682,21077924,0.19537,798.02101479,0
1505319675,21077913,0.19537,1182.45618521,0
1505319675,21077912,0.19537,620.29100000,0
1505319626,21077842,0.19535,2152.00000000,0
1505319613,21077834,0.19535,148.00000000,0
1505319600,21077816,0.19533,1668.76596000,1
1505319572,21077796,0.19537,2600.76820000,0
1505319572,21077795,0.19537,2600.76820000,0
1505319572,21077794,0.19537,2600.76820000,0
1505319572,21077793,0.19537,2600.76820000,0
1505319572,21077791,0.19536,3241.19580000,0
1505319482,21077720,0.19533,3171.44900040,0
1505319481,21077719,0.19500,5973.11928631,0
1505319449,21077700,0.19500,122.66666666,0
1505319433,21077696,0.19499,2515.00000000,1
1505319429,21077694,0.19500,1904.21404703,0
1505319394,21077633,0.19499,374.09291068,0
1505319394,21077632,0.19486,285.11326332,0
1505319377,21077566,0.19486,2323.08290500,0
1505319320,21077511,0.19486,25.54541731,0
1505319263,21077433,0.19486,2559.54587909,0
1505319188,21077357,0.19410,3241.00000000,1
1505319111,21077317,0.19508,2556.65937051,0
1505319097,21077303,0.19510,629.99406175,0
1505318985,21077179,0.19362,6215.12565130,1
1505318910,21077122,0.19320,8247.99955399,1
1505318910,21077121,0.19322,1895.01697913,1
1505318909,21077120,0.19322,14604.40202087,1
1505318909,21077119,0.19322,1064.70604000,0
1505318909,21077118,0.19376,2000.00000000,1
1505318909,21077117,0.19412,1269.05230000,1
1505318909,21077116,0.19412,5322.50554000,0
1505318908,21077115,0.19450,29370.00593825,1
1505318908,21077114,0.19452,13857.32452190,1
1505318906,21077113,0.19466,1652.60104798,1
1505318890,21077106,0.19526,284.91423100,0
1505318866,21077093,0.19514,304.60781131,0
1505318734,21077023,0.19451,8472.08485640,1
1505318711,21077013,0.19524,188.31105900,1
1505318667,21076898,0.19531,2145.06482003,0
1505318622,21076874,0.19536,4000.00000000,1
1505318578,21076848,0.19536,1833.88640634,0
1505318578,21076847,0.19536,2067.09004739,0
1505318576,21076846,0.19536,533.67815261,0
1505318576,21076845,0.19536,206.69039776,0
1505318575,21076844,0.19536,2394.07780224,0
1505318575,21076843,0.19536,669.51628048,0
1505318561,21076838,0.19536,479.50053746,0
1505318478,21076725,0.19536,1451.75138206,0
1505318478,21076724,0.19535,638.36368000,0
1505318476,21076720,0.19485,637.36325773,0
1505318438,21076686,0.19500,1934.87179487,1
1505318418,21076669,0.19500,631.23403768,1
1505318412,21076656,0.19500,2572.23505260,1
1505318400,21076636,0.19500,1374.53580000,1
1505318379,21076624,0.19527,839.91701771,0
1505318344,21076602,0.19535,1422.59718454,0
1505318343,21076601,0.19535,255.31256719,0
1505318342,21076600,0.19534,2500.00000000,0
1505318309,21076571,0.19649,2588.45859840,1
1505318307,21076570,0.19556,2500.00000000,0
1505318267,21076560,0.19500,857.62863167,1
1505318219,21076520,0.19609,12694.10602274,1
1505318218,21076519,0.19604,5000.00000000,1
1505318217,21076518,0.19518,267.81420000,0
1505318217,21076516,0.19516,267.81420000,0
1505318217,21076514,0.19516,267.81420000,0
1505318217,21076512,0.19515,267.81420000,0
1505318216,21076511,0.19515,267.81420000,0
1505318216,21076510,0.19514,267.81420000,0
1505318216,21076509,0.19514,267.81420000,0
1505318216,21076508,0.19514,267.81420000,0
1505318214,21076507,0.19512,267.81420000,0
1505318214,21076506,0.19512,267.81420000,0
1505318214,21076505,0.19512,0.00001000,0
1505318199,21076485,0.19500,611.48000000,1
1505318129,21076384,0.19500,5943.12995700,1
1505318129,21076383,0.19500,20156.88400000,1
1505318128,21076382,0.19500,2084.29106300,1
1505318128,21076381,0.19501,191.86775800,1
1505318124,21076376,0.19501,6047.11352200,1
1505318081,21076342,0.19500,1022.28819651,0
1505317911,21076112,0.19522,267.81419000,1
1505317869,21076075,0.19522,2432.18581000,1
1505317785,21075974,0.19590,1020.00610000,1
1505317769,21075961,0.19599,684.98966784,0
1505317550,21075622,0.19652,299.47516792,0
1505317536,21075603,0.19500,458.79165357,0
1505317535,21075601,0.19500,252.09313247,0
1505317534,21075598,0.19520,1809.40098000,1
1505317534,21075597,0.19520,9054.28019000,1
1505317534,21075594,0.19522,1271.62990000,1
1505317534,21075593,0.19600,1020.30000000,1
1505317478,21075502,0.19669,3999.99999822,1
1505317478,21075501,0.19669,141.08960000,1
1505317478,21075500,0.19670,4000.00000000,1
1505317471,21075490,0.19669,2489.31990000,1
1505317458,21075459,0.19669,10685.68515500,1
1505317454,21075442,0.19669,6630.40949800,1
1505317439,21075425,0.19669,5356.27183703,1
1505317438,21075417,0.19664,67.22995000,0
1505317415,21075375,0.19592,2046.93344222,1
1505317415,21075374,0.19593,1246.56590000,1
1505317366,21075318,0.19700,252.00034000,0
1505317366,21075317,0.19692,82.99994000,0
1505317365,21075316,0.19692,414.99972000,0
1505317325,21075267,0.19700,51125.78806751,0
1505317324,21075266,0.19699,13556.69100000,1
1505317324,21075265,0.19699,636.82821000,1
1505317324,21075264,0.19636,1708.73750000,0
1505317323,21075263,0.19635,127.36564000,0
1505317323,21075262,0.19635,636.82821000,0
1505317323,21075261,0.19593,1.12878177,0
1505317321,21075260,0.19575,1347.23000000,0
1505317290,21075215,0.19634,752.50321823,1
1505317288,21075211,0.19576,1247.49678177,0
1505317269,21075175,0.19575,419.00000000,1
1505317266,21075169,0.19576,258.00000000,0
1505317244,21075128,0.19576,25.50321823,0
1505317242,21075126,0.19575,2339.91330000,1
1505317227,21075106,0.19606,25.46419463,0
1505317226,21075103,0.19576,1426.57200000,1
1505317224,21075098,0.19635,25.42658518,0
1505317220,21075083,0.19576,1934.13103700,1
1505317216,21075078,0.19637,25.42399552,0
1505317212,21075069,0.19501,502.00000000,0
1505317200,21075056,0.19501,313.20019000,1
1505317190,21074998,0.19708,5864.88039312,0
1505317190,21074997,0.19640,100.00000000,0
1505317190,21074996,0.19639,25.85602000,0
1505317190,21074995,0.19610,35.00000000,0
1505317190,21074994,0.19601,3988.00000000,0
1505317190,21074993,0.19578,129.28012000,0
1505317181,21074979,0.19500,347.12092400,1
1505317181,21074978,0.19519,129.87907600,1
1505317159,21074954,0.19510,35.00000000,0
1505317155,21074952,0.19500,7072.57166933,0
1505317136,21074937,0.19500,5914.33554871,0
1505317122,21074916,0.19500,56.00000000,0
1505317112,21074905,0.19500,2000.00000000,0
1505317096,21074878,0.19500,42796.40517948,0
1505317094,21074874,0.19499,153.60014000,0
1505317083,21074847,0.19500,74961.85288256,0
1505317083,21074846,0.19500,17000.00000000,0
1505317082,21074845,0.19500,207.58522000,0
1505317074,21074838,0.19500,817.50478000,0
1505317074,21074837,0.19499,182.49522000,0
1505317072,21074835,0.19450,70629.99406175,0
1505317067,21074827,0.19450,25379.28071979,0
1505317065,21074822,0.19450,88.00000000,0
1505317062,21074819,0.19450,88.00000000,0
1505317055,21074813,0.19450,88.30000000,0
1505317051,21074809,0.19450,88.00000000,0
1505317048,21074808,0.19450,783.17400000,0
1505317048,21074807,0.19449,216.82600000,0
1505317045,21074804,0.19450,88.00000000,0
1505317042,21074802,0.19450,20953.06971722,0
1505317041,21074801,0.19450,88.00000000,0
1505317040,21074799,0.19449,2.44868300,0
1505317038,21074798,0.19449,255.16636700,0
1505317027,21074781,0.19450,88.00000000,0
1505317024,21074776,0.19450,23962.35804627,0
1505317022,21074775,0.19450,619.91085000,0
1505317022,21074774,0.19449,306.07729000,0
1505317012,21074762,0.19450,1000.00000000,0
1505317011,21074758,0.19450,1762.00000000,0
1505317008,21074755,0.19450,1398.34381000,0
1505317008,21074754,0.19449,363.65619000,0
1505317002,21074744,0.19450,88.00000000,0
1505317000,21074739,0.19450,1762.00000000,0
1505316998,21074737,0.19450,13866.49585604,0
1505316997,21074736,0.19450,1850.00000000,0
1505316995,21074733,0.19450,2891.09270300,0
1505316995,21074732,0.19449,432.06675000,0
1505316992,21074728,0.19450,1850.00000000,0
1505316990,21074723,0.19450,1841.30000000,0
1505316986,21074713,0.19450,88.00000000,0
1505316983,21074708,0.19450,1762.00000000,0
1505316980,21074707,0.19450,88.00000000,0
1505316979,21074704,0.19450,1762.00000000,0
1505316975,21074699,0.19450,88.00000000,0
1505316974,21074697,0.19450,1762.00000000,0
1505316973,21074694,0.19450,1320.09890000,0
1505316973,21074693,0.19449,529.90110000,0
1505316966,21074681,0.19449,88.00000000,0
1505316959,21074666,0.19449,88.00000000,0
1505316955,21074664,0.19450,88.30000000,0
1505316952,21074657,0.19450,1762.00000000,0
1505316950,21074656,0.19450,88.00000000,0
1505316946,21074650,0.19450,1850.00000000,0
1505316943,21074649,0.19450,1115.86008000,0
1505316943,21074648,0.19449,646.13992000,0
1505316941,21074644,0.19450,88.00000000,0
1505316940,21074642,0.19448,250.00000000,1
1505316935,21074631,0.19449,87.00000000,0
1505316929,21074620,0.19449,88.00000000,0
1505316925,21074613,0.19450,88.30000000,0
1505316916,21074590,0.19450,968.38822000,0
1505316916,21074589,0.19449,800.61178000,0
1505316909,21074578,0.19450,1850.00000000,0
1505316907,21074575,0.19450,1031.77808000,0
1505316907,21074573,0.19449,863.22192000,0
1505316905,21074570,0.19449,88.00000000,0
1505316902,21074562,0.19448,148.00000000,1
1505316897,21074559,0.19450,1769.00000000,0
1505316895,21074555,0.19450,88.00000000,0
1505316892,21074553,0.19450,639.13534000,0
1505316892,21074552,0.19449,1130.16466000,0
1505316880,21074537,0.19450,176.00000000,0
1505316879,21074536,0.19450,300.00000000,0
1505316876,21074530,0.19450,235.74200200,0
1505316876,21074529,0.19449,1342.76989000,0
1505316875,21074528,0.19448,1506.00000000,1
1505316844,21074453,0.19448,1595.37016000,0
1505316844,21074452,0.19447,1749.00550000,0
1505316826,21074432,0.19308,193.82702000,1
1505316825,21074430,0.19309,9406.17298000,1
1505316805,21074400,0.19450,42824.38681876,0
1505316805,21074399,0.19449,2048.02550000,0
1505316799,21074386,0.19450,1959.45970344,0
1505316798,21074385,0.19449,2334.68805000,0
1505316798,21074384,0.19449,796.03891637,0
1505316797,21074383,0.19449,1538.64913363,0
1505316789,21074382,0.19400,385.63438800,1
1505316780,21074359,0.19450,5225.23109173,0
1505316780,21074358,0.19450,878.79985942,0
1505316778,21074349,0.19449,2088.30180000,0
1505316778,21074347,0.19449,2773.88679000,0
1505316721,21074290,0.19400,10000.00000000,0
1505316721,21074289,0.19398,3295.70708000,0
1505316721,21074288,0.19398,1473.80580000,0
1505316704,21074269,0.19397,1000.00000000,0
1505316693,21074244,0.19346,969.00000000,0
1505316693,21074243,0.19345,886.00953000,0
1505316691,21074239,0.19345,3029.68205000,0
1505316688,21074233,0.19335,1769.30000000,0
1505316570,21074050,0.19380,0.00000007,1
1505316563,21074035,0.19389,25.72350302,0
1505316497,21074012,0.19380,981.85636000,1
1505316486,21073997,0.19399,611.90391257,0
1505316475,21073982,0.19399,25.73591422,0
1505316472,21073980,0.19380,616.34413793,1
1505316472,21073979,0.19388,4383.65586207,1
1505316466,21073970,0.19399,25.73591422,0
1505316463,21073963,0.19393,1225.61903780,0
1505316457,21073959,0.19393,25.74387666,0
1505316447,21073897,0.19388,3707.77133000,0
1505316423,21073862,0.19388,4.00092840,0
1505316421,21073859,0.19380,233.00000000,0
1505316352,21073791,0.19376,382.27568453,0
1505316335,21073776,0.19369,5409.98678300,0
1505316250,21073692,0.19373,3000.00000000,1
1505316235,21073648,0.19215,10000.00000000,1
1505316235,21073647,0.19216,15641.88353000,1
1505316235,21073646,0.19217,2427.20790000,1
1505316115,21073491,0.19349,1086.79980400,0
1505316112,21073479,0.19140,5159.70663861,0
1505316111,21073477,0.19250,840.90545454,1
1505316111,21073476,0.19260,600.00000000,1
1505316110,21073474,0.19270,8447.58405700,1
1505316110,21073473,0.19271,1280.75980000,1
1505316108,21073471,0.19300,1840.94953959,1
1505316069,21073409,0.19300,1159.05046041,0
1505315981,21073234,0.19270,24764.41594300,1
1505315981,21073233,0.19298,42007.18300000,1
1505315981,21073231,0.19299,2762.94046000,1
1505315979,21073227,0.19300,1274.42380000,1
1505315945,21073100,0.19442,2000.00000000,0
1505315857,21072824,0.19450,15092.19991197,1
1505315857,21072822,0.19450,1103.36097900,1
1505315857,21072820,0.19450,1863.73568300,1
1505315857,21072819,0.19451,909.57231700,1
1505315856,21072813,0.19451,670.42768300,1
1505315853,21072806,0.19451,420.00000000,0
1505315847,21072795,0.19450,15092.56391700,1
1505315834,21072763,0.19450,279.00000000,1
1505315829,21072757,0.19450,1819.33188300,1
1505315827,21072747,0.19450,2267.14100000,1
1505315827,21072743,0.19450,2267.14100000,1
1505315826,21072740,0.19450,9973.36469600,1
1505315826,21072739,0.19450,1732.68200000,1
1505315825,21072736,0.19450,1244.02643100,1
1505315794,21072677,0.19450,1000.00000000,1
1505315777,21072647,0.19450,1369.35051000,1
1505315775,21072640,0.19450,3919.13525923,1
1505315762,21072614,0.19450,2580.86786600,1
1505315758,21072610,0.19450,2176.74804600,1
1505315758,21072608,0.19451,8902.14473000,1
1505315740,21072532,0.19451,480.00000000,0
1505315734,21072528,0.19450,3262.32397600,1
1505315734,21072526,0.19451,9887.61465000,1
1505315714,21072518,0.19451,420.00000000,0
1505315707,21072510,0.19450,2889.64525317,1
1505315706,21072509,0.19450,19111.20529100,1
1505315706,21072507,0.19451,521.89463000,1
1505315701,21072493,0.19451,10448.40743000,1
1505315700,21072491,0.19450,8196.67696500,1
1505315699,21072490,0.19450,12806.33360200,1
1505315697,21072485,0.19450,3151.52720000,1
1505315697,21072483,0.19450,7769.25666700,1
1505315695,21072475,0.19450,1441.54714371,1
1505315691,21072472,0.19450,10000.00000000,1
1505315690,21072471,0.19450,392.00000000,1
1505315685,21072459,0.19402,480.00000000,1
1505315664,21072384,0.19450,323.12608900,0
1505315639,21072312,0.19497,13402.01097604,1
1505315638,21072311,0.19460,21930.60060021,0
1505315638,21072310,0.19459,514.66333000,0
1505315638,21072309,0.19457,12083.24900000,0
1505315638,21072308,0.19457,102.93267000,0
1505315637,21072307,0.19399,2768.00840000,1
1505315636,21072300,0.19399,470.00000000,0
1505315631,21072284,0.19399,1038.09920859,0
1505315611,21072239,0.19460,13065.39939979,0
1505315610,21072237,0.19460,9685.50800000,1
1505315610,21072236,0.19457,127.07737000,1
1505315610,21072235,0.19457,3032.73703000,1
1505315609,21072233,0.19399,565.58074592,1
1505315608,21072231,0.19399,635.38683000,1
1505315608,21072230,0.19399,13964.24847566,0
1505315560,21072103,0.19400,34098.21783505,0
1505315560,21072101,0.19377,1000.00000000,0
1505315560,21072099,0.19376,276.11143000,0
1505315559,21072097,0.19360,1670.75482904,0
1505315559,21072095,0.19360,1669.11322000,0
1505315559,21072094,0.19360,6167.74767562,0
1505315559,21072092,0.19359,1380.55717000,0
1505315558,21072090,0.19358,1541.19407811,1
1505315558,21072089,0.19358,1199.19302000,1
1505315557,21072086,0.19358,2501.69570000,0
1505315553,21072077,0.19358,111.82780000,0
1505315551,21072075,0.19216,1292.50216277,1
1505315551,21072074,0.19221,1286.41700000,1
1505315550,21072073,0.19253,3604.58315723,1
1505315541,21072051,0.19376,1658.66840421,1
1505315540,21072050,0.19363,1669.43441437,0
1505315540,21072049,0.19363,900.07198441,0
1505315540,21072048,0.19362,1937.60390000,0
1505315538,21072046,0.19360,2506.08000000,1
1505315538,21072042,0.19360,15995.60150000,0
1505315538,21072041,0.19359,46141.50300000,0
1505315527,21072018,0.19363,3578.85638413,0
1505315527,21072017,0.19363,6371.21060787,0
1505315526,21072016,0.19211,9022.66020000,1
1505315526,21072015,0.19212,16007.33980000,1
1505315519,21071993,0.19400,3387.41670103,0
1505315519,21071992,0.19400,5118.20000000,1
1505315519,21071988,0.19399,75.38445000,0
1505315518,21071986,0.19376,156.21975000,1
1505315518,21071985,0.19365,5118.20000000,0
1505315518,21071981,0.19364,781.09877000,0
1505315517,21071980,0.19363,6369.73640449,1
1505315517,21071977,0.19363,1463.52627867,1
1505315516,21071974,0.19363,2811.08040000,0
1505315484,21071896,0.19377,28527.56805536,1
1505315484,21071893,0.19377,17257.31700000,1
1505315484,21071891,0.19377,7877.14357231,1
1505315484,21071889,0.19377,1514.41809820,1
1505315483,21071888,0.19377,6616.69953000,0
1505315454,21071778,0.19205,1408.64844605,0
1505315453,21071775,0.19205,253.77380395,0
1505315453,21071774,0.19205,523.98275000,0
1505315453,21071773,0.19205,1154.64564605,0
1505315338,21071469,0.19199,266.59117182,0
1505315286,21071416,0.19102,146.48479180,1
1505315258,21071387,0.19102,292.96958362,1
1505315154,21071305,0.19068,100.00000000,1
1505315141,21071275,0.19063,100.00000000,1
1505315125,21071256,0.19205,383.66280005,0
1505315124,21071255,0.19204,210.59093000,0
1505315124,21071254,0.19204,5000.00000000,0
1505315124,21071252,0.19203,1959.86730995,0
1505315124,21071250,0.19200,10000.00000000,0
1505315123,21071249,0.19188,2500.00000000,0
1505315123,21071248,0.19187,1292.92430000,0
1505315123,21071247,0.19187,100.00000000,1
1505315121,21071241,0.19181,1052.95466000,0
1505315121,21071239,0.19181,2500.00000000,0
1505315109,21071198,0.19071,100.00000000,1
1505315095,21071176,0.19077,100.00000000,1
1505315077,21071171,0.19067,100.00000000,1
1505315064,21071163,0.19090,100.00000000,1
1505315062,21071162,0.19178,3859.19524241,1
1505315061,21071160,0.19178,1251.03523000,0
1505315043,21071083,0.19084,700.00000000,1
1505315038,21071077,0.19085,100.00000000,1
1505315031,21071064,0.19084,2393.35078184,0
1505315030,21071061,0.19084,1238.84296216,0
1505315025,21071050,0.19063,100.00000000,1
1505315024,21071046,0.19084,1173.80625600,0
1505315012,21071037,0.19061,100.00000000,1
1505315000,21071021,0.19060,5732.12429020,1
1505314999,21071013,0.19059,100.00000000,1
1505314983,21070995,0.19057,100.00000000,1
1505314969,21070975,0.19056,100.00000000,1
1505314963,21070965,0.19084,4000.00000000,0
1505314955,21070946,0.19054,100.00000000,1
1505314948,21070926,0.19043,1506.53685183,0
1505314948,21070923,0.19043,10000.00000000,0
1505314947,21070914,0.19043,3480.28148900,0
1505314947,21070912,0.19043,1087.42803500,0
1505314947,21070911,0.19043,2860.64450271,0
1505314947,21070910,0.19040,6745.29646729,0
1505314947,21070909,0.19040,4761.24038500,0
1505314947,21070908,0.19040,5211.14103000,0
1505314946,21070904,0.19040,1251.02091800,0
1505314946,21070902,0.19040,6658.80558500,0
1505314940,21070888,0.19031,100.00000000,1
1505314937,21070887,0.19040,88.00000000,0
1505314935,21070884,0.19040,7547.99999900,0
1505314927,21070875,0.19040,3870.53685300,0
1505314926,21070873,0.19030,100.00000000,1
1505314926,21070870,0.19040,130.95876271,1
1505314923,21070860,0.19043,230.00000000,0
1505314913,21070843,0.19043,1843.10912146,0
1505314911,21070841,0.19043,1194.00000000,0
1505314906,21070824,0.19040,100.00000000,1
1505314892,21070813,0.19040,100.00000000,1
1505314883,21070801,0.19043,3197.00000000,0
1505314878,21070797,0.19040,100.00000000,1
1505314863,21070780,0.19040,100.00000000,1
1505314856,21070774,0.19084,1194.00000000,0
1505314850,21070761,0.19040,100.00000000,1
1505314849,21070758,0.19082,104.54941830,0
1505314846,21070755,0.19040,64.00000000,1
1505314844,21070746,0.19043,36.00000000,1
1505314837,21070736,0.19043,100.00000000,1
1505314831,21070725,0.19100,17402.84568062,1
1505314828,21070712,0.19095,476.00000000,0
1505314828,21070710,0.19095,476.00000000,0
1505314828,21070708,0.19095,476.00000000,0
1505314827,21070706,0.19095,476.00000000,0
1505314827,21070705,0.19095,476.00000000,0
1505314827,21070704,0.19095,476.00000000,0
1505314827,21070703,0.19095,476.00000000,0
1505314827,21070702,0.19095,476.00000000,0
1505314827,21070701,0.19095,476.00000000,0
1505314827,21070700,0.19095,476.00000000,0
1505314827,21070699,0.19095,476.00000000,0
1505314827,21070698,0.19095,476.00000000,0
1505314827,21070697,0.19095,476.00000000,0
1505314826,21070696,0.19095,476.00000000,0
1505314826,21070695,0.19095,476.00000000,0
1505314826,21070694,0.19094,476.00000000,0
1505314826,21070692,0.19094,476.00000000,0
1505314826,21070691,0.19093,476.00000000,0
1505314826,21070690,0.19093,100.00000000,0
1505314826,21070689,0.19061,824.00000000,0
1505314823,21070685,0.19043,100.00000000,1
1505314819,21070672,0.19043,173.00000000,1
1505314811,21070661,0.19043,100.00000000,1
1505314807,21070645,0.19061,576.00000000,0
1505314799,21070631,0.19098,376.00000000,1
1505314798,21070629,0.19098,100.00000000,1
1505314782,21070619,0.19100,100.00000000,1
1505314767,21070602,0.19100,25159.67120300,1
1505314763,21070590,0.19100,33.00000000,1
1505314762,21070589,0.19100,67.00000000,1
1505314734,21070508,0.19100,258.00000000,1
1505314717,21070476,0.19100,100.00000000,1
1505314649,21070363,0.19191,4842.26152884,0
1505314647,21070358,0.19190,1914.95410000,0
1505314481,21070102,0.19196,498.85700146,0
1505314471,21070070,0.19196,61.88789331,0
1505314402,21069841,0.19130,2624.18978100,1
1505314400,21069830,0.19130,2500.00000000,1
1505314399,21069824,0.19130,1915.00000000,1
1505314396,21069815,0.19130,16581.13532200,1
1505314391,21069804,0.19129,1539.34610000,0
1505314382,21069779,0.19099,1552.86467800,0
1505314359,21069755,0.19099,1366.00000000,0
1505314283,21069590,0.19141,476.00000000,0
1505314271,21069576,0.19143,491.83069529,0
1505314270,21069574,0.19133,15974.61352000,0
1505314270,21069573,0.19133,1911.27790000,1
1505314270,21069572,0.19098,851.33453304,0
1505314270,21069571,0.19090,1.16719473,0
1505314268,21069564,0.19050,61.43629568,0
1505314244,21069526,0.19050,40883.55653543,0
1505314231,21069491,0.19050,110.70000000,0
1505314231,21069490,0.19050,476.00000000,0
1505314221,21069480,0.19050,89.00000000,0
1505314219,21069479,0.19050,89.00000000,0
1505314210,21069464,0.19050,1000.00000000,0
1505314208,21069461,0.19050,2612.33019900,0
1505314204,21069454,0.19050,8181.22670866,0
1505314204,21069452,0.19050,400.00000000,0
1505314197,21069432,0.19044,3000.00000000,1
1505314183,21069413,0.19050,476.00000000,0
1505314183,21069411,0.19050,1400.00000000,0
1505314172,21069395,0.19050,1500.00000000,0
1505314162,21069381,0.19050,1000.00000000,0
1505314158,21069368,0.19050,1777.00000000,0
1505314157,21069364,0.19050,88.00000000,0
1505314156,21069361,0.19050,476.00000000,0
1505314151,21069353,0.19044,523.09914513,1
1505314143,21069348,0.19050,5196.89645669,0
1505314129,21069331,0.19050,2463.64163877,0
1505314128,21069330,0.19049,1036.35836123,0
1505314118,21069314,0.19050,101.05917832,0
1505314109,21069304,0.19050,10000.00000000,0
1505314107,21069301,0.19050,1110.00000000,1
1505314107,21069300,0.19050,14913.88434645,1
1505314106,21069299,0.19060,14237.00000000,1
1505314081,21069266,0.19090,2672.26752225,0
1505314081,21069265,0.19080,74.73247775,0
1505314074,21069259,0.19080,523.52877600,0
1505314071,21069255,0.19080,420.19309800,0
1505314059,21069228,0.19061,3405.24000000,1
1505314030,21069171,0.19061,877.48176866,1
1505314029,21069170,0.19090,270.60909802,1
1505314013,21069155,0.19112,99.05636700,0
1505314004,21069142,0.19094,631.64590000,1
1505314004,21069141,0.19094,631.64590000,1
1505314004,21069140,0.19095,631.64590000,1
1505313991,21069123,0.19112,126.00000000,0
1505313962,21069092,0.19112,416.00000000,0
1505313937,21069057,0.19112,126.00000000,0
1505313926,21069046,0.19112,11703.00000000,0
1505313916,21069027,0.19112,100.00000000,0
1505313915,21069025,0.19112,414.98334200,0
1505313912,21069022,0.19112,286.97229600,0
1505313906,21069010,0.19112,9985.00000000,0
1505313897,21068964,0.19090,107.39090198,1
1505313896,21068962,0.19092,524.25497662,0
1505313895,21068957,0.19092,3360.59452000,1
1505313895,21068956,0.19112,17856.67153500,0
1505313891,21068953,0.19123,3707.19590000,1
1505313891,21068952,0.19124,20336.31500000,1
1505313891,21068951,0.19125,15978.76434000,1
1505313853,21068874,0.19196,774.11960825,0
1505313757,21068746,0.19203,3500.00000000,0
1505313738,21068726,0.19205,33.18047050,0
1505313738,21068725,0.19204,3541.47894000,0
1505313738,21068724,0.19186,1474.97130000,0
1505313737,21068723,0.19185,12052.34000000,0
1505313737,21068722,0.19161,1300.00000000,0
1505313737,21068721,0.19160,12658.10603000,0
1505313737,21068720,0.19155,4130.00000000,0
1505313713,21068639,0.19154,459.79857993,0
1505313650,21068464,0.19166,1821.31500000,0
1505313650,21068463,0.19114,378.68500000,0
1505313634,21068408,0.19177,1503.25546227,0
1505313632,21068397,0.19090,974.31500000,0
1505313615,21068316,0.19123,520.00000000,0
1505313598,21068195,0.19060,11168.87494641,1
1505313598,21068193,0.19067,115.90706000,1
1505313598,21068190,0.19069,99.01689959,1
1505313598,21068189,0.19069,75.38445000,1
1505313598,21068187,0.19100,2950.00000000,1
1505313598,21068186,0.19100,26.22985000,1
1505313597,21068182,0.19100,1000.00000000,1
1505313597,21068181,0.19100,3150.00000000,1
1505313597,21068180,0.19100,27.00000000,1
1505313591,21068129,0.19100,107.00000000,1
1505313591,21068125,0.19100,3000.00000000,1
1505313590,21068120,0.19100,5236.00000000,1
1505313590,21068115,0.19101,13000.00000000,1
1505313590,21068105,0.19105,2000.00000000,1
1505313590,21068101,0.19106,37.51940000,1
1505313589,21068096,0.19109,5000.00000000,1
1505313589,21068090,0.19110,35.00000000,1
1505313589,21068084,0.19110,35.00000000,1
1505313589,21068078,0.19120,1000.00000000,1
1505313588,21068074,0.19120,35.00000000,1
1505313588,21068070,0.19121,412.48983907,1
1505313588,21068066,0.19121,4160.33082400,1
1505313587,21068056,0.19121,5382.89077200,1
1505313587,21068055,0.19121,805.68107600,1
1505313587,21068049,0.19121,4160.33082400,1
1505313587,21068044,0.19121,12140.22449000,1
1505313586,21068040,0.19121,1035.00000000,1
1505313586,21068035,0.19121,5070.00000000,1
1505313585,21068024,0.19121,1290.79260000,1
1505313585,21068018,0.19121,542.25957493,1
1505313585,21068017,0.19132,913.83042507,1
1505313585,21068014,0.19132,786.16957493,1
1505313585,21068012,0.19148,913.83042507,1
1505313584,21068007,0.19148,387.98357493,1
1505313584,21068003,0.19150,1000.00000000,1
1505313584,21068000,0.19160,2500.00000000,1
1505313584,21067998,0.19185,37.36490000,1
1505313584,21067995,0.19200,2500.00000000,1
1505313584,21067992,0.19200,4794.73176307,1
1505313583,21067985,0.19200,1726.66391200,1
1505313583,21067983,0.19200,3478.60432493,1
1505313583,21067982,0.19200,1000.00000000,1
1505313583,21067981,0.19200,521.39567507,1
1505313582,21067980,0.19200,9478.60432493,1
1505313582,21067978,0.19200,27.00000000,1
1505313582,21067976,0.19201,2000.00000000,1
1505313582,21067975,0.19201,1015.57238685,1
1505313581,21067974,0.19202,5000.00000000,1
1505313581,21067973,0.19205,3038.70151822,1
1505313539,21067717,0.19205,929.96082492,1
1505313525,21067691,0.19250,518.18503896,0
1505313518,21067665,0.19250,3898.98628700,1
1505313517,21067658,0.19250,1251.01371300,1
1505313489,21067600,0.19250,1500.00000000,1
1505313486,21067595,0.19309,393.78260000,0
1505313404,21067488,0.19311,103.00000000,0
1505313386,21067421,0.19250,4283.02176700,1
1505313386,21067419,0.19253,457.14902000,1
1505313386,21067416,0.19253,2287.33768000,1
1505313386,21067415,0.19310,12515.63880000,1
1505313316,21067339,0.19310,7484.36120000,1
1505313315,21067338,0.19311,825.07934000,1
1505313186,21067208,0.19353,25.80736837,0
1505313126,21067149,0.19318,25.85412569,0
1505313097,21067131,0.19209,457.95242103,1
1505313053,21067089,0.19224,1000.00000000,1
1505313047,21067079,0.19337,103.00000000,0
1505313003,21066964,0.19351,61.84768000,0
1505312985,21066921,0.19228,212.00000000,1
1505312978,21066897,0.19359,448.00000000,0
1505312953,21066882,0.19346,1284.00000000,0
1505312949,21066879,0.19213,99.01689959,1
1505312949,21066878,0.19343,511.31024143,0
1505312948,21066877,0.19344,100.00000000,0
1505312947,21066871,0.19222,900.00000000,0
1505312946,21066870,0.19222,100.00000000,0
1505312917,21066807,0.19205,1031.33765686,1
1505312917,21066802,0.19210,35.00000000,1
1505312917,21066799,0.19210,35.00000000,1
1505312917,21066797,0.19210,35.00000000,1
1505312917,21066795,0.19220,35.00000000,1
1505312916,21066793,0.19221,1000.00000000,1
1505312916,21066792,0.19234,161.69761545,1
1505312916,21066791,0.19236,537.82459970,1
1505312916,21066789,0.19280,0.00000070,1
1505312913,21066776,0.19280,599.99999930,1
1505312913,21066775,0.19300,6543.30247070,1
1505312912,21066770,0.19300,1594.33353930,1
1505312881,21066734,0.19361,1418.11802000,1
1505312849,21066705,0.19361,450.00000000,1
1505312841,21066694,0.19301,631.88198000,0
1505312840,21066693,0.19300,1022.42724800,1
1505312840,21066691,0.19300,186.51305381,1
1505312838,21066684,0.19301,634.93712000,1
1505312838,21066680,0.19301,631.88198000,1
1505312835,21066654,0.19300,400.48694619,1
1505312833,21066649,0.19301,1578.41068345,1
1505312833,21066647,0.19301,2122.68394000,1
1505312829,21066623,0.19301,1611.74910244,1
1505312816,21066578,0.19388,490.00000000,0
1505312802,21066565,0.19358,998.39330000,1
1505312801,21066564,0.19358,3701.60670000,1
1505312790,21066561,0.19380,3080.00000000,0
1505312668,21066402,0.19366,25.79004441,0
1505312568,21066252,0.19300,0.00000177,0
1505312565,21066227,0.19300,700.53783000,0
1505312559,21066204,0.19284,4041.77947000,1
1505312559,21066203,0.19285,15958.22053000,1
1505312558,21066202,0.19300,1615.14674100,0
1505312558,21066201,0.19300,2031.28638500,0
1505312536,21066145,0.19300,1444.81148182,0
1505312534,21066131,0.19300,2347.09948926,0
1505312533,21066126,0.19300,2584.47082902,0
1505312527,21066093,0.19300,3661.88702452,0
1505312524,21066079,0.19300,280.58591182,0
1505312522,21066058,0.19300,3991.24588130,0
1505312522,21066055,0.19300,1462.75317643,0
1505312520,21066044,0.19300,587.00000000,0
1505312515,21066023,0.19300,1448.77298750,0
1505312515,21066021,0.19300,1403.17521835,0
1505312510,21066001,0.19300,5430.86546231,0
1505312509,21065998,0.19282,211.83547737,1
1505312508,21065993,0.19300,2477.15025906,0
1505312497,21065959,0.19300,713.50000000,0
1505312494,21065952,0.19300,110.00000000,1
1505312485,21065907,0.19438,513.17326885,0
1505312483,21065905,0.19299,1233.69655700,0
1505312482,21065899,0.19299,110.00000000,0
1505312480,21065894,0.19303,2490.56546300,1
1505312479,21065891,0.19300,110.00000000,0
1505312471,21065877,0.19299,291.00000000,0
1505312469,21065870,0.19299,2843.86759700,0
1505312460,21065838,0.19299,692.54365000,0
1505312457,21065829,0.19234,1.75000000,0
1505312456,21065823,0.19234,348.25000000,0
1505312445,21065784,0.19300,1510.00000000,0
1505312429,21065744,0.19300,136.45596000,0
1505312428,21065741,0.19300,1522.54623835,0
1505312426,21065729,0.19300,1233.38965261,0
1505312424,21065719,0.19300,1232.89759305,0
1505312423,21065707,0.19300,659.72289303,0
1505312421,21065692,0.19300,1233.43390282,0
1505312419,21065682,0.19379,2.81000000,1
1505312411,21065645,0.19334,1873.00000000,0
1505312390,21065554,0.19439,1883.78339050,0
1505312389,21065551,0.19300,131.19868767,0
1505312385,21065530,0.19300,21928.80131233,0
1505312383,21065508,0.19299,3874.61188000,0
1505312378,21065496,0.19299,9949.00000000,0
1505312376,21065489,0.19299,2151.71310000,0
1505312375,21065487,0.19298,1348.28690000,0
1505312372,21065471,0.19222,2236.11387000,1
1505312371,21065470,0.19223,6379.97380000,1
1505312371,21065469,0.19240,696.63025309,1
1505312371,21065466,0.19240,537.91636532,0
1505312370,21065452,0.19240,1234.44984203,0
1505312367,21065442,0.19240,1556.35718285,0
1505312367,21065439,0.19241,1295.14440000,1
1505312366,21065434,0.19250,28944.00000000,1
1505312366,21065432,0.19250,99.99999980,1
1505312366,21065430,0.19251,5118.20000000,1
1505312366,21065429,0.19251,1213.93221000,1
1505312365,21065420,0.19300,5260.00000000,0
1505312355,21065385,0.19300,9954.00000000,0
1505312353,21065378,0.19300,600.00000000,0
1505312352,21065377,0.19300,26.00000000,1
1505312352,21065376,0.19300,2100.00000000,1
1505312352,21065375,0.19500,8707.22423112,0
1505312352,21065374,0.19399,548.99137000,0
1505312352,21065373,0.19399,2744.95687000,0
1505312352,21065371,0.19399,2584.86250000,0
1505312352,21065370,0.19320,5000.00000000,0
1505312351,21065369,0.19320,15572.70600000,0
1505312349,21065356,0.19320,327.29400000,0
1505312348,21065352,0.19320,3500.00000000,0
1505312339,21065342,0.19320,600.00000000,1
1505312317,21065279,0.19321,572.49200774,1
1505312317,21065277,0.19321,468.67218052,1
1505312317,21065276,0.19322,99.01689959,1
1505312305,21065260,0.19437,585.75685952,0
1505312304,21065254,0.19325,1049.47371000,1
1505312304,21065253,0.19340,600.00000000,1
1505312303,21065252,0.19358,54.80938113,1
1505312289,21065203,0.19360,600.00000000,1
1505312289,21065202,0.19369,79.12291000,1
1505312289,21065201,0.19369,5965.82090000,1
1505312289,21065200,0.19370,53.60854414,1
1505312289,21065198,0.19380,600.00000000,1
1505312288,21065196,0.19385,10000.00000000,1
1505312288,21065195,0.19399,74.10292000,1
1505312288,21065194,0.19400,200.00000000,1
1505312288,21065193,0.19400,312.00000000,1
1505312287,21065188,0.19447,857.62863167,0
1505312197,21064868,0.19468,1163.10822889,0
1505312156,21064710,0.19500,4099.71510100,1
1505312156,21064707,0.19500,14232.98205800,1
1505312155,21064703,0.19500,6907.68991400,1
1505312155,21064702,0.19500,4973.68422400,1
1505312155,21064700,0.19500,2812.30745800,1
1505312155,21064698,0.19500,2439.11885200,1
1505312155,21064696,0.19500,7331.05801900,1
1505312155,21064695,0.19500,2164.05192200,1
1505312154,21064694,0.19500,2839.39245200,1
1505312152,21064691,0.19500,12200.00000000,1
1505312147,21064681,0.19400,38.00000000,1
1505312147,21064680,0.19400,26.00000000,1
1505312147,21064679,0.19400,600.00000000,1
1505312145,21064677,0.19420,600.00000000,1
1505312133,21064650,0.19527,5108.34347314,0
1505312113,21064614,0.19422,1120.99609000,1
1505312113,21064613,0.19440,600.00000000,1
1505312100,21064537,0.19460,7189.24409000,1
1505312097,21064529,0.19460,4511.65500000,1
1505312073,21064457,0.19572,25.51859800,0
1505312071,21064453,0.19460,2662.00286700,1
1505312071,21064452,0.19461,1260.86382000,1
1505312069,21064444,0.19460,4236.11829100,1
1505312069,21064443,0.19460,11943.24750600,1
1505312069,21064442,0.19460,600.00000000,1
1505312069,21064440,0.19461,1260.86382000,1
1505312069,21064439,0.19480,600.00000000,1
1505312069,21064437,0.19575,25.51468710,0
1505312053,21064390,0.19500,1146.12280200,1
1505312051,21064389,0.19500,1133.87719800,1
1505312027,21064357,0.19500,500.00000000,1
1505312027,21064356,0.19500,500.00000000,1
1505312013,21064338,0.19500,100.00000000,1
1505311982,21064271,0.19586,25.50035740,0
1505311979,21064266,0.19588,195.39672248,0
1505311978,21064263,0.19588,25.49775373,0
1505311975,21064236,0.19505,797.66286563,1
1505311975,21064234,0.19505,202.33713437,1
1505311975,21064231,0.19505,1533.77811563,1
1505311974,21064227,0.19591,25.49384922,0
1505311938,21064153,0.19505,2166.00000000,1
1505311869,21064065,0.19505,100.00000000,1
1505311855,21064034,0.19505,100.00000000,1
1505311851,21064031,0.19505,99.01689959,1
1505311837,21064023,0.19575,25.51468710,0
1505311835,21064021,0.19505,100.00000000,1
1505311820,21064013,0.19505,100.00000000,1
1505311803,21063995,0.19505,100.00000000,1
1505311783,21063968,0.19505,110.00000000,1
1505311780,21063966,0.19584,830.82598039,0
1505311778,21063965,0.19555,9370.00000000,0
1505311633,21063802,0.19505,255.64181100,1
1505311463,21063595,0.19555,609.00000000,0
1505311459,21063594,0.19505,32.19447878,1
1505311459,21063593,0.19506,22.87477322,1
1505311227,21063411,0.19506,627.12522678,1
1505311225,21063406,0.19541,1873.00000000,0
1505311224,21063405,0.19520,500.00000000,0
1505311200,21063297,0.19505,1892.47225000,1
1505311120,21063222,0.19506,500.00000000,0
1505311071,21063163,0.19506,427.87477322,0
1505310897,21062769,0.19601,361.32309576,0
1505310845,21062710,0.19508,237.03765800,1
1505310732,21062527,0.19629,1000.00000000,0
1505310725,21062523,0.19575,3585.79206560,1
1505310715,21062505,0.19575,12204.02850154,0
1505310714,21062503,0.19575,6474.12300148,0
1505310713,21062499,0.19575,6469.13888746,0
1505310668,21062452,0.19505,2357.40688700,1
1505310667,21062449,0.19505,1053.48955800,1
1505310667,21062448,0.19506,1077.80618000,1
1505310667,21062447,0.19520,575.11146700,1
1505310662,21062440,0.19520,24.88853300,1
1505310662,21062439,0.19530,100.00000000,1
1505310662,21062438,0.19540,600.00000000,1
1505310662,21062437,0.19544,30.00000000,1
1505310662,21062436,0.19550,550.00000000,1
1505310640,21062414,0.19606,26.00000000,0
1505310607,21062390,0.19551,550.00000000,1
1505310607,21062389,0.19560,600.00000000,1
1505310607,21062388,0.19561,30.00000000,1
1505310604,21062386,0.19575,36738.70382916,1
1505310604,21062385,0.19575,1247.93770000,1
1505310520,21062294,0.19669,1014.29274493,0
1505310486,21062249,0.19576,930.95371400,1
1505310379,21062137,0.19805,25.21837920,0
1505310377,21062135,0.19576,750.00000000,1
1505310361,21062120,0.19824,25.19420904,0
1505310359,21062118,0.19575,4592.97607800,1
1505310359,21062117,0.19576,945.75837000,1
1505310359,21062116,0.19643,484.90556400,1
1505310356,21062113,0.19643,2515.09443600,1
1505310308,21062000,0.19575,30832.08735900,1
1505310308,21061997,0.19575,1268.69048200,1
1505310307,21061992,0.19575,4418.34792300,1
1505310307,21061989,0.19575,9428.56975700,1
1505310306,21061979,0.19575,2145.96703161,1
1505310306,21061976,0.19576,0.00000039,1
1505310306,21061971,0.19576,1188.88071961,1
1505310306,21061969,0.19600,8.73167339,1
1505310303,21061938,0.19600,284.81498661,1
1505310291,21061885,0.19641,724.01919087,0
1505310250,21061799,0.19642,50.00000000,1
1505310234,21061773,0.19575,2097.05842100,1
1505310234,21061771,0.19576,1604.97344000,1
1505310203,21061688,0.19575,2007.85784300,1
1505310203,21061685,0.19575,1755.50000000,1
1505310203,21061682,0.19575,1909.54109200,1
1505310203,21061679,0.19576,1980.15913000,1
1505310203,21061677,0.19576,3174.51391000,1
1505310202,21061676,0.19576,531.00449000,1
1505310202,21061675,0.19577,7787.46449000,1
1505310189,21061634,0.19642,1311.71265100,0
1505310095,21061478,0.19645,1887.44349000,0
1505310093,21061470,0.19645,1887.75352939,0
1505310093,21061467,0.19646,326.64061709,1
1505310093,21061463,0.19646,365.00000000,0
1505310093,21061461,0.19646,1522.44349532,0
1505310091,21061448,0.19646,328.19052224,0
1505310088,21061442,0.19643,3378.05036593,1
1505310081,21061435,0.19646,1000.00000000,0
1505310072,21061427,0.19646,1000.00000000,0
1505310059,21061413,0.19646,1000.00000000,0
1505310057,21061410,0.19643,1340.71190100,1
1505310053,21061407,0.19646,328.06963249,0
1505310052,21061404,0.19643,327.52774000,1
1505310046,21061363,0.19643,2295.24100000,1
1505310043,21061339,0.19643,1083.11940000,1
1505310038,21061336,0.19643,1286.00000000,1
1505310026,21061329,0.19643,366.00000000,1
1505310025,21061328,0.19643,1286.00000000,1
1505310022,21061324,0.19643,6475.83299200,1
1505310012,21061312,0.19643,1256.60360000,1
1505310001,21061304,0.19645,327.52774101,0
1505309999,21061301,0.19643,327.02802000,1
1505309988,21061280,0.19643,1917.50000000,1
1505309975,21061269,0.19646,25.42247786,0
1505309974,21061268,0.19643,1269.78110000,1
1505309972,21061262,0.19643,1275.39341000,1
1505309970,21061259,0.19643,2534.66859000,1
1505309970,21061258,0.19643,5726.32700000,1
1505309969,21061255,0.19646,315.25275277,0
1505309968,21061249,0.19643,9705.51840000,1
1505309964,21061236,0.19646,1210.20946840,0
1505309963,21061231,0.19646,1210.18034223,0
1505309962,21061228,0.19646,315.98737656,0
1505309961,21061215,0.19643,315.47345000,1
1505309840,21061060,0.19576,294.48160000,1
1505309646,21060814,0.19646,140.00000000,0
1505309637,21060806,0.19646,439.00000000,0
1505309619,21060793,0.19646,111.70278937,0
1505309607,21060784,0.19646,165.00000000,0
1505309595,21060766,0.19646,175.78460490,0
1505309541,21060714,0.19646,25.42247786,0
1505309471,21060627,0.19643,294.48160000,1
1505309403,21060527,0.19643,60.93773900,0
1505309214,21060271,0.19561,1414.13480212,1
1505309201,21060259,0.19638,5964.48100000,0
1505309195,21060247,0.19638,30.00000000,0
1505309195,21060245,0.19561,3742.84339000,1
1505309169,21060209,0.19638,177.93174418,0
1505309159,21060200,0.19644,152.33750764,0
1505309156,21060195,0.19647,687.33406000,1
1505309151,21060190,0.19681,177.00000000,1
1505309130,21060136,0.19680,11153.50793000,1
1505309129,21060133,0.19680,4196.05565900,1
1505309129,21060132,0.19681,4922.03743600,1
1505309129,21060131,0.19681,4323.55827400,1
1505309127,21060127,0.19680,3007.11005000,1
1505309124,21060122,0.19990,5413.96808404,0
1505309124,21060121,0.19880,32831.00000000,0
1505309124,21060120,0.19764,3500.00000000,0
1505309124,21060118,0.19714,3000.00000000,0
1505309123,21060117,0.19714,14990.01016000,1
1505309123,21060116,0.19714,2732.50190900,1
1505309123,21060115,0.19711,819.97375000,0
1505309123,21060110,0.19651,4099.86874000,0
1505309122,21060107,0.19646,801.00000000,0
1505309121,21060106,0.19645,2017.33080000,0
1505309022,21059954,0.19562,998.50200000,0
1505309022,21059953,0.19562,3928.49800000,1
1505309020,21059942,0.19562,2175.00000000,1
1505308975,21059724,0.19577,1077.83958400,1
1505308975,21059723,0.19580,600.00000000,1
1505308944,21059564,0.19748,25.29116873,0
1505308936,21059491,0.19588,1273.27300000,1
1505308936,21059489,0.19600,600.00000000,1
1505308936,21059487,0.19620,600.00000000,1
1505308914,21059260,0.19764,15789.96227000,1
1505308914,21059257,0.19764,16694.53726000,1
1505308914,21059256,0.19765,12802.45015600,1
1505308914,21059255,0.19765,2987.51211400,1
1505308911,21059234,0.19762,897.10001000,0
1505308911,21059231,0.19762,4485.50005000,0
1505308911,21059227,0.19760,15827.27718000,0
1505308911,21059225,0.19687,1910.86200000,0
1505308911,21059222,0.19671,394.76123000,0
1505308891,21059118,0.19640,600.00000000,1
1505308885,21059100,0.19660,600.00000000,1
1505308885,21059099,0.19680,600.00000000,1
1505308884,21059098,0.19690,621.83415300,1
1505308884,21059097,0.19690,1200.00000000,1
1505308884,21059096,0.19690,4685.97358700,1
1505308883,21059095,0.19690,3629.19226000,1
1505308882,21059091,0.19690,396.29407281,0
1505308882,21059089,0.19691,2093.55221019,1
1505308882,21059088,0.19691,1285.84778981,0
1505308881,21059085,0.19691,2.32067519,1
1505308881,21059082,0.19691,1629.36996000,1
1505308881,21059077,0.19691,3381.00936481,1
1505308881,21059075,0.19700,398.48543019,1
1505308857,21058980,0.19700,201.51456981,1
1505308857,21058978,0.19720,600.00000000,1
1505308857,21058977,0.19770,30.00000000,1
1505308856,21058976,0.19770,1662.13243519,1
1505308856,21058975,0.19770,2416.96985000,1
1505308856,21058974,0.19770,1200.00000000,1
1505308842,21058932,0.19770,1200.00000000,1
1505308833,21058912,0.19770,4592.10011900,1
1505308827,21058893,0.19770,1780.15843100,1
1505308826,21058888,0.19770,2263.52731400,1
1505308826,21058887,0.19771,2435.41654000,1
1505308821,21058871,0.19770,4586.19913000,1
1505308811,21058824,0.19789,25.23876901,0
1505308806,21058802,0.19770,6485.00327400,1
1505308801,21058778,0.19770,6805.37778400,1
1505308800,21058776,0.19770,528.22404000,1
1505308776,21058547,0.19770,100.00000000,1
1505308758,21058370,0.19770,6713.82564000,1
1505308758,21058369,0.19771,3179.62273000,1
1505308750,21058340,0.19773,100.00000000,1
1505308749,21058337,0.19873,210.81497509,0
1505308738,21058298,0.19881,520.76900000,0
1505308737,21058295,0.19879,3264.14000000,0
1505308677,21057869,0.19784,100.00000000,1
1505308658,21057844,0.19781,100.00000000,1
1505308644,21057836,0.19781,100.00000000,1
1505308630,21057783,0.19781,100.00000000,1
1505308615,21057764,0.19780,100.00000000,1
1505308601,21057741,0.19780,100.00000000,1
1505308575,21057714,0.19934,25.05392526,0
1505308574,21057711,0.19779,400.00000000,1
1505308571,21057706,0.19779,100.00000000,1
1505308541,21057648,0.19774,100.00000000,1
1505308528,21057627,0.19772,18486.29947865,1
1505308528,21057626,0.19773,448.31152035,1
1505308528,21057625,0.19819,1237.09040000,1
1505308528,21057624,0.19821,91.00879000,1
1505308528,21057623,0.19844,454.97077000,1
1505308528,21057622,0.19890,5792.31904100,1
1505308514,21057601,0.19890,100.00000000,1
1505308336,21057314,0.19991,24.98374268,0
1505308319,21057291,0.19890,366.00000000,1
1505308307,21057261,0.19890,934.27752000,1
1505308287,21057204,0.19890,2520.40343900,1
1505308283,21057197,0.19890,287.00000000,0
1505308251,21057157,0.19890,260.00000000,1
1505308240,21057130,0.19890,3938.73317200,1
1505308225,21057073,0.19890,140.00000000,1
1505308208,21056993,0.19890,3006.96517100,1
1505308191,21056931,0.19890,1750.00000000,1
1505308186,21056916,0.19890,2522.97353048,1
1505308186,21056914,0.19891,977.02646952,1
1505308184,21056907,0.19891,10.84107000,0
1505308180,21056893,0.19891,538.15893000,0
1505308180,21056892,0.19891,988.55907000,0
1505308175,21056875,0.19891,4468.44093000,1
1505308155,21056818,0.19891,547.00000000,1
1505308130,21056749,0.19891,508.00000000,1
1505308130,21056748,0.19892,41.00000000,1
1505308108,21056671,0.19993,3397.68393209,0
1505308091,21056601,0.19992,956.18108584,0
1505308084,21056570,0.19996,1598.76925000,0
1505308078,21056551,0.20000,0.00000043,1
1505308078,21056550,0.20000,792.85437700,1
1505308077,21056546,0.20000,1046.08192700,1
1505308077,21056545,0.20000,1339.95099200,1
1505308072,21056506,0.20000,168.76137251,0
1505308053,21056448,0.19997,3397.68393209,0
1505308052,21056446,0.20001,402.31606791,1
1505308047,21056436,0.20001,752.21783209,1
1505308047,21056435,0.20002,2116.53909000,1
1505308034,21056382,0.20000,168.96738591,1
1505308028,21056364,0.19892,100.00000000,1
1505308009,21056295,0.19891,547.00000000,1
1505308004,21056274,0.19999,386.68810000,0
1505308000,21056251,0.19999,847.19500000,0
1505307993,21056237,0.19998,437.41000000,0
1505307993,21056234,0.19819,599.46340000,1
1505307986,21056215,0.19927,1021.30992576,0
1505307982,21056202,0.20002,5832.68413100,1
1505307981,21056199,0.20000,2651.03620800,1
1505307981,21056198,0.20000,5832.68413100,1
1505307980,21056190,0.20001,1013.40927100,1
1505307979,21056189,0.20001,5945.37000000,1
1505307979,21056187,0.20172,2098.54774000,0
1505307977,21056186,0.19910,6982.14562713,1
1505307977,21056185,0.20340,4830.31583087,1
1505307977,21056184,0.20320,35.00000000,0
1505307977,21056182,0.20320,600.00000000,0
1505307976,21056181,0.20316,71.90749000,0
1505307976,21056180,0.20316,3499.46263627,1
1505307976,21056179,0.20316,1247.72943200,1
1505307976,21056174,0.20310,32081.00000000,1
1505307976,21056171,0.20310,35.00000000,0
1505307975,21056168,0.20310,30.00000000,0
1505307975,21056163,0.20300,600.00000000,0
1505307975,21056159,0.20300,5012.70000000,1
1505307975,21056155,0.20280,400.00000000,0
1505307975,21056154,0.20280,100.00000000,0
1505307975,21056153,0.20280,100.00000000,0
1505307974,21056151,0.20260,600.00000000,0
1505307974,21056149,0.20250,3000.00000000,0
1505307974,21056147,0.20240,600.00000000,0
1505307973,21056145,0.20220,35.00000000,0
1505307973,21056144,0.20220,600.00000000,0
1505307973,21056143,0.20210,35.00000000,0
1505307973,21056142,0.20210,2341.89549872,1
1505307973,21056141,0.20205,156.95098000,0
1505307973,21056140,0.20205,43.04902000,0
1505307972,21056139,0.20202,1004.73760063,0
1505307972,21056136,0.20201,50418.39900000,1
1505307972,21056134,0.20200,600.00000000,0
1505307972,21056133,0.20200,2148.33610000,1
1505307971,21056132,0.20180,600.00000000,0
1505307971,21056131,0.20172,131116.07490000,0
1505307971,21056130,0.20172,30000.00000000,1
1505307971,21056129,0.20160,600.00000000,0
1505307970,21056128,0.20157,54.00000000,0
1505307970,21056125,0.20140,85.73708300,0
1505307970,21056123,0.20140,514.26291700,0
1505307970,21056122,0.20140,8083.23100000,1
1505307970,21056120,0.20120,35.00000000,0
1505307970,21056117,0.20120,600.00000000,0
1505307969,21056116,0.20120,450.00000000,1
1505307969,21056114,0.20120,1662.62000000,1
1505307969,21056113,0.20110,32442.00000000,1
1505307969,21056112,0.20110,35.00000000,0
1505307969,21056111,0.20100,600.00000000,0
1505307968,21056110,0.20080,600.00000000,0
1505307968,21056109,0.20060,600.00000000,0
1505307968,21056108,0.20060,3247.80968200,1
1505307968,21056107,0.20040,600.00000000,0
1505307967,21056105,0.20039,20326.19500000,1
1505307967,21056104,0.20020,35.00000000,0
1505307967,21056103,0.20020,600.00000000,0
1505307967,21056097,0.20010,35.00000000,0
1505307967,21056096,0.20010,10143.01653312,1
1505307966,21056095,0.20000,600.00000000,0
1505307966,21056092,0.19997,73.15106000,0
1505307966,21056090,0.19980,600.00000000,0
1505307965,21056089,0.19979,73.79692000,0
1505307965,21056088,0.19979,5564.24447000,0
1505307965,21056086,0.19979,1124.07467000,1
1505307965,21056084,0.19978,50.00000000,0
1505307965,21056083,0.19960,600.00000000,0
1505307964,21056080,0.19940,575.62246023,0
1505307964,21056079,0.19940,24.37753977,0
1505307964,21056078,0.19939,229.21660000,0
1505307964,21056076,0.19920,600.00000000,0
1505307963,21056075,0.19910,13218.73616274,0
1505307963,21056073,0.19910,1352.62000000,1
1505307963,21056072,0.19905,1146.08301000,0
1505307963,21056071,0.19895,1714.19400000,0
1505307961,21056064,0.19894,6880.69600000,0
1505307954,21056041,0.19894,3336.10190206,0
1505307954,21056039,0.19893,1524.89810000,0
1505307953,21056037,0.19860,138.99999794,0
1505307940,21055945,0.19860,460.46347206,1
1505307937,21055930,0.19860,139.00000000,1
1505307924,21055916,0.19910,20000.26383726,0
1505307924,21055914,0.19910,35.00000000,0
1505307924,21055912,0.19900,600.00000000,0
1505307923,21055909,0.19899,1615.59183000,0
1505307923,21055908,0.19895,2205.78580000,1
1505307923,21055907,0.19880,600.00000000,0
1505307922,21055904,0.19860,167.00000350,0
1505307920,21055900,0.19860,432.99999650,0
1505307920,21055899,0.19849,50.00000000,0
1505307920,21055898,0.19830,117.00000350,0
1505307914,21055833,0.19830,12.09115650,1
1505307912,21055828,0.19830,117.00000000,1
1505307901,21055808,0.19840,600.00000000,0
1505307888,21055708,0.19810,1639.99470000,1
1505307886,21055695,0.19810,35.00000000,0
1505307879,21055681,0.19781,351.77401000,1
1505307879,21055680,0.19781,648.22599000,1
1505307863,21055622,0.19775,113228.69677783,0
1505307863,21055621,0.19774,2158.66843000,0
1505307860,21055605,0.19775,1167.28434217,0
1505307858,21055600,0.19775,10604.01888000,0
1505307857,21055598,0.19774,54.91712700,1
1505307854,21055592,0.19774,710.91362734,0
1505307853,21055591,0.19774,1207.01910341,0
1505307852,21055582,0.19774,1167.34337344,0
1505307852,21055577,0.19774,227.25857581,0
1505307770,21055325,0.19770,0.32798726,0
1505307768,21055315,0.19770,468.52433443,0
1505307756,21055273,0.19761,1004.25872687,1
1505307743,21055252,0.19761,117.00000000,1
1505307728,21055226,0.19760,1281.63978159,0
1505307727,21055221,0.19760,391.06011841,0
1505307726,21055216,0.19760,609.17473812,0
1505307707,21055136,0.19710,2772.69904982,0
1505307707,21055134,0.19710,1208.48888859,0
1505307698,21055108,0.19700,3499.47487763,1
1505307698,21055107,0.19710,0.52512237,1
1505307673,21055053,0.19710,412.00000000,1
1505307653,21054998,0.19770,42.89145169,0
1505307650,21054996,0.19700,3500.00000000,1
1505307626,21054969,0.19700,27.00000000,1
1505307626,21054966,0.19700,540.00000000,1
1505307625,21054965,0.19769,523.09914513,0
1505307615,21054940,0.19735,1297.81944403,0
1505307611,21054932,0.19700,1286.00000000,1
1505307609,21054901,0.19735,393.95651018,0
1505307607,21054870,0.19721,106.04348982,0
1505307586,21054802,0.19700,2955.94388300,1
1505307585,21054793,0.19700,1558.20556300,1
1505307584,21054790,0.19700,10074.00000000,1
1505307582,21054780,0.19721,5058.09152680,0
1505307558,21054755,0.19721,22.24398000,0
1505307558,21054752,0.19710,35.00000000,0
1505307538,21054688,0.19700,695.33962100,1
1505307517,21054655,0.19700,527.45448000,1
1505307511,21054649,0.19700,8699.01003900,1
1505307504,21054644,0.19700,527.45448000,1
1505307498,21054629,0.19700,113.00000000,1
1505307490,21054612,0.19691,1039.50536107,0
1505307490,21054609,0.19682,573.00000000,0
1505307469,21054572,0.19680,164.73043699,0
1505307451,21054511,0.19682,1644.54170000,1
1505307451,21054509,0.19682,3355.45830000,1
1505307442,21054485,0.19700,4493.49513893,1
1505307437,21054476,0.19700,10118.02747500,1
1505307437,21054475,0.19700,7287.72300000,1
1505307436,21054474,0.19700,1000.00000000,1
1505307435,21054469,0.19700,100.00000000,0
1505307434,21054468,0.19699,4665.40378000,0
1505307434,21054466,0.19695,2238.42480000,0
1505307434,21054465,0.19691,96.92580607,0
1505307404,21054408,0.19600,1899.00995000,1
1505307404,21054407,0.19601,6369.59005000,1
1505307403,21054406,0.19609,5012.70000000,0
1505307403,21054405,0.19609,5012.70000000,1
1505307347,21054288,0.19684,253.37995326,0
1505307270,21054083,0.19691,25.36437967,0
1505307269,21054081,0.19691,253.28987862,0
1505307250,21054044,0.19609,100.00000000,1
1505307231,21053980,0.19603,100.00000000,1
1505307215,21053955,0.19595,1979.00450000,1
1505307206,21053926,0.19590,100.00000000,1
1505307202,21053912,0.19588,1853.28428000,1
1505307201,21053910,0.19690,1953.28428000,0
1505307198,21053899,0.19690,794.52824000,0
1505307197,21053898,0.19688,166.71340400,0
1505307197,21053896,0.19688,1267.62270000,0
1505307189,21053891,0.19581,100.00000000,1
1505307188,21053888,0.19580,120.54002000,1
1505307188,21053887,0.19650,1516.08233000,1
1505307185,21053879,0.19690,136.82072117,0
1505307176,21053854,0.19688,25.36824462,0
1505307174,21053849,0.19575,1242.87000000,1
1505307165,21053830,0.19571,100.00000000,1
1505307161,21053815,0.19569,75.34530000,1
1505307149,21053796,0.19564,100.00000000,1
1505307148,21053791,0.19563,730.14590000,1
1505307140,21053771,0.19650,4711.13934000,0
1505307135,21053758,0.19649,195.73143000,1
1505307127,21053739,0.19555,100.00000000,1
1505307122,21053727,0.19550,2347.70576000,1
1505307120,21053726,0.19650,2043.93626200,0
1505307120,21053725,0.19649,710.95815000,0
1505307120,21053724,0.19640,75.34530000,0
1505307106,21053703,0.19650,133.05103050,0
1505307106,21053702,0.19650,50.00000000,0
1505307105,21053699,0.19649,1991.79796329,0
1505307105,21053697,0.19649,1785.92986000,0
1505307103,21053693,0.19640,1300.00000000,0
1505307095,21053687,0.19536,75.34530000,1
1505307091,21053682,0.19647,406.27866200,0
1505307086,21053668,0.19531,100.00000000,1
1505307083,21053664,0.19529,2419.04069000,1
1505307062,21053616,0.19519,100.00000000,1
1505307058,21053608,0.19648,25.41989007,0
1505307043,21053590,0.19514,1263.47500000,1
1505307016,21053547,0.19505,100.00000000,1
1505307014,21053542,0.19506,0.11080000,0
1505307005,21053528,0.19508,1255.41820000,1
1505306974,21053496,0.19577,100.00000000,0
1505306915,21053439,0.19579,333.51749323,0
1505306913,21053435,0.19577,7310.15588000,0
1505306794,21053222,0.19501,1954.18286100,1
1505306770,21053161,0.19502,855.16575289,0
1505306769,21053159,0.19502,6456.93685428,0
1505306769,21053158,0.19509,26.14178072,1
1505306768,21053153,0.19609,618.26119326,0
1505306757,21053120,0.19510,894.19540954,0
1505306757,21053116,0.19510,5976.87421735,0
1505306723,21053046,0.19633,0.00000089,1
1505306701,21052958,0.19633,5938.46290000,1
1505306698,21052946,0.19634,1369.37949960,1
1505306682,21052927,0.19633,537.00000000,1
1505306681,21052923,0.19633,1221.81988416,1
1505306680,21052918,0.19633,20000.00000000,1
1505306679,21052914,0.19633,10700.64204600,1
1505306679,21052913,0.19633,50.00000000,1
1505306677,21052910,0.19633,1963.58004382,1
1505306675,21052906,0.19633,7549.32193600,1
1505306675,21052902,0.19633,37270.84500000,1
1505306674,21052898,0.19597,6245.92958851,0
1505306674,21052896,0.19595,1159.32644062,0
1505306674,21052895,0.19595,259.00000000,0
1505306674,21052894,0.19594,5754.72266000,0
1505306673,21052893,0.19579,1349.34950000,0
1505306651,21052831,0.19502,100.00000000,1
1505306629,21052761,0.19593,2112.35470932,1
1505306629,21052759,0.19593,1705.99710000,0
1505306625,21052747,0.19502,100.00000000,1
1505306592,21052599,0.19509,100.00000000,1
1505306571,21052513,0.19503,100.00000000,1
1505306556,21052480,0.19505,100.00000000,1
1505306553,21052473,0.19596,4077.30203800,0
1505306550,21052430,0.19594,509.03561951,0
1505306550,21052429,0.19595,3768.66555100,1
1505306548,21052426,0.19596,109.10389000,0
1505306541,21052415,0.19595,3097.00000000,1
1505306539,21052410,0.19595,1883.22158800,1
