date,tid,price,amount,type
1505779177,21805479,3449.00,0.05213684,0
1505779133,21805365,3449.00,0.02892143,0
1505779059,21805267,3439.20,1.00035711,0
1505779057,21805265,3439.20,0.44112378,0
1505779053,21805251,3439.20,0.44112378,0
1505779050,21805241,3439.20,0.45028264,0
1505779037,21805201,3439.20,0.08293407,0
1505779028,21805171,3439.20,0.30000000,0
1505779010,21805145,3448.91,0.01000000,0
1505778959,21805075,3431.40,0.02000000,1
1505778819,21804997,3439.20,0.03346708,0
1505778812,21804995,3439.20,0.02775000,0
1505778788,21804982,3439.20,0.05000000,0
1505778771,21804980,3439.20,0.15000000,0
1505778762,21804976,3439.19,0.15000000,0
1505778753,21804972,3439.19,0.00023351,0
1505778752,21804971,3439.00,0.05976649,0
1505778711,21804936,3439.00,0.14611224,0
1505778677,21804904,3427.53,0.03346714,1
1505778671,21804902,3438.99,0.02737233,0
1505778552,21804874,3427.53,0.06251729,1
1505778552,21804873,3427.92,0.02399573,1
1505778552,21804872,3428.05,0.00300000,1
1505778413,21804822,3439.11,0.00825000,0
1505778294,21804792,3437.47,0.02723729,0
1505778154,21804759,3437.44,0.02796010,0
1505778050,21804584,3428.06,0.02000000,1
1505778043,21804572,3437.65,0.28718200,0
1505778013,21804530,3436.34,0.02000000,1
1505778008,21804516,3439.19,0.01000000,1
1505778007,21804515,3439.19,0.15000000,1
1505778006,21804509,3439.20,0.00414456,0
1505778006,21804508,3439.19,0.16000000,0
1505778006,21804507,3436.34,0.02000000,0
1505777926,21804426,3439.20,0.72045533,0
1505777925,21804425,3439.19,0.17000000,0
1505777925,21804424,3439.18,0.09937178,0
1505777925,21804423,3439.15,0.33690320,0
1505777924,21804422,3436.34,0.12372128,0
1505777787,21804388,3427.93,0.11167910,1
1505777655,21804319,3436.34,0.02813855,0
1505777654,21804318,3436.34,0.14814017,0
1505777570,21804287,3427.54,0.11463920,1
1505777534,21804272,3427.58,0.03725089,1
1505777410,21804229,3434.77,0.05800618,0
1505777410,21804227,3432.56,0.00876379,0
1505777294,21804190,3432.56,0.02789621,0
1505777237,21804164,3432.56,0.00832978,0
1505777091,21804147,3431.81,0.11618607,0
1505777011,21804122,3429.70,0.11003630,0
1505776977,21804113,3429.97,0.07255435,0
1505776973,21804109,3430.01,0.29929879,0
1505776956,21804104,3430.19,0.01453851,0
1505776951,21804100,3430.12,0.05025000,0
1505776945,21804098,3430.25,0.28683005,0
1505776945,21804097,3430.25,0.28436596,0
1505776832,21804070,3431.01,0.02376874,0
1505776752,21804036,3431.60,0.13695075,0
1505776612,21804009,3432.82,0.17076734,0
1505776552,21803980,3433.65,0.02784637,0
1505776491,21803940,3442.44,0.02729123,0
1505776484,21803932,3428.04,0.30000000,1
1505776432,21803923,3446.27,0.10951960,0
1505776364,21803901,3427.28,0.37058221,0
1505776364,21803899,3427.32,0.40000000,1
1505776363,21803898,3427.40,2.44440000,0
1505776363,21803896,3427.40,0.30000000,0
1505776363,21803895,3427.43,0.33357009,1
1505776362,21803894,3427.53,0.14464770,0
1505776348,21803893,3447.64,0.00422800,0
1505776307,21803857,3447.78,0.10359449,0
1505776270,21803846,3448.11,0.01364757,0
1505776266,21803844,3425.71,0.10000000,1
1505776210,21803824,3448.73,0.02740564,0
1505776130,21803792,3423.70,0.04498978,1
1505776130,21803790,3423.73,0.82857796,1
1505776104,21803781,3423.28,0.10791292,1
1505776094,21803766,3449.97,0.02514329,1
1505776093,21803765,3449.97,0.12000000,1
1505776073,21803760,3450.00,0.02389809,0
1505776071,21803757,3450.00,0.02522318,0
1505776071,21803756,3449.97,0.01004778,0
1505776071,21803755,3449.97,0.11995222,0
1505776070,21803754,3445.55,0.01798785,0
1505776070,21803753,3445.55,0.00606000,0
1505776070,21803752,3442.58,0.02405173,0
1505776053,21803750,3442.58,0.02396580,0
1505776047,21803746,3445.52,0.07009511,1
1505776047,21803745,3442.58,0.00001682,0
1505776047,21803744,3442.58,0.01577098,0
1505776046,21803743,3439.21,0.02421356,0
1505776046,21803742,3439.20,0.14000000,0
1505776044,21803741,3435.00,0.15015353,0
1505776026,21803733,3435.00,0.06678893,0
1505775967,21803683,3418.66,0.08985460,1
1505775953,21803675,3435.00,0.30000000,0
1505775948,21803672,3434.90,0.10000000,0
1505775905,21803632,3434.96,0.00600000,0
1505775901,21803629,3434.96,0.05000000,0
1505775879,21803604,3416.91,0.01943890,1
1505775871,21803596,3435.00,0.02789015,0
1505775868,21803587,3435.00,0.45516739,0
1505775868,21803583,3434.77,0.16000000,0
1505775866,21803580,3434.76,2.02836900,0
1505775836,21803569,3434.80,0.07289216,0
1505775836,21803568,3434.80,0.05730510,0
1505775829,21803566,3434.82,0.00807851,0
1505775791,21803551,3430.97,0.00670000,0
1505775766,21803548,3434.95,0.03018879,0
1505775729,21803536,3414.14,0.02431073,1
1505775728,21803535,3414.00,0.17702909,1
1505775727,21803534,3417.01,0.02000000,1
1505775727,21803533,3420.00,0.66448909,1
1505775724,21803532,3420.00,0.85209175,1
1505775707,21803528,3431.12,0.01363054,0
1505775675,21803510,3420.00,0.07341916,1
1505775647,21803502,3431.21,0.01904353,0
1505775646,21803501,3431.16,0.00008523,0
1505775638,21803497,3431.16,0.00291443,0
1505775581,21803398,3431.25,0.00814000,0
1505775487,21803381,3439.21,0.05937700,1
1505775486,21803380,3427.83,0.00735159,0
1505775485,21803378,3439.22,0.06670698,0
1505775464,21803370,3439.25,0.13565117,0
1505775436,21803352,3437.20,0.01272468,0
1505775436,21803351,3437.17,0.18723624,0
1505775421,21803346,3437.25,0.00535601,0
1505775421,21803345,3437.25,0.06806315,0
1505775412,21803343,3437.28,0.58243437,0
1505775401,21803337,3437.34,0.00621000,0
1505775398,21803336,3437.36,0.00145451,0
1505775381,21803332,3419.74,0.07427315,1
1505775380,21803331,3437.58,0.21241299,0
1505775380,21803330,3437.57,0.01428131,0
1505775371,21803289,3437.60,0.00310147,0
1505775345,21803281,3437.82,0.00625426,0
1505775324,21803274,3437.92,0.02737336,0
1505775306,21803268,3438.12,0.04571053,1
1505775306,21803266,3438.11,0.02856262,0
1505775245,21803248,3438.70,0.06671707,0
1505775227,21803241,3438.74,0.31009233,0
1505775222,21803236,3438.72,0.01450248,0
1505775147,21803214,3440.46,0.06954924,0
1505775087,21803208,3417.57,0.11695906,1
1505775064,21803201,3441.33,0.10025000,0
1505774994,21803161,3442.12,0.08159952,0
1505774994,21803160,3428.88,0.14700592,0
1505774994,21803159,3428.87,0.05712523,0
1505774945,21803116,3428.88,0.13381921,0
1505774945,21803115,3410.54,0.03087331,1
1505774927,21803103,3428.97,0.14649321,0
1505774926,21803102,3428.98,0.05611729,0
1505774910,21803091,3429.11,0.21462209,0
1505774884,21803061,3429.23,0.01917487,0
1505774883,21803060,3442.58,0.00828077,0
1505774883,21803059,3442.57,0.05000000,0
1505774882,21803058,3439.03,0.50000000,0
1505774882,21803057,3438.83,0.01135148,0
1505774882,21803056,3429.32,0.26000000,0
1505774882,21803055,3429.27,0.17036775,0
1505774825,21803033,3429.90,0.03571360,0
1505774804,21803023,3430.01,0.00833567,0
1505774784,21803021,3430.09,0.24759077,0
1505774772,21803017,3413.41,0.06414352,1
1505774772,21803016,3413.42,0.01105398,1
1505774631,21802989,3410.83,0.60500000,0
1505774630,21802988,3410.83,0.37000000,1
1505774630,21802987,3410.83,0.72500000,1
1505774605,21802980,3410.69,0.11798272,1
1505774605,21802979,3410.71,0.71200000,1
1505774605,21802978,3415.02,0.02400042,1
1505774586,21802975,3410.62,0.06195606,1
1505774586,21802974,3415.00,0.00300000,1
1505774586,21802973,3415.00,0.07519750,1
1505774586,21802972,3415.01,0.42000000,1
1505774586,21802971,3417.37,0.08979222,1
1505774586,21802970,3417.39,0.02161131,1
1505774586,21802969,3417.40,0.20349727,1
1505774583,21802968,3417.40,0.09650273,1
1505774570,21802964,3417.32,0.02084805,1
1505774570,21802963,3417.39,0.97568101,1
1505774525,21802947,3433.70,0.06681422,0
1505774462,21802928,3433.78,0.00419000,0
1505774442,21802918,3433.79,0.02297800,0
1505774442,21802917,3433.78,0.00424000,0
1505774428,21802905,3433.81,0.12122600,0
1505774428,21802904,3415.88,0.00424000,1
1505774421,21802900,3410.81,0.10527360,0
1505774421,21802899,3412.97,0.01677241,1
1505774413,21802891,3433.84,0.00390000,0
1505774412,21802890,3413.05,0.02431899,1
1505774250,21802677,3434.21,0.01677241,0
1505774250,21802676,3434.20,0.02429500,1
1505774250,21802675,3434.20,0.39092593,1
1505774249,21802668,3423.01,0.00393000,0
1505774235,21802649,3416.36,0.07602325,1
1505774235,21802648,3416.36,0.02397675,1
1505774224,21802636,3416.47,0.18550186,0
1505774224,21802635,3416.47,0.01449814,1
1505774196,21802630,3416.35,0.02429500,1
1505774194,21802629,3416.34,0.23827187,1
1505774194,21802628,3420.00,0.24360000,1
1505774194,21802627,3422.00,0.01000000,1
1505774194,21802626,3423.00,0.00739240,1
1505774194,21802625,3423.01,0.00001682,1
1505774142,21802561,3423.01,0.02405175,1
1505774142,21802559,3423.01,0.01798785,1
1505774125,21802542,3436.20,0.01708321,0
1505774124,21802540,3436.23,0.11249879,0
1505774094,21802464,3423.01,0.00606000,1
1505774086,21802459,3438.40,0.02397675,0
1505774085,21802457,3438.52,0.00179018,0
1505774085,21802456,3435.62,0.00625000,0
1505774070,21802425,3435.14,0.14392135,0
1505774066,21802417,3428.91,0.33160044,1
1505774066,21802416,3428.92,0.27579413,1
1505774059,21802405,3428.92,0.02420587,1
1505774046,21802400,3435.45,0.05457774,0
1505774033,21802385,3435.62,0.01134985,1
1505774026,21802379,3437.75,0.02703580,0
1505774025,21802376,3437.69,0.50779157,0
1505773998,21802343,3437.99,0.09771387,1
1505773997,21802342,3437.99,0.30572532,1
1505773987,21802334,3439.84,0.03282420,0
1505773980,21802327,3437.99,0.16437232,1
1505773980,21802326,3438.81,0.10033179,1
1505773980,21802325,3438.82,0.02395580,1
1505773979,21802323,3438.83,0.02397121,1
1505773978,21802319,3439.88,0.08149121,0
1505773943,21802280,3450.11,0.01355789,0
1505773941,21802274,3450.09,0.02390022,1
1505773940,21802271,3441.00,0.00106758,0
1505773934,21802263,3441.00,0.17500000,0
1505773930,21802258,3442.97,0.02393242,1
1505773930,21802256,3442.98,0.10000000,1
1505773884,21802238,3456.31,0.68343519,0
1505773864,21802233,3456.36,0.16840036,0
1505773853,21802231,3456.41,0.05771885,0
1505773843,21802227,3456.33,0.02721580,0
1505773797,21802185,3456.49,0.09121726,0
1505773766,21802178,3456.76,0.05428433,0
1505773764,21802177,3443.36,0.01000000,1
1505773744,21802164,3456.99,0.00809286,0
1505773720,21802158,3457.65,0.04356138,0
1505773665,21802150,3458.66,0.01387345,0
1505773649,21802145,3458.81,1.49853361,0
1505773626,21802142,3458.85,0.02568623,0
1505773624,21802139,3443.92,0.35957891,1
1505773592,21802115,3443.64,0.20000000,1
1505773587,21802113,3459.77,0.14014854,0
1505773549,21802101,3443.63,0.50000000,1
1505773525,21802096,3443.61,0.00790340,1
1505773525,21802095,3445.04,0.02392607,1
1505773436,21802053,3456.93,0.06000884,0
1505773423,21802052,3456.99,0.00827125,0
1505773411,21802051,3456.96,0.02385263,0
1505773410,21802049,3446.07,0.02900628,0
1505773304,21802007,3446.07,0.18267262,1
1505773274,21801978,3459.98,0.02383059,0
1505773272,21801975,3445.00,0.61502398,0
1505773125,21801921,3445.31,0.02955399,1
1505773062,21801895,3460.40,0.33337957,0
1505773046,21801878,3460.44,0.13979239,0
1505773008,21801842,3460.47,0.00738338,1
1505773008,21801841,3460.47,0.01646854,1
1505773002,21801829,3460.47,0.02382734,0
1505773000,21801826,3465.00,2.11915436,0
1505773000,21801825,3464.93,0.00145967,0
1505773000,21801824,3464.89,0.02395461,0
1505773000,21801823,3464.26,0.02395894,0
1505772999,21801821,3464.06,1.00000000,0
1505772999,21801820,3463.97,0.02396094,0
1505772999,21801818,3463.96,0.07000000,0
1505772999,21801817,3463.47,0.02383843,0
1505772999,21801816,3463.47,0.00012602,0
1505772999,21801815,3462.13,0.04067181,0
1505772999,21801814,3462.10,0.02396437,0
1505772999,21801813,3461.87,0.02397485,0
1505772999,21801812,3460.50,0.01000000,0
1505772998,21801810,3460.49,1.61493600,0
1505772983,21801796,3460.49,0.02025000,0
1505772965,21801787,3460.37,0.15000000,1
1505772939,21801778,3460.37,0.31263112,0
1505772909,21801768,3459.75,0.92216693,1
1505772908,21801767,3459.75,0.51941989,0
1505772846,21801755,3460.20,0.01081097,0
1505772844,21801754,3460.21,0.02391615,0
1505772827,21801747,3460.49,0.08279735,0
1505772817,21801741,3460.33,0.02382961,0
1505772815,21801738,3454.00,0.19327618,0
1505772805,21801723,3454.00,0.31667490,0
1505772805,21801722,3453.97,0.02500000,0
1505772801,21801715,3453.97,0.05725978,0
1505772790,21801701,3453.97,0.04274022,0
1505772765,21801676,3451.87,0.02719033,0
1505772743,21801654,3450.84,0.02228123,0
1505772736,21801641,3439.06,0.24984670,1
1505772727,21801638,3450.89,0.02389420,0
1505772727,21801636,3438.82,0.02396437,1
1505772727,21801634,3438.83,0.02397485,1
1505772724,21801628,3450.86,0.03341980,0
1505772718,21801617,3450.89,0.02389456,0
1505772716,21801609,3440.20,0.31058430,1
1505772716,21801607,3448.84,0.02387492,1
1505772706,21801586,3451.35,0.02769032,1
1505772706,21801584,3451.36,0.02387969,1
1505772701,21801564,3454.00,0.51015507,1
1505772698,21801562,3454.00,0.02752670,1
1505772697,21801560,3454.00,0.02752670,1
1505772694,21801552,3455.00,0.70620647,1
1505772693,21801547,3455.00,0.99960015,1
1505772691,21801543,3455.00,0.02752670,1
1505772684,21801533,3460.71,0.02774149,0
1505772650,21801479,3460.95,0.00824959,0
1505772648,21801478,3460.96,0.03774475,0
1505772645,21801472,3455.00,0.08223112,1
1505772622,21801438,3455.00,0.09824814,1
1505772604,21801419,3462.12,0.13649246,0
1505772587,21801388,3462.12,0.07933465,0
1505772586,21801386,3462.06,0.00155388,0
1505772586,21801385,3462.04,0.00145900,0
1505772551,21801357,3462.04,0.00309478,0
1505772497,21801311,3462.13,0.02381091,0
1505772495,21801300,3463.47,0.09455453,1
1505772495,21801298,3463.47,0.00310776,1
1505772494,21801297,3463.35,0.02383685,0
1505772494,21801296,3463.35,0.00012844,0
1505772494,21801295,3462.38,0.15718229,0
1505772494,21801294,3462.38,0.30281771,0
1505772493,21801293,3462.13,0.43512951,0
1505772493,21801292,3462.02,0.02397448,0
1505772493,21801289,3462.02,0.01759218,1
1505772492,21801285,3462.00,0.57930014,0
1505772492,21801283,3461.70,0.02397669,0
1505772492,21801282,3461.49,0.02392861,0
1505772491,21801281,3460.77,0.12944094,0
1505772491,21801280,3460.00,0.01749186,0
1505772491,21801279,3459.20,0.01754398,0
1505772489,21801278,3459.19,0.00621552,0
1505772455,21801215,3453.20,0.01014091,1
1505772454,21801214,3453.20,0.01265472,1
1505772454,21801213,3453.21,0.00278923,1
1505772454,21801210,3453.21,0.00351927,1
1505772453,21801206,3453.23,0.04864570,1
1505772453,21801205,3459.20,0.03469000,1
1505772445,21801176,3460.00,0.25000000,0
1505772445,21801174,3459.20,0.04483387,0
1505772440,21801158,3459.20,0.02875997,0
1505772432,21801133,3459.20,0.02386163,1
1505772426,21801110,3459.58,0.00435362,1
1505772424,21801103,3459.58,0.02399138,0
1505772424,21801101,3459.34,0.02364406,0
1505772424,21801100,3459.34,0.00034896,0
1505772424,21801099,3459.21,0.02399398,0
1505772424,21801098,3459.10,1.73366800,0
1505772410,21801076,3459.19,0.88000000,0
1505772366,21800983,3452.67,0.02860000,1
1505772361,21800967,3456.00,0.00543115,1
1505772344,21800910,3459.20,0.09875146,0
1505772344,21800909,3456.00,0.02410132,1
1505772343,21800906,3456.81,0.04313158,0
1505772343,21800903,3456.99,0.00341055,1
1505772342,21800892,3456.99,1.86658945,0
1505772340,21800871,3457.00,0.00082555,1
1505772339,21800868,3457.00,0.00752202,1
1505772339,21800861,3457.00,3.32165243,0
1505772338,21800852,3456.00,0.03196993,1
1505772337,21800848,3456.00,0.55352158,1
1505772334,21800830,3453.28,0.03188220,0
1505772331,21800825,3448.90,0.09742471,1
1505772331,21800819,3453.28,1.78922805,1
1505772330,21800811,3453.28,0.01077195,1
1505772327,21800798,3455.00,0.20000000,1
1505772327,21800797,3456.26,0.02606960,1
1505772326,21800794,3456.26,0.24695509,0
1505772326,21800793,3456.26,0.00304491,0
1505772326,21800792,3456.00,0.14379011,0
1505772326,21800791,3455.24,0.05000000,0
1505772326,21800790,3455.00,0.05000000,0
1505772325,21800788,3455.00,0.15000000,0
1505772325,21800786,3453.29,0.00014029,0
1505772322,21800758,3448.80,0.17215542,1
1505772322,21800756,3452.92,0.00440681,1
1505772321,21800749,3452.92,0.02403766,0
1505772321,21800745,3452.68,0.02403934,0
1505772320,21800741,3452.64,0.00499915,0
1505772320,21800738,3452.62,0.01899915,0
1505772320,21800736,3452.62,0.02154389,0
1505772320,21800733,3452.61,1.96197400,0
1505772306,21800683,3452.67,0.01183811,0
1505772306,21800681,3452.66,0.01504634,0
1505772295,21800653,3448.75,0.05520085,1
1505772295,21800652,3448.77,0.02479915,1
1505772292,21800638,3448.75,0.50000000,1
1505772287,21800615,3448.75,0.02701345,1
1505772285,21800611,3451.59,0.02101363,1
1505772284,21800605,3451.59,0.00290301,0
1505772282,21800593,3448.75,0.06706955,1
1505772282,21800591,3451.05,0.00590344,1
1505772281,21800589,3451.05,0.02402826,0
1505772281,21800587,3450.92,0.02409130,0
1505772280,21800585,3450.91,2.11597700,0
1505772280,21800582,3448.75,0.05000000,1
1505772277,21800568,3448.75,0.02415359,1
1505772277,21800566,3448.75,0.02540705,1
1505772276,21800564,3448.75,0.00254066,1
1505772275,21800562,3448.75,0.03278681,1
1505772275,21800561,3448.75,0.17031760,1
1505772274,21800556,3448.75,0.00883302,1
1505772273,21800550,3448.75,0.18421652,1
1505772273,21800548,3450.00,0.05055214,1
1505772273,21800547,3450.00,0.13761018,1
1505772271,21800533,3448.25,0.22875664,0
1505772269,21800522,3450.92,0.09124288,1
1505772267,21800517,3450.92,1.46423500,0
1505772267,21800514,3450.00,0.94940329,0
1505772267,21800511,3450.00,0.00881878,0
1505772266,21800509,3450.00,0.00500000,0
1505772266,21800507,3449.98,0.04000000,0
1505772266,21800504,3448.52,0.00827080,0
1505772266,21800503,3448.45,0.22975925,0
1505772265,21800502,3448.45,0.10327000,0
1505772262,21800496,3445.80,0.08593158,1
1505772262,21800495,3445.80,0.01198000,0
1505772262,21800494,3445.80,1.80208842,0
1505772259,21800484,3445.80,0.01197800,1
1505772258,21800482,3445.80,2.18802200,0
1505772247,21800451,3445.82,0.23346354,0
1505772246,21800445,3438.81,0.01569381,1
1505772246,21800444,3438.82,0.02392861,1
1505772237,21800423,3448.43,0.42784491,0
1505772237,21800422,3440.93,0.34672894,0
1505772229,21800400,3445.86,0.03221600,1
1505772229,21800392,3445.86,2.26778400,0
1505772223,21800370,3445.87,0.10000000,0
1505772203,21800333,3445.92,0.00236674,1
1505772202,21800330,3445.92,0.07000000,0
1505772188,21800317,3445.92,0.23171399,0
1505772188,21800316,3445.91,0.07000000,0
1505772188,21800315,3445.00,0.44828601,0
1505772166,21800298,3445.94,0.06918286,0
1505772148,21800286,3445.98,0.02395461,0
1505772145,21800281,3445.99,0.02390084,0
1505772143,21800277,3449.98,0.16929373,1
1505772142,21800276,3448.95,0.10000000,0
1505772142,21800275,3448.52,0.00300000,0
1505772142,21800274,3448.49,0.02406854,0
1505772142,21800273,3448.48,0.02406856,0
1505772141,21800272,3448.45,0.05000000,0
1505772141,21800270,3448.20,0.86459000,0
1505772141,21800269,3448.20,0.45478016,1
1505772141,21800268,3446.13,0.06061479,0
1505772140,21800267,3446.13,0.03550361,0
1505772140,21800266,3446.00,0.08000000,0
1505772140,21800265,3439.32,0.05124780,0
1505772138,21800264,3438.41,0.08871676,0
1505772136,21800262,3437.99,0.03000000,1
1505772125,21800248,3426.56,0.61810224,1
1505772119,21800241,3437.97,0.55613937,0
1505772110,21800235,3437.99,0.10000000,0
1505772084,21800205,3437.99,0.00880172,0
1505772066,21800187,3438.00,0.02669284,0
1505771988,21800132,3438.91,0.02900628,0
1505771986,21800130,3438.91,0.04768284,1
1505771986,21800129,3438.91,0.01129381,1
1505771986,21800126,3438.91,0.22115194,0
1505771986,21800124,3438.91,0.30000000,0
1505771965,21800113,3423.00,0.00260760,1
1505771965,21800112,3423.01,0.02810564,1
1505771924,21800106,3439.17,0.02810564,0
1505771917,21800105,3439.22,0.21403185,0
1505771905,21800103,3439.24,0.10340665,0
1505771894,21800102,3439.26,0.20000000,0
1505771887,21800100,3439.26,0.03437038,0
1505771855,21800094,3439.32,0.18874661,0
1505771848,21800091,3439.32,0.02846926,0
1505771846,21800090,3439.33,0.01460893,0
1505771647,21800003,3421.62,0.26357416,1
1505771647,21800002,3439.63,0.18840807,0
1505771645,21800001,3421.61,0.21317170,1
1505771639,21799992,3448.00,0.09504109,0
1505771639,21799991,3448.00,0.02000000,0
1505771639,21799990,3448.00,0.11774023,0
1505771639,21799988,3447.99,0.23574800,0
1505771638,21799987,3446.13,0.02408492,0
1505771638,21799985,3445.22,0.19501260,0
1505771638,21799983,3444.42,0.02391394,0
1505771637,21799980,3444.41,0.01000000,0
1505771637,21799978,3439.67,0.05000000,0
1505771637,21799977,3439.67,2.30772400,1
1505771636,21799971,3439.64,0.32072253,1
1505771635,21799970,3439.64,0.94849055,0
1505771608,21799959,3439.73,0.00291883,0
1505771566,21799936,3441.14,0.00801000,0
1505771565,21799935,3441.18,0.01583077,0
1505771563,21799932,3441.15,0.02462968,0
1505771548,21799926,3420.61,0.00810000,1
1505771542,21799925,3441.31,0.00978873,0
1505771541,21799924,3441.31,0.02390065,0
1505771535,21799921,3441.33,0.02396094,0
1505771533,21799919,3420.41,0.43264291,1
1505771533,21799918,3421.05,0.01000000,1
1505771533,21799917,3421.64,0.02391394,1
1505771532,21799916,3423.00,0.25005923,1
1505771532,21799915,3423.03,0.10000000,1
1505771532,21799914,3423.49,0.08691841,1
1505771531,21799913,3423.62,0.42000000,1
1505771531,21799912,3423.64,0.02408492,0
1505771529,21799911,3423.65,0.68238059,1
1505771471,21799885,3423.23,0.31761941,1
1505771465,21799881,3445.22,0.02663691,0
1505771433,21799873,3445.22,0.02395894,0
1505771427,21799864,3447.99,0.06301208,0
1505771426,21799863,3447.99,0.02390633,0
1505771424,21799862,3448.00,0.38225977,0
1505771424,21799861,3448.00,0.02621900,1
1505771424,21799860,3447.99,0.25083984,1
1505771423,21799859,3446.62,0.02408160,0
1505771423,21799857,3445.22,0.05990190,0
1505771423,21799856,3442.50,0.02411043,0
1505771422,21799855,3440.73,0.02849497,0
1505771422,21799854,3440.73,0.10041419,0
1505771422,21799852,3440.00,0.35394205,0
1505771422,21799851,3439.00,0.22602331,0
1505771420,21799848,3438.00,0.26203316,0
1505771379,21799833,3437.96,0.05802860,0
1505771372,21799831,3438.00,0.04914776,0
1505771369,21799830,3438.00,0.18881908,1
1505771361,21799802,3438.84,0.10007639,0
1505771316,21799792,3421.97,0.12418618,1
1505771295,21799774,3421.83,0.02000000,1
1505771198,21799710,3420.31,0.04361937,1
1505771186,21799696,3423.90,0.02420882,1
1505771186,21799695,3424.13,0.01000000,1
1505771036,21799600,3438.99,0.02397448,0
1505771035,21799598,3422.63,0.12462872,1
1505771034,21799596,3430.00,0.82488447,1
1505771034,21799595,3430.01,0.02401812,1
1505771033,21799593,3430.02,0.02403766,0
1505771032,21799592,3430.02,0.00243103,1
1505771028,21799589,3439.00,0.02397669,0
1505771027,21799588,3430.02,0.42256897,0
1505771024,21799586,3430.02,0.02403934,0
1505771023,21799585,3430.02,0.01558731,0
1505771022,21799582,3430.02,0.12312655,0
1505771022,21799581,3431.00,0.07467783,1
1505771009,21799561,3438.68,0.29008224,0
1505770985,21799537,3438.73,0.00827063,0
1505770980,21799532,3438.75,0.03581055,1
1505770980,21799531,3438.75,0.12546026,0
1505770923,21799509,3439.99,0.10625000,0
1505770922,21799506,3431.00,0.00465000,1
1505770904,21799461,3439.99,0.01361295,0
1505770888,21799458,3439.99,0.03076240,0
1505770851,21799428,3439.99,0.01449714,0
1505770800,21799364,3431.00,0.01551036,1
1505770768,21799325,3431.18,0.09651056,1
1505770763,21799320,3440.65,0.00812070,0
1505770756,21799315,3440.70,0.08697358,0
1505770731,21799280,3431.00,0.03295192,1
1505770726,21799273,3440.70,0.20000000,0
1505770724,21799272,3431.00,0.01600000,1
1505770705,21799267,3440.72,0.14363795,0
1505770704,21799265,3440.72,0.02780000,0
1505770703,21799264,3440.72,0.10061276,0
1505770659,21799237,3440.53,0.28756895,1
1505770659,21799236,3440.53,0.00243105,1
1505770658,21799235,3440.48,0.01000000,0
1505770646,21799198,3438.91,0.01000000,1
1505770643,21799190,3440.69,0.02412628,1
1505770641,21799187,3440.69,0.00486209,1
1505770626,21799155,3440.53,0.03324130,0
1505770626,21799154,3440.50,0.10012274,0
1505770613,21799103,3440.61,0.05000000,0
1505770613,21799101,3431.00,0.07000000,0
1505770611,21799095,3440.68,0.28018940,1
1505770611,21799094,3440.68,0.00972417,0
1505770598,21799059,3440.73,0.16559482,1
1505770597,21799056,3440.73,0.00434893,1
1505770592,21799041,3440.73,0.02414604,1
1505770591,21799038,3440.73,0.11584340,1
1505770589,21799029,3440.73,0.11120000,1
1505770589,21799027,3440.73,0.01148615,1
1505770589,21799025,3440.73,0.03952636,1
1505770589,21799024,3440.73,0.02557378,1
1505770587,21799020,3440.73,0.00255956,1
1505770587,21799019,3440.73,0.02417676,1
1505770587,21799018,3440.73,0.01869871,1
1505770587,21799017,3440.73,0.03490425,1
1505770587,21799016,3440.73,0.00638671,1
1505770586,21799014,3440.73,0.00153342,1
1505770586,21799013,3440.73,0.01279643,1
1505770586,21799012,3440.73,0.19773753,1
1505770585,21799009,3440.73,0.01277919,1
1505770585,21799008,3440.73,0.03302804,1
1505770584,21799007,3440.73,0.01405766,1
1505770580,21798995,3440.73,0.02411445,1
1505770576,21798983,3440.73,0.10000000,1
1505770575,21798981,3440.73,0.01950781,1
1505770573,21798979,3442.25,0.01664927,1
1505770572,21798978,3442.25,0.01944835,0
1505770541,21798952,3440.64,0.02395303,0
1505770541,21798951,3440.65,0.06257250,1
1505770539,21798950,3440.65,0.03889670,0
1505770525,21798916,3430.72,0.06966549,0
1505770524,21798910,3430.72,0.00812790,0
1505770521,21798902,3432.45,0.01458867,0
1505770517,21798892,3432.45,0.03574227,0
1505770511,21798881,3430.04,0.01000000,0
1505770506,21798869,3440.71,0.01332896,0
1505770498,21798853,3440.74,0.02364406,1
1505770498,21798852,3440.74,0.00034896,1
1505770498,21798850,3440.74,0.02383843,1
1505770497,21798843,3440.74,0.00012602,0
1505770495,21798834,3440.74,0.02383685,1
1505770491,21798826,3439.84,0.02000000,0
1505770491,21798825,3434.00,0.02000000,0
1505770491,21798824,3432.54,0.02418033,0
1505770491,21798823,3432.47,0.02357410,0
1505770490,21798819,3432.47,0.07642590,0
1505770490,21798818,3432.24,0.00700000,0
1505770489,21798815,3430.08,0.00012915,0
1505770483,21798809,3430.00,0.02000000,0
1505770483,21798808,3429.00,0.01420882,0
1505770482,21798806,3429.00,0.00057813,0
1505770482,21798805,3428.81,0.01000000,0
1505770482,21798803,3428.51,0.00420882,0
1505770482,21798802,3428.51,0.02000000,0
1505770482,21798800,3425.54,0.02096673,0
1505770466,21798776,3425.54,0.00326308,0
1505770466,21798775,3425.00,0.00492111,0
1505770464,21798773,3425.00,0.01371232,0
1505770452,21798759,3425.00,0.02406856,0
1505770447,21798747,3425.00,0.00235265,0
1505770447,21798746,3425.00,0.09179176,0
1505770447,21798745,3422.16,0.02422559,0
1505770446,21798743,3422.16,0.00002809,0
1505770446,21798742,3422.00,0.04018181,0
1505770436,21798695,3420.00,0.40000000,0
1505770435,21798694,3420.00,0.04750000,0
1505770435,21798693,3420.00,0.08483333,0
1505770430,21798685,3420.00,0.01516667,0
1505770428,21798674,3419.00,0.65242543,0
1505770424,21798652,3418.42,0.17933296,0
1505770424,21798651,3418.30,0.07316659,0
1505770418,21798636,3411.83,0.09012274,0
1505770394,21798599,3407.06,0.11602800,1
1505770241,21798484,3418.64,0.02818253,0
1505770213,21798476,3418.65,0.02898242,0
1505770155,21798445,3418.71,0.00583553,0
1505770085,21798411,3418.97,0.01386702,0
1505770069,21798405,3418.99,0.02411043,0
1505770068,21798404,3405.77,0.00461287,0
1505770064,21798402,3405.77,0.05000000,0
1505770047,21798391,3405.52,0.02971120,1
1505770032,21798385,3415.00,0.02006374,1
1505770024,21798379,3418.99,0.29175282,0
1505770021,21798372,3418.84,0.00825000,0
1505770002,21798369,3418.88,0.23274025,0
1505770002,21798368,3418.85,0.62846243,0
1505769992,21798367,3418.96,0.25025000,0
1505769927,21798289,3419.95,0.08512435,0
1505769925,21798287,3419.98,0.00818618,0
1505769923,21798284,3419.98,0.08280697,0
1505769918,21798277,3415.00,0.15000000,1
1505769905,21798267,3419.99,0.02683341,0
1505769903,21798265,3415.00,0.29993626,1
1505769839,21798216,3415.13,0.01782070,1
1505769805,21798183,3400.99,0.10000000,1
1505769786,21798181,3418.88,0.02684212,0
1505769678,21798122,3415.01,0.16751072,0
1505769667,21798101,3415.06,0.06717891,1
1505769656,21798094,3415.21,0.00200000,0
1505769635,21798069,3398.16,0.00287678,1
1505769635,21798068,3403.18,0.02448690,1
1505769635,21798067,3407.25,0.02422981,1
1505769635,21798066,3407.25,0.02419769,1
1505769635,21798065,3410.00,0.02420882,1
1505769604,21797979,3416.11,0.02129422,0
1505769592,21797956,3416.20,0.02920204,0
1505769588,21797950,3416.18,0.02000000,0
1505769588,21797949,3416.17,0.03000000,0
1505769566,21797922,3416.20,0.01434607,0
1505769556,21797902,3419.77,0.18982563,0
1505769554,21797900,3419.77,0.01100889,1
1505769553,21797899,3411.84,0.01819253,0
1505769549,21797879,3419.72,0.18982840,1
1505769548,21797877,3419.72,0.02940591,1
1505769548,21797875,3417.00,0.11840000,0
1505769548,21797874,3417.00,0.00200000,0
1505769548,21797871,3416.92,0.04000000,1
1505769547,21797870,3413.13,0.00014946,0
1505769547,21797869,3413.13,0.04813092,0
1505769547,21797868,3413.13,0.04873324,1
1505769547,21797867,3413.13,0.02418033,0
1505769545,21797863,3411.84,0.17500000,1
1505769544,21797856,3413.13,0.02753929,0
1505769544,21797855,3412.48,0.02432248,0
1505769544,21797854,3411.84,0.02432706,0
1505769544,21797851,3410.40,0.00000559,0
1505769544,21797850,3410.40,0.02432900,0
1505769544,21797849,3410.00,0.18720822,0
1505769542,21797842,3410.00,0.10279178,0
1505769542,21797841,3409.71,0.05979709,0
1505769542,21797839,3409.26,0.02434545,0
1505769541,21797838,3408.98,0.02434739,0
1505769540,21797837,3407.25,0.02435941,0
1505769540,21797836,3404.51,0.02435175,0
1505769540,21797835,3403.22,0.00004034,0
1505769540,21797834,3403.22,0.02434825,0
1505769539,21797833,3403.00,0.01000000,0
1505769539,21797832,3402.85,0.60729389,0
1505769539,21797831,3402.85,0.02277741,1
1505769539,21797830,3401.00,0.00003518,0
1505769538,21797828,3401.00,0.00196482,0
1505769538,21797827,3400.83,0.02440586,0
1505769538,21797826,3400.68,0.02440693,0
1505769536,21797825,3400.15,0.02441062,0
1505769535,21797823,3400.00,0.02000000,0
1505769535,21797822,3400.00,0.01540010,0
1505769535,21797821,3400.00,1.45016979,0
1505769515,21797797,3396.68,1.18224118,0
1505769513,21797794,3396.74,0.72706882,1
1505769507,21797788,3400.00,0.00659558,0
1505769499,21797780,3400.00,0.02080000,0
1505769485,21797759,3400.00,0.03931800,0
1505769485,21797758,3399.99,0.02068200,0
1505769459,21797749,3399.99,0.02931800,0
1505769429,21797736,3399.99,0.11473187,0
1505769427,21797733,3400.00,0.02768719,0
1505769425,21797731,3400.00,0.02727938,0
1505769413,21797718,3400.00,0.40000000,0
1505769395,21797713,3400.00,1.17993272,0
1505769380,21797706,3399.99,0.14082394,0
1505769377,21797705,3399.99,0.10025000,0
1505769373,21797702,3400.00,0.85000000,0
1505769369,21797700,3400.00,0.08463823,0
1505769367,21797699,3399.00,0.05033304,0
1505769367,21797698,3396.00,1.00000000,1
1505769365,21797694,3399.00,0.00866696,0
1505769340,21797678,3400.00,0.84015000,0
1505769338,21797677,3399.99,0.04000000,0
1505769325,21797674,3396.00,0.20000000,1
1505769317,21797671,3399.93,0.42656563,0
1505769311,21797670,3399.96,0.45000000,0
1505769311,21797669,3399.95,0.05000000,0
1505769296,21797663,3399.98,0.14442998,0
1505769286,21797654,3399.97,0.01378488,0
1505769285,21797644,3399.93,0.01421969,0
1505769284,21797643,3396.00,0.20000000,1
1505769278,21797642,3399.97,0.29338235,0
1505769269,21797637,3399.95,0.01029000,0
1505769261,21797628,3396.00,0.06000000,1
1505769224,21797606,3400.00,0.02767911,0
1505769208,21797567,3399.98,0.00878132,0
1505769200,21797561,3400.00,0.04575000,0
1505769194,21797556,3399.99,0.23059230,1
1505769193,21797549,3399.99,0.66659770,0
1505769192,21797543,3399.99,0.89537949,0
1505769186,21797526,3399.99,0.58970173,0
1505769173,21797523,3399.99,0.15208708,0
1505769162,21797519,3400.00,0.02000000,0
1505769162,21797518,3400.00,0.05000000,0
1505769162,21797517,3399.99,0.17319456,0
1505769146,21797511,3399.99,0.50000000,0
1505769129,21797506,3399.99,0.10942090,0
1505769104,21797498,3399.99,0.11003482,0
1505769097,21797497,3399.99,0.46000000,0
1505769086,21797491,3399.99,0.02876500,0
1505769052,21797455,3399.99,0.01496181,0
1505769028,21797429,3399.99,0.20335203,0
1505768952,21797344,3399.83,0.29339702,0
1505768947,21797322,3399.84,0.10000000,0
1505768946,21797319,3399.84,0.02675000,0
1505768945,21797314,3399.81,0.02425368,0
1505768929,21797295,3399.99,4.21353003,0
1505768928,21797294,3399.97,0.03000000,1
1505768928,21797292,3398.60,1.00000000,0
1505768928,21797291,3398.48,0.01367203,0
1505768928,21797290,3398.48,0.01075059,0
1505768927,21797288,3393.37,0.01533801,0
1505768927,21797287,3393.34,0.01908730,0
1505768925,21797285,3392.74,2.35401300,0
1505768925,21797284,3392.73,0.22698511,0
1505768919,21797281,3392.76,0.00881878,0
1505768905,21797273,3392.83,0.02854720,0
1505768904,21797272,3377.47,0.22698511,1
1505768882,21797256,3392.89,0.02781514,0
1505768864,21797252,3393.05,0.15694575,0
1505768863,21797251,3393.05,0.03000000,0
1505768811,21797232,3377.42,0.25500000,1
1505768790,21797223,3393.34,1.23243034,1
1505768789,21797221,3393.34,0.00219100,0
1505768786,21797220,3393.34,0.02780900,0
1505768784,21797219,3372.50,0.24871061,1
1505768764,21797210,3384.34,0.28800940,0
1505768754,21797203,3384.45,0.26454784,1
1505768753,21797202,3384.45,0.06148299,0
1505768753,21797201,3384.44,2.62129000,0
1505768706,21797185,3384.44,0.04811572,0
1505768665,21797161,3384.35,0.02987227,0
1505768645,21797155,3384.39,0.05819485,0
1505768592,21797122,3383.42,0.03000000,0
1505768584,21797112,3383.46,0.02865363,0
1505768558,21797101,3383.54,0.10062600,0
1505768528,21797084,3367.73,0.10000000,1
1505768467,21797031,3383.75,0.72402321,0
1505768467,21797030,3383.72,0.51500000,0
1505768465,21797028,3383.75,0.08270526,0
1505768406,21797017,3384.30,0.02759120,0
1505768402,21797015,3367.50,0.50000000,1
1505768395,21797012,3384.33,0.02947399,0
1505768344,21797002,3382.58,0.00826961,0
1505768324,21796995,3382.62,0.01149618,0
1505768321,21796992,3382.63,0.00473621,0
1505768321,21796991,3382.63,0.01000000,0
1505768297,21796981,3382.68,1.48242870,1
1505768296,21796979,3382.68,0.52136214,1
1505768296,21796978,3382.68,0.01000000,0
1505768292,21796976,3367.64,0.01500000,1
1505768279,21796967,3367.45,0.01000000,1
1505768265,21796953,3367.60,0.01000000,1
1505768252,21796935,3367.57,0.01000000,1
1505768244,21796931,3383.15,0.06970080,0
1505768185,21796904,3383.60,0.03894215,0
1505768185,21796903,3383.60,0.05025000,0
1505768184,21796900,3383.57,0.02775562,0
1505768108,21796868,3365.35,0.59000000,1
1505768084,21796857,3384.26,0.00830244,0
1505768064,21796849,3384.29,0.02842969,0
1505768058,21796842,3384.30,0.17814789,1
1505768058,21796841,3384.30,0.04000000,0
1505768044,21796840,3364.20,1.37315124,1
1505768037,21796837,3384.33,0.00374101,0
1505768037,21796836,3384.33,0.29088041,0
1505767991,21796822,3384.42,0.02061429,0
1505767978,21796816,3362.80,0.05696152,1
1505767978,21796815,3362.80,0.07283958,1
1505767974,21796814,3380.66,0.20000000,1
1505767969,21796809,3384.45,0.19180665,1
1505767966,21796807,3378.02,0.02441062,0
1505767965,21796806,3378.02,0.01374047,0
1505767964,21796805,3378.02,0.11200209,0
1505767960,21796800,3386.07,1.19194145,0
1505767960,21796799,3386.07,3.99208900,1
1505767959,21796798,3386.04,0.01000000,0
1505767959,21796796,3386.01,0.85000000,1
1505767958,21796794,3378.05,0.01455074,0
1505767958,21796793,3378.05,0.01000000,0
1505767958,21796792,3378.03,0.05000000,0
1505767957,21796791,3371.98,0.02462364,0
1505767957,21796790,3370.00,1.26190840,0
1505767955,21796789,3369.99,3.07450500,0
1505767944,21796788,3370.00,0.00998608,0
1505767930,21796781,3370.00,0.05623739,0
1505767929,21796780,3370.00,0.02000000,0
1505767914,21796778,3370.00,0.71500000,0
1505767864,21796752,3362.30,0.01554261,1
1505767846,21796735,3371.93,0.14791232,0
1505767845,21796734,3371.93,0.13808162,0
1505767824,21796723,3361.54,0.00957390,1
1505767806,21796707,3369.99,0.01372763,0
1505767792,21796702,3361.41,0.05685676,0
1505767790,21796701,3361.78,0.00234205,1
1505767786,21796700,3369.99,1.15998706,0
1505767784,21796698,3369.99,0.02767471,0
1505767782,21796697,3369.99,0.02967000,0
1505767747,21796652,3361.26,0.00031590,1
1505767747,21796651,3361.57,0.00468410,1
1505767714,21796638,3369.99,0.01583387,0
1505767705,21796636,3369.99,0.01213081,0
1505767677,21796626,3360.17,0.00327595,1
1505767676,21796624,3369.99,0.00328929,0
1505767607,21796590,3368.99,0.08299994,0
1505767600,21796584,3360.37,0.02909666,1
1505767590,21796582,3369.78,0.00671282,0
1505767555,21796558,3369.79,0.55455500,0
1505767549,21796546,3369.79,0.60000000,0
1505767548,21796543,3369.79,0.13616576,0
1505767546,21796538,3369.76,0.15244490,0
1505767493,21796499,3369.75,0.17760961,0
1505767458,21796492,3369.80,0.02935946,0
1505767372,21796476,3367.90,0.02221265,0
1505767365,21796473,3367.90,0.05664707,0
1505767364,21796472,3360.03,0.03000000,1
1505767360,21796466,3367.91,0.00740217,0
1505767359,21796462,3367.94,0.13072679,1
1505767356,21796458,3367.92,0.02083475,0
1505767344,21796452,3367.95,0.14513405,1
1505767324,21796446,3367.95,0.05036006,0
1505767277,21796439,3369.96,0.25000000,0
1505767276,21796438,3369.96,0.04625000,0
1505767264,21796432,3369.98,0.02847504,0
1505767258,21796429,3357.60,0.23775415,1
1505767207,21796419,3369.99,0.02794945,0
1505767184,21796413,3369.99,0.20025000,0
1505767150,21796402,3371.97,0.23805371,1
1505767148,21796400,3371.32,0.05777810,0
1505767148,21796399,3371.33,0.02782221,0
1505767100,21796381,3357.99,0.00500000,1
1505767095,21796373,3371.38,0.07035303,0
1505767086,21796371,3371.40,0.06804828,0
1505767085,21796369,3371.43,0.02865211,0
1505767075,21796361,3371.61,0.00671096,0
1505767054,21796356,3371.64,0.00328904,0
1505767025,21796313,3371.72,0.01725825,0
1505767023,21796305,3357.44,0.12534864,1
1505767019,21796296,3371.75,1.00586044,0
1505767012,21796294,3371.75,0.39561000,0
1505767008,21796288,3371.76,1.00000000,0
1505767005,21796284,3371.89,0.05000000,0
1505767005,21796283,3371.77,0.25539039,0
1505766993,21796275,3357.23,0.23669643,1
1505766986,21796265,3371.92,0.05252514,0
1505766985,21796264,3360.01,0.00274137,0
1505766984,21796263,3359.98,0.02500000,0
1505766983,21796260,3357.20,0.10033496,1
1505766983,21796258,3359.86,0.00185255,1
1505766976,21796246,3357.20,0.55209047,1
1505766976,21796245,3359.86,0.00600692,1
1505766968,21796218,3359.99,0.00993919,0
1505766967,21796213,3359.99,0.02754044,0
1505766956,21796203,3360.00,0.00370509,1
1505766955,21796202,3360.00,0.03311046,1
1505766951,21796199,3360.01,0.00741019,1
1505766949,21796197,3360.01,0.01000000,1
1505766944,21796194,3362.70,0.01052073,0
1505766942,21796191,3362.70,0.01482038,0
1505766937,21796183,3365.99,0.25843757,0
1505766937,21796182,3363.13,0.01730000,0
1505766937,21796181,3363.13,0.01480000,0
1505766936,21796179,3363.62,0.00250000,1
1505766934,21796171,3365.99,0.29880000,0
1505766931,21796165,3367.63,0.01000000,1
1505766925,21796156,3367.85,0.00997102,0
1505766905,21796131,3367.87,0.02964075,1
1505766905,21796130,3367.87,0.13184727,1
1505766896,21796128,3367.87,0.28353431,1
1505766881,21796093,3367.87,0.22059314,1
1505766866,21796067,3370.92,0.02850224,0
1505766866,21796066,3370.78,0.00000563,0
1505766865,21796064,3371.00,0.05928150,1
1505766865,21796063,3371.00,0.05461287,1
1505766860,21796055,3371.98,0.35786495,1
1505766858,21796053,3371.98,0.12844861,1
1505766837,21796038,3372.75,0.27076054,1
1505766834,21796037,3375.00,0.00001670,1
1505766833,21796036,3375.00,0.59228135,1
1505766833,21796035,3375.02,0.10721865,1
1505766805,21796023,3376.90,0.18160887,1
1505766804,21796022,3376.90,0.05000000,0
1505766793,21796019,3376.93,0.01474579,0
1505766766,21795969,3377.00,0.48454567,1
1505766766,21795967,3377.00,0.01545433,1
1505766766,21795966,3377.00,1.96764567,1
1505766764,21795965,3377.00,0.01546579,1
1505766746,21795956,3379.94,2.00000000,1
1505766743,21795951,3379.94,3.00000000,1
1505766712,21795939,3377.00,0.01688854,1
1505766683,21795927,3379.92,0.05726818,0
1505766682,21795925,3384.80,0.64741215,0
1505766676,21795921,3384.81,0.00156300,0
1505766671,21795920,3384.82,0.00312600,0
1505766666,21795919,3379.96,0.00625201,0
1505766660,21795917,3384.85,0.01250402,0
1505766654,21795915,3379.99,0.02500805,0
1505766649,21795914,3380.00,0.05001610,0
1505766644,21795912,3380.01,0.12255046,0
1505766644,21795911,3380.01,0.06964487,0
1505766639,21795910,3380.02,0.07174005,0
1505766633,21795909,3380.04,0.04763257,0
1505766633,21795907,3380.04,0.02593040,0
1505766570,21795884,3384.34,0.00186079,0
1505766565,21795871,3384.35,0.00372159,0
1505766561,21795852,3384.36,0.00744317,0
1505766557,21795840,3384.38,0.01488634,0
1505766545,21795835,3384.42,0.14251978,0
1505766526,21795830,3375.02,0.07258135,1
1505766526,21795829,3377.00,0.02500000,1
1505766493,21795817,3384.60,0.05817791,0
1505766491,21795815,3384.61,0.60874449,0
1505766477,21795789,3384.66,0.00950147,0
1505766454,21795771,3384.73,0.02921395,0
1505766421,21795753,3384.77,0.02825000,0
1505766411,21795750,3384.79,0.07367369,0
1505766390,21795744,3384.83,0.00277268,0
1505766386,21795743,3384.83,0.00554536,0
1505766383,21795742,3384.84,0.01109073,0
1505766379,21795741,3384.84,0.02218145,0
1505766375,21795740,3384.85,0.04436290,0
1505766370,21795739,3384.85,0.08872580,0
1505766362,21795736,3384.87,0.50025000,0
1505766311,21795670,3385.36,0.01475635,0
1505766305,21795668,3385.37,0.05656319,0
1505766284,21795665,3385.40,0.02872142,0
1505766265,21795662,3385.43,0.04124467,0
1505766248,21795659,3385.45,0.11419529,0
1505766247,21795658,3385.45,0.05793041,0
1505766245,21795656,3385.45,0.02764571,0
1505766225,21795652,3385.49,0.29463977,0
1505766223,21795651,3385.51,0.07419427,0
1505766223,21795650,3385.50,0.07000000,0
1505766192,21795644,3385.55,0.00314555,0
1505766167,21795635,3385.59,0.12104537,0
1505766124,21795627,3375.00,0.03490252,1
1505766124,21795626,3375.11,0.03300000,1
1505766120,21795625,3385.66,0.93032184,0
1505766102,21795620,3385.72,0.10329365,0
1505766101,21795618,3385.73,1.00025000,0
1505766087,21795607,3385.77,0.02629858,0
1505766086,21795606,3385.78,1.00000000,0
1505766074,21795602,3385.82,0.02927262,0
1505766068,21795600,3375.11,0.02000000,1
1505766066,21795597,3375.12,0.03000000,1
1505766025,21795572,3385.93,0.57918497,0
1505766024,21795571,3385.93,0.02976703,0
1505766007,21795567,3385.98,0.02837620,0
1505766005,21795566,3385.99,0.00826702,0
1505765986,21795558,3386.05,0.05685615,0
1505765951,21795532,3375.27,0.00354496,1
1505765945,21795527,3388.38,0.08282245,0
1505765944,21795523,3388.38,0.00845531,0
1505765929,21795512,3375.38,0.01514900,1
1505765918,21795506,3388.42,1.00000000,0
1505765905,21795502,3388.52,0.03363730,0
1505765905,21795501,3388.44,0.00254838,0
1505765900,21795498,3388.44,1.00000000,0
1505765857,21795490,3388.52,0.03775259,0
1505765839,21795487,3393.25,0.00170119,0
1505765839,21795486,3384.46,0.00399847,0
1505765839,21795485,3384.45,0.01229226,0
1505765838,21795484,3384.45,0.00509676,0
1505765838,21795483,3384.44,0.01299847,0
1505765834,21795482,3384.46,0.38209345,0
1505765832,21795480,3384.45,0.01019352,0
1505765799,21795475,3384.58,0.65000000,0
1505765769,21795456,3384.74,0.25070758,1
1505765768,21795454,3384.73,0.04399847,0
1505765767,21795451,3384.77,0.02615028,0
1505765766,21795450,3384.73,0.02331959,0
1505765729,21795433,3384.96,0.01216597,0
1505765728,21795430,3384.96,0.02867922,0
1505765723,21795426,3385.04,0.01325834,0
1505765705,21795415,3385.15,1.43760576,0
1505765694,21795403,3375.00,0.00227756,1
1505765693,21795402,3375.10,0.00227756,1
1505765693,21795401,3375.10,0.00227756,1
1505765693,21795400,3375.10,0.00232356,1
1505765693,21795398,3375.10,0.00232356,1
1505765693,21795396,3375.10,0.00232506,1
1505765692,21795395,3375.10,0.00232506,1
1505765685,21795368,3385.25,0.11538962,0
1505765609,21795348,3388.52,0.23110748,0
1505765608,21795347,3386.62,0.07000000,0
1505765608,21795346,3386.03,0.13147277,0
1505765607,21795344,3386.31,0.05678841,0
1505765586,21795292,3386.95,0.02637934,0
1505765585,21795291,3375.00,0.31992516,1
1505765585,21795290,3375.34,0.76500000,1
1505765585,21795288,3375.35,0.51261187,1
1505765565,21795282,3387.60,0.07565445,0
1505765535,21795268,3387.73,0.03781367,0
1505765530,21795262,3387.72,0.02025000,0
1505765506,21795248,3387.85,0.03709962,0
1505765484,21795237,3375.01,0.11286710,1
1505765465,21795232,3387.95,0.01116526,0
1505765453,21795222,3375.01,0.20903569,1
1505765453,21795221,3375.23,0.01399847,1
1505765453,21795220,3375.25,0.02099847,1
1505765446,21795210,3387.97,0.01383469,0
1505765445,21795209,3387.97,0.02889989,0
1505765443,21795205,3375.22,0.02480185,1
1505765435,21795200,3376.00,0.15000000,1
1505765423,21795190,3387.99,0.05888447,0
1505765423,21795188,3377.00,0.10000000,1
1505765411,21795180,3378.00,0.11161124,1
1505765411,21795179,3378.02,0.02359847,1
1505765410,21795178,3388.22,0.08639861,0
1505765408,21795177,3388.22,0.02833220,0
1505765406,21795175,3378.00,0.01999133,1
1505765404,21795172,3388.02,0.11423864,0
1505765381,21795157,3388.07,0.01105579,0
1505765374,21795155,3388.07,0.02029999,0
1505765351,21795136,3388.12,0.02919776,0
1505765344,21795129,3388.15,0.02066521,0
1505765344,21795127,3388.14,0.01328212,0
1505765338,21795117,3388.15,1.74796700,0
1505765338,21795116,3388.12,0.25203300,0
1505765324,21795114,3378.00,0.14509294,1
1505765324,21795113,3378.48,0.01533751,1
1505765324,21795112,3379.12,0.03000000,1
1505765324,21795111,3380.25,0.10000000,1
1505765319,21795109,3388.32,0.01067465,0
1505765285,21795098,3388.48,0.01381616,0
1505765279,21795097,3388.47,0.03634678,0
1505765265,21795096,3385.14,1.45961506,0
1505765253,21795091,3385.20,0.72300000,0
1505765232,21795080,3385.25,0.05814011,0
1505765232,21795079,3385.25,0.03616933,0
1505765230,21795078,3388.49,0.02836145,0
1505765229,21795077,3397.46,0.09672344,0
1505765229,21795076,3385.26,0.01561492,0
1505765199,21795068,3385.35,0.07408191,0
1505765187,21795062,3385.41,0.02515135,0
1505765187,21795061,3379.12,0.00400000,0
1505765185,21795058,3381.00,0.07000000,1
1505765114,21795019,3385.99,0.04372894,0
1505765105,21795018,3386.05,0.06775446,0
1505765084,21794995,3386.14,0.11145651,0
1505765065,21794989,3386.22,0.20104333,0
1505765064,21794988,3386.19,0.04237609,0
1505765044,21794979,3386.43,0.01617175,0
1505765044,21794978,3386.43,0.01273537,0
1505765013,21794963,3386.68,0.00372091,0
1505765013,21794962,3386.68,0.02547073,0
1505764986,21794952,3386.95,0.02709517,1
1505764981,21794946,3387.01,0.02918685,0
1505764968,21794942,3387.17,0.02791735,0
1505764966,21794939,3387.18,0.02219414,0
1505764964,21794936,3387.20,0.02897943,0
1505764963,21794932,3380.00,0.67973670,1
1505764951,21794926,3387.28,0.00588933,0
1505764945,21794922,3387.34,0.10946599,0
1505764935,21794919,3384.00,0.17907506,1
1505764934,21794918,3384.00,1.00000000,1
1505764921,21794915,3380.00,0.08000000,1
1505764900,21794900,3380.00,0.13000000,1
1505764885,21794886,3380.00,0.12000000,1
1505764882,21794884,3380.00,0.08264443,1
1505764882,21794883,3380.00,0.20000000,1
1505764865,21794839,3388.00,0.00822091,0
1505764852,21794833,3388.05,0.00626719,0
1505764852,21794832,3388.05,0.02317157,0
1505764845,21794826,3388.07,0.01438699,0
1505764845,21794825,3388.04,0.02855005,0
1505764818,21794804,3388.29,0.04071729,0
1505764808,21794800,3378.11,0.02700000,1
1505764793,21794792,3377.51,0.52083492,1
1505764784,21794789,3390.00,0.26200000,0
1505764783,21794788,3389.00,0.50000000,0
1505764781,21794784,3386.88,0.01430293,0
1505764744,21794773,3382.30,0.02825000,0
1505764728,21794760,3387.00,0.01000000,1
1505764726,21794758,3388.57,0.02531410,0
1505764724,21794756,3388.50,0.01356504,0
1505764699,21794742,3388.70,0.29436067,0
1505764686,21794724,3388.84,0.02918107,0
1505764685,21794723,3388.84,0.07613977,0
1505764654,21794703,3389.94,0.01471117,0
1505764644,21794695,3389.93,0.09518085,0
1505764625,21794683,3390.30,0.02764973,0
1505764624,21794682,3390.30,0.01355000,0
1505764619,21794680,3390.31,0.07200700,0
1505764605,21794671,3390.33,0.02532891,0
1505764586,21794658,3390.37,0.02432706,0
1505764585,21794657,3390.37,0.24030870,0
1505764585,21794656,3390.37,0.05096629,0
1505764584,21794655,3390.37,0.02903371,0
1505764578,21794651,3390.35,0.36389100,0
1505764571,21794642,3388.00,0.03000000,0
1505764571,21794641,3381.89,0.02447356,0
1505764571,21794640,3373.39,0.02299983,0
1505764564,21794627,3378.15,0.05449762,0
1505764564,21794625,3375.10,0.18213868,0
1505764563,21794623,3373.41,0.00599983,0
1505764561,21794621,3375.10,0.02786132,0
1505764556,21794613,3373.43,0.02460432,0
1505764554,21794610,3372.80,0.20405811,1
1505764549,21794601,3373.39,0.20979194,0
1505764549,21794600,3373.39,0.01670888,0
1505764549,21794599,3372.75,0.27042473,0
1505764546,21794586,3372.75,0.02957527,0
1505764538,21794563,3372.00,1.45280384,0
1505764536,21794562,3371.95,3.70397803,1
1505764536,21794560,3371.98,0.50290697,1
1505764520,21794534,3371.97,0.15087000,0
1505764520,21794533,3371.87,0.00309324,1
1505764513,21794527,3371.99,0.06963300,0
1505764512,21794525,3371.99,0.06225000,0
1505764489,21794478,3371.93,0.22569864,0
1505764482,21794474,3371.97,0.07600000,0
1505764468,21794466,3371.95,0.03110600,0
1505764446,21794456,3371.95,0.63262100,0
1505764443,21794453,3371.99,0.01779216,0
1505764437,21794449,3371.97,0.07537900,0
1505764420,21794431,3371.99,2.00000000,0
1505764419,21794430,3372.00,0.17504133,0
1505764417,21794428,3371.96,2.00000000,0
1505764414,21794427,3371.97,0.75300000,0
1505764411,21794423,3367.98,0.00500000,1
1505764399,21794418,3371.99,0.37941823,0
1505764393,21794416,3372.00,0.29215483,0
1505764389,21794413,3367.98,0.00500000,1
1505764384,21794412,3372.65,0.73200000,0
1505764382,21794411,3372.66,0.14420625,0
1505764373,21794410,3367.98,0.00500000,1
1505764362,21794402,3367.98,0.00500000,1
1505764345,21794397,3372.74,0.06548266,0
1505764336,21794392,3367.98,0.02464443,0
1505764335,21794391,3367.91,0.00500000,1
1505764328,21794383,3367.87,0.02199983,1
1505764327,21794382,3367.87,0.00599983,1
1505764323,21794381,3367.95,0.00500000,1
1505764319,21794380,3367.88,0.02519983,0
1505764314,21794378,3367.87,0.00500000,1
1505764313,21794377,3367.91,0.22000000,1
1505764310,21794376,3367.87,0.00500000,1
1505764305,21794375,3367.91,0.03190097,0
1505764305,21794374,3367.90,0.01199983,0
1505764304,21794373,3367.95,0.02159151,0
1505764304,21794372,3367.92,0.00299983,0
1505764299,21794365,3367.91,0.00500000,1
1505764298,21794364,3367.96,0.90000000,0
1505764293,21794362,3367.94,0.00500000,0
1505764291,21794361,3367.87,0.00500000,1
1505764286,21794359,3367.87,0.50000000,0
1505764284,21794357,3367.96,1.00000000,0
1505764283,21794356,3366.64,0.00500000,1
1505764278,21794352,3367.89,0.09900561,0
1505764250,21794336,3367.95,0.43500000,1
1505764244,21794333,3367.97,0.00830739,0
1505764225,21794321,3367.89,0.02851690,0
1505764224,21794318,3367.92,0.01845000,0
1505764186,21794300,3367.96,0.02773174,0
1505764184,21794299,3360.51,0.01520000,1
1505764165,21794293,3367.92,0.07528393,0
1505764164,21794290,3367.97,0.01576777,0
1505764139,21794278,3361.52,1.00000000,1
1505764116,21794233,3367.94,0.05923502,0
1505764111,21794227,3367.90,0.35352000,0
1505764111,21794226,3367.90,0.01110000,0
1505764107,21794221,3367.91,0.02449000,0
1505764094,21794210,3362.10,0.01500000,0
1505764080,21794197,3359.80,0.12429969,1
1505764078,21794195,3359.86,0.22756926,1
1505764073,21794190,3367.90,2.00000000,1
1505764072,21794189,3367.99,0.14586382,0
1505764064,21794185,3367.99,0.01672061,0
1505764061,21794182,3367.89,0.47205700,0
1505764050,21794176,3367.99,0.38275945,1
1505764042,21794167,3360.17,0.01000000,1
1505764030,21794160,3367.96,0.21928600,0
1505764025,21794159,3367.97,0.14020514,0
1505764024,21794158,3359.80,0.06552963,1
1505764024,21794157,3360.00,0.05000000,1
1505763983,21794146,3367.91,0.07086366,0
1505763982,21794145,3367.99,0.03488975,1
1505763953,21794141,3367.98,0.15868684,0
1505763944,21794139,3367.33,0.44434314,0
1505763942,21794138,3367.36,0.01261928,0
1505763942,21794137,3367.36,0.00399983,0
1505763942,21794136,3367.34,0.01299983,0
1505763936,21794135,3359.40,0.00500000,1
1505763919,21794131,3367.42,0.29030088,1
1505763919,21794129,3367.91,0.02434935,1
1505763919,21794127,3367.91,0.00500000,1
1505763918,21794126,3367.42,0.00018164,1
1505763918,21794125,3367.42,0.02141947,1
1505763918,21794124,3367.42,0.01132795,0
1505763901,21794118,3359.14,0.01500000,1
1505763882,21794111,3367.50,0.08396140,0
1505763882,21794109,3367.49,0.01687500,0
1505763865,21794107,3367.52,0.02901891,0
1505763859,21794104,3367.54,0.03963607,0
1505763826,21794096,3367.60,0.01933868,0
1505763826,21794095,3367.60,0.00604499,0
1505763825,21794093,3367.60,0.02770500,0
1505763824,21794092,3367.61,0.12881539,0
1505763817,21794089,3357.23,0.02000000,1
1505763763,21794053,3368.00,0.02781107,0
1505763761,21794052,3368.66,0.22999566,0
1505763760,21794051,3368.70,0.01768389,0
1505763747,21794042,3368.74,0.42777558,0
1505763746,21794041,3368.75,0.02541958,0
1505763719,21794034,3356.16,0.23553679,0
1505763709,21794030,3356.24,0.02473005,1
1505763708,21794022,3373.39,0.20979558,1
1505763707,21794020,3373.39,0.02430385,1
1505763706,21794017,3373.39,0.01709557,0
1505763706,21794015,3373.39,0.01709827,0
1505763686,21794001,3356.21,0.04500000,1
1505763684,21793999,3373.55,0.10898179,0
1505763670,21793991,3356.05,0.01500000,1
1505763666,21793985,3373.91,0.02794138,0
1505763665,21793983,3356.09,0.02869032,1
1505763627,21793970,3374.43,0.23774340,0
1505763627,21793969,3374.43,0.08518388,0
1505763626,21793968,3374.40,0.11474152,0
1505763602,21793956,3355.78,0.02473351,1
1505763585,21793949,3374.64,0.00860953,0
1505763562,21793926,3357.96,0.10895805,1
1505763562,21793925,3362.20,0.51552531,1
1505763549,21793922,3374.90,0.07388959,0
1505763543,21793919,3374.92,0.00883750,0
1505763527,21793913,3375.08,0.07269626,1
1505763523,21793910,3378.13,0.00606000,0
1505763517,21793908,3378.15,0.17036775,0
1505763517,21793907,3378.12,0.12625949,0
1505763514,21793905,3362.20,0.38447469,1
1505763505,21793894,3363.97,0.01423318,0
1505763497,21793886,3378.30,0.02932311,1
1505763493,21793885,3353.91,0.08033518,0
1505763493,21793884,3354.52,0.50000000,1
1505763492,21793883,3354.81,0.65657020,1
1505763492,21793882,3354.84,0.72100000,0
1505763492,21793881,3354.84,0.60173331,0
1505763492,21793880,3354.90,2.00000000,0
1505763491,21793878,3355.48,0.02483500,0
1505763491,21793877,3357.92,0.02455396,1
1505763491,21793876,3359.97,0.15000000,1
1505763490,21793875,3360.52,0.50000000,1
1505763490,21793874,3362.20,0.85782562,1
1505763488,21793872,3364.00,0.00188466,1
1505763488,21793871,3364.00,0.05449762,1
1505763488,21793870,3364.00,0.00146478,1
1505763485,21793864,3364.00,0.15500000,1
1505763476,21793852,3378.34,0.10000000,0
1505763456,21793841,3378.56,0.56100000,0
1505763455,21793839,3364.00,0.21500000,1
1505763444,21793825,3364.00,0.21547135,1
1505763408,21793763,3378.90,0.05025000,0
1505763388,21793741,3364.00,0.10000000,1
1505763373,21793734,3379.26,0.83525000,0
1505763372,21793732,3379.27,0.01729300,0
1505763367,21793729,3379.34,0.00147934,0
1505763365,21793727,3364.00,0.00754830,1
1505763365,21793726,3364.04,0.02311666,1
1505763358,21793725,3364.04,0.00188334,0
1505763354,21793722,3379.57,0.30694585,0
1505763348,21793719,3364.01,0.06605170,0
1505763347,21793715,3364.01,0.30000000,1
1505763347,21793714,3364.01,0.34071531,1
1505763347,21793713,3364.02,0.08907503,1
1505763345,21793708,3364.02,2.00000000,0
1505763339,21793706,3364.03,0.93024700,0
1505763339,21793705,3364.04,0.00601023,1
1505763338,21793704,3364.10,2.00000000,1
1505763338,21793703,3367.91,0.07204640,1
1505763336,21793698,3364.04,0.87275554,0
1505763327,21793697,3379.89,0.07290021,0
1505763315,21793688,3379.92,0.04093777,0
1505763314,21793686,3379.92,0.20331767,0
1505763278,21793666,3372.81,0.00400000,0
1505763273,21793665,3372.87,0.94000000,1
1505763273,21793664,3372.84,0.06000000,0
1505763271,21793663,3372.79,0.04381582,0
1505763248,21793655,3372.91,0.03704856,0
1505763246,21793654,3372.89,0.02815799,0
1505763233,21793649,3367.76,0.47793603,0
1505763220,21793636,3380.00,0.09853589,0
1505763220,21793635,3379.99,0.01000000,0
1505763220,21793634,3377.91,0.02026729,0
1505763220,21793633,3373.08,0.06000000,0
1505763220,21793632,3372.95,0.10966414,0
1505763215,21793628,3367.80,0.10415700,0
1505763195,21793623,3373.10,0.00315600,1
1505763168,21793616,3364.21,0.05500000,1
1505763161,21793614,3373.46,0.03100991,0
1505763148,21793608,3364.71,0.05000000,1
1505763143,21793607,3373.53,0.01985145,0
1505763141,21793604,3364.54,0.02100000,1
1505763106,21793572,3364.11,0.00594495,1
1505763075,21793528,3373.64,0.07277651,0
1505763074,21793526,3373.64,0.12392157,0
1505763067,21793517,3373.65,0.00174836,0
1505763064,21793515,3374.23,0.00349672,0
1505763060,21793513,3374.23,0.00699342,0
1505763055,21793506,3374.23,0.01398685,0
1505763050,21793498,3373.68,0.02797371,0
1505763049,21793496,3364.00,0.02485258,1
1505763048,21793495,3366.00,0.05594742,0
1505763048,21793494,3366.00,0.01920000,1
1505763043,21793493,3373.68,0.02999484,0
1505763041,21793492,3373.68,0.05998967,0
1505763024,21793478,3379.08,0.11807947,1
1505763019,21793473,3380.00,0.53310206,0
1505763019,21793472,3379.46,0.05430009,0
1505763019,21793471,3379.12,0.07000000,0
1505763019,21793470,3379.09,0.01155383,0
1505763019,21793469,3379.08,0.04882583,0
1505762964,21793444,3379.31,0.02300000,0
1505762954,21793435,3379.34,0.19470171,0
1505762954,21793434,3379.34,0.02310766,0
1505762941,21793426,3366.00,0.03080000,1
1505762909,21793412,3379.83,0.02940000,0
1505762895,21793404,3379.57,0.00315079,0
1505762895,21793402,3379.57,1.37224830,0
1505762895,21793401,3379.57,0.08000000,0
1505762883,21793394,3364.15,0.00947443,1
1505762864,21793368,3379.64,0.07210951,0
1505762824,21793359,3379.72,0.41906009,0
1505762821,21793356,3379.73,0.07417409,0
1505762802,21793345,3379.76,0.00625000,0
1505762799,21793343,3379.77,0.21822876,0
1505762786,21793342,3362.21,0.06100000,1
1505762775,21793341,3379.81,0.21327804,1
1505762775,21793339,3379.81,0.09000000,1
1505762774,21793338,3379.81,0.07561533,0
1505762773,21793336,3379.82,0.18677540,0
1505762772,21793335,3379.82,0.00810000,0
1505762769,21793334,3379.83,0.27235933,0
1505762725,21793315,3360.73,0.07086138,1
1505762704,21793300,3376.01,0.02875199,0
1505762683,21793246,3376.06,0.00859508,0
1505762665,21793239,3376.11,0.00830739,0
1505762664,21793237,3360.97,0.02134571,1
1505762664,21793236,3364.32,0.05038206,1
1505762663,21793235,3369.04,0.02026797,1
1505762644,21793219,3380.00,0.15543936,0
1505762644,21793218,3379.99,0.11000000,0
1505762644,21793217,3379.18,0.32500000,0
1505762644,21793216,3379.18,0.26092800,0
1505762644,21793215,3379.17,0.14863264,0
1505762642,21793214,3379.17,0.03135000,0
1505762641,21793212,3380.00,0.21625147,0
1505762641,21793211,3379.23,0.11000000,0
1505762640,21793209,3379.18,0.81942339,0
1505762640,21793208,3379.18,0.27133022,0
1505762623,21793200,3379.25,0.00866978,0
1505762606,21793191,3379.33,0.06898896,0
1505762604,21793189,3379.35,0.04759031,0
1505762596,21793185,3379.37,0.02915572,0
1505762594,21793184,3379.38,0.10000000,0
1505762582,21793174,3364.32,0.08385662,1
1505762582,21793168,3364.32,0.60356356,1
1505762572,21793162,3364.32,0.28125831,1
1505762571,21793161,3364.32,0.03691630,1
1505762571,21793158,3364.33,0.03618183,1
1505762567,21793150,3379.52,0.03535899,0
1505762565,21793148,3364.32,0.93469476,1
1505762565,21793147,3364.33,0.96530524,1
1505762565,21793146,3364.33,0.10000000,1
1505762564,21793145,3364.32,0.07252139,1
1505762562,21793143,3379.55,0.02000000,0
1505762526,21793126,3365.91,0.41555962,0
1505762526,21793125,3365.00,0.58000780,0
1505762525,21793123,3365.00,0.35394205,1
1505762491,21793102,3365.99,0.22415811,1
1505762486,21793094,3364.31,0.14437037,0
1505762484,21793091,3365.99,0.08879109,0
1505762480,21793083,3364.32,0.01000000,0
1505762472,21793077,3365.00,0.01000000,1
1505762466,21793074,3366.00,0.50000000,1
1505762466,21793073,3366.01,0.30000000,1
1505762466,21793072,3379.84,0.02564121,0
1505762464,21793070,3379.84,0.01525000,0
1505762444,21793049,3367.99,0.02876870,0
1505762437,21793047,3367.99,0.91970461,0
1505762433,21793046,3367.99,0.00857317,0
1505762426,21793036,3368.00,0.02875367,0
1505762425,21793034,3368.00,0.00846587,0
1505762423,21793032,3368.00,0.00827436,0
1505762423,21793031,3369.00,0.22055625,1
1505762383,21793014,3379.98,0.03693289,0
1505762382,21793012,3379.98,0.00827436,0
1505762344,21792958,3369.00,0.27944375,1
1505762344,21792957,3369.00,0.28406095,1
1505762343,21792956,3380.06,0.00236090,0
1505762303,21792936,3369.00,0.11593905,1
1505762303,21792935,3370.05,0.03558769,1
1505762293,21792931,3380.17,0.05825000,0
1505762286,21792930,3380.18,0.02128610,0
1505762284,21792929,3380.18,0.01022944,0
1505762282,21792928,3380.18,0.05194719,0
1505762247,21792911,3380.26,0.11803826,0
1505762238,21792905,3380.28,0.28993656,0
1505762227,21792897,3380.34,2.75383171,0
1505762227,21792896,3380.33,0.02455396,1
1505762226,21792895,3380.31,0.17249957,0
1505762176,21792878,3380.49,0.05842954,0
1505762175,21792877,3380.46,0.29039593,0
1505762174,21792876,3380.49,0.15000000,0
1505762147,21792862,3380.66,0.08722974,0
1505762146,21792861,3380.58,0.05539490,0
1505762133,21792854,3380.72,1.00000000,0
1505762103,21792823,3380.91,0.03073077,0
1505762066,21792801,3381.13,0.03649797,0
1505762051,21792796,3381.13,0.00314902,0
1505762047,21792795,3381.19,0.07099276,0
1505762029,21792792,3370.08,0.10000000,1
1505762025,21792791,3381.19,0.02749838,0
1505762024,21792790,3370.05,0.05921709,1
1505762005,21792783,3381.35,0.02872099,0
1505762003,21792782,3381.29,0.11587590,0
1505761985,21792767,3381.39,0.02713677,0
1505761962,21792715,3370.06,0.18375000,0
1505761925,21792686,3381.71,0.02713715,0
1505761905,21792675,3381.77,0.00350724,0
1505761905,21792674,3370.19,0.01434276,0
1505761867,21792658,3368.60,0.03840970,0
1505761864,21792650,3368.60,0.03840930,0
1505761863,21792649,3368.60,0.03840930,0
1505761845,21792636,3369.70,0.02854865,0
1505761844,21792635,3361.36,0.00674791,1
1505761844,21792634,3365.00,0.02402000,1
1505761834,21792629,3370.14,0.04239605,0
1505761824,21792594,3368.98,0.10304824,0
1505761822,21792586,3368.98,0.10990390,0
1505761812,21792579,3365.00,0.00598000,1
1505761809,21792576,3369.00,0.02000000,0
1505761777,21792560,3369.07,0.10025000,0
1505761768,21792548,3369.09,0.05430009,0
1505761759,21792544,3369.11,0.23656099,0
1505761746,21792536,3369.12,0.02723857,0
1505761744,21792531,3369.13,0.01248000,0
1505761740,21792529,3369.13,0.02220455,0
1505761712,21792526,3369.14,0.02800000,0
1505761707,21792523,3369.15,0.06543606,0
1505761707,21792521,3369.15,0.01525000,0
1505761705,21792514,3361.21,0.03733024,1
1505761701,21792508,3370.16,0.01479489,0
1505761699,21792506,3370.17,0.36067085,0
1505761690,21792503,3370.19,0.01028500,0
1505761684,21792497,3370.18,0.11407901,0
1505761679,21792493,3370.16,0.02821397,1
1505761678,21792492,3370.16,0.04463960,0
1505761665,21792489,3369.70,0.01474414,0
1505761645,21792481,3369.77,0.02840062,0
1505761637,21792477,3369.82,0.02603988,0
1505761634,21792474,3369.83,0.87643387,0
1505761624,21792455,3369.88,0.01248000,0
1505761623,21792451,3359.24,0.02470796,1
1505761621,21792447,3359.97,0.16918756,0
1505761618,21792440,3359.98,0.12499182,0
1505761616,21792437,3359.99,0.33266354,1
1505761616,21792436,3360.00,0.93392862,1
1505761615,21792434,3360.00,0.03032526,0
1505761615,21792433,3360.00,0.28200000,0
1505761611,21792427,3359.99,2.00000000,0
1505761610,21792424,3359.99,0.02610209,0
1505761609,21792422,3359.99,0.01435406,0
1505761608,21792421,3359.99,2.00000000,0
1505761607,21792416,3360.00,0.01406593,0
1505761605,21792402,3360.00,0.53500000,0
1505761600,21792397,3369.91,0.03097600,0
1505761575,21792385,3358.59,0.12300000,1
1505761545,21792368,3370.10,0.22000000,0
1505761527,21792363,3370.18,0.17615755,1
1505761527,21792362,3370.18,0.12000000,0
1505761510,21792350,3370.20,0.00187935,0
1505761506,21792341,3370.21,0.00375868,0
1505761499,21792336,3370.21,0.00751737,0
1505761494,21792334,3370.24,0.01503474,0
1505761488,21792332,3370.25,0.00087732,0
1505761488,21792331,3370.24,0.02919216,0
1505761484,21792325,3370.25,0.02862235,0
1505761476,21792319,3358.93,0.15511920,1
1505761476,21792318,3363.66,0.02447356,1
1505761467,21792309,3370.25,0.02806816,0
1505761437,21792275,3370.25,0.07319530,0
1505761426,21792263,3373.16,0.07318413,0
1505761409,21792247,3373.14,0.71303042,0
1505761406,21792244,3363.83,0.25000000,1
1505761402,21792240,3363.79,0.25417014,1
1505761398,21792227,3373.16,0.03581000,0
1505761394,21792223,3373.18,1.23589752,1
1505761394,21792222,3373.18,0.04649859,1
1505761392,21792220,3373.18,0.02280000,0
1505761392,21792218,3373.18,0.02280000,0
1505761392,21792217,3373.18,0.02280000,0
1505761392,21792216,3373.18,0.02280000,0
1505761391,21792215,3373.18,0.01143912,0
1505761391,21792214,3373.18,0.01136088,0
1505761391,21792213,3373.18,0.02280000,0
1505761391,21792212,3373.18,0.02280000,0
1505761391,21792211,3373.18,0.02280000,0
1505761391,21792210,3373.18,0.02272537,0
1505761389,21792208,3373.18,0.00007463,0
1505761389,21792207,3373.18,0.02280000,0
1505761389,21792206,3373.18,0.02280000,0
1505761389,21792205,3373.18,0.02280000,0
1505761389,21792204,3373.04,0.02280000,0
1505761389,21792203,3373.04,0.02280000,0
1505761389,21792202,3373.04,0.00000537,0
1505761387,21792197,3373.04,0.02279463,0
1505761384,21792186,3398.11,0.65417685,0
1505761383,21792185,3397.00,0.16560000,0
1505761383,21792184,3394.76,0.00684941,0
1505761383,21792183,3394.76,0.01760000,0
1505761383,21792182,3394.75,0.02000000,0
1505761383,21792181,3386.08,0.11000000,0
1505761383,21792180,3375.84,0.17036775,0
1505761383,21792179,3374.10,0.00217947,0
1505761381,21792177,3374.10,0.02282053,1
1505761371,21792157,3375.86,0.07336220,0
1505761362,21792147,3375.88,0.10391335,0
1505761360,21792145,3375.26,0.50408323,0
1505761360,21792144,3375.26,0.12421047,0
1505761355,21792143,3375.27,0.06890333,0
1505761353,21792141,3375.27,0.16047932,0
1505761344,21792133,3375.27,0.04926825,0
1505761337,21792127,3375.28,0.00364950,0
1505761336,21792126,3374.35,0.38923555,0
1505761336,21792125,3374.35,0.33108425,1
1505761336,21792124,3375.28,0.01316004,0
1505761335,21792122,3375.28,0.04890000,0
1505761332,21792119,3376.30,0.01367203,1
1505761332,21792118,3376.30,0.01075059,1
1505761331,21792117,3376.30,0.00684941,1
1505761331,21792116,3376.30,0.01760000,1
1505761329,21792115,3377.07,0.00004111,1
1505761329,21792114,3377.07,0.00760000,1
1505761329,21792113,3377.15,0.01000000,1
1505761328,21792111,3379.72,0.01427945,0
1505761328,21792110,3379.72,0.05359895,0
1505761327,21792109,3379.72,0.02450105,0
1505761327,21792108,3379.72,0.07810000,0
1505761327,21792107,3379.72,0.00928895,0
1505761327,21792106,3379.72,0.04176590,0
1505761326,21792105,3379.72,0.02704515,0
1505761326,21792104,3379.72,0.03359185,0
1505761325,21792103,3379.72,0.03627170,0
1505761325,21792102,3379.72,0.00823645,0
1505761322,21792100,3381.01,0.00004034,1
1505761322,21792099,3381.01,0.02434825,1
1505761322,21792098,3381.02,0.05375175,1
1505761315,21792095,3381.02,0.44624825,1
1505761315,21792094,3381.13,0.02435175,1
1505761314,21792093,3382.00,0.02940000,1
1505761314,21792092,3383.10,2.50000000,1
1505761314,21792091,3386.14,0.10932600,0
1505761314,21792090,3386.13,0.16730000,0
1505761314,21792089,3386.13,0.16730000,0
1505761314,21792088,3386.13,0.09131900,0
1505761313,21792087,3383.10,3.00000000,1
1505761313,21792086,3386.13,0.07598100,0
1505761313,21792085,3386.13,0.04390100,0
1505761312,21792084,3386.13,0.12339900,0
1505761312,21792083,3386.13,0.16730000,0
1505761312,21792082,3386.13,0.16730000,0
1505761308,21792079,3386.14,0.04418601,0
1505761308,21792075,3387.00,0.00003518,1
1505761307,21792074,3387.00,0.00196482,1
1505761307,21792073,3390.00,0.02500000,1
1505761307,21792072,3390.01,0.14033518,1
1505761286,21792045,3396.79,0.00147849,0
1505761282,21792043,3396.79,0.00295697,0
1505761278,21792038,3396.79,0.00591394,0
1505761274,21792034,3396.79,0.01182789,0
1505761268,21792026,3396.79,0.02365576,0
1505761225,21791947,3397.97,0.13033959,0
1505761224,21791946,3397.97,0.28329163,0
1505761223,21791945,3397.97,0.05794219,0
1505761185,21791939,3397.97,0.05540270,0
1505761138,21791918,3397.97,0.19120195,0
1505761138,21791917,3397.00,0.09826784,0
1505761134,21791913,3397.00,0.17662600,0
1505761127,21791902,3397.00,0.28399819,0
1505761125,21791896,3397.00,0.04404474,0
1505761045,21791856,3397.00,0.01989664,0
1505761031,21791852,3397.00,0.23099837,0
1505761028,21791849,3397.00,0.56783397,0
1505761026,21791848,3397.00,0.05619543,0
1505761004,21791841,3397.00,0.02213882,0
1505760983,21791836,3397.34,0.01484000,0
1505760944,21791829,3397.96,0.01740918,0
1505760926,21791825,3397.80,0.03002392,0
1505760926,21791824,3397.80,0.04314486,0
1505760913,21791818,3397.80,0.18723955,1
1505760912,21791816,3397.97,0.02765180,0
1505760912,21791815,3397.80,0.09701106,0
1505760905,21791813,3397.80,0.27302372,0
1505760903,21791810,3397.80,0.02495144,0
1505760858,21791777,3397.80,0.00501378,0
1505760856,21791773,3397.79,0.01614964,0
1505760830,21791720,3397.99,0.02500000,0
1505760809,21791717,3398.41,0.02201324,0
1505760784,21791679,3398.43,0.02212335,0
1505760779,21791677,3398.43,0.01035119,0
1505760765,21791673,3398.43,0.05925109,0
1505760744,21791671,3398.44,0.02768727,0
1505760732,21791666,3398.70,0.02233800,0
1505760665,21791646,3399.99,0.01989863,0
1505760664,21791645,3399.99,0.09965333,0
1505760664,21791644,3397.00,0.01151670,0
1505760621,21791626,3399.99,0.82500000,0
1505760620,21791625,3399.00,0.02500000,0
1505760606,21791617,3399.00,0.13499265,1
1505760604,21791615,3399.99,0.87015851,0
1505760604,21791614,3399.98,0.03000000,0
1505760604,21791612,3399.00,0.53737949,0
1505760570,21791604,3396.00,0.31418866,0
1505760506,21791524,3397.00,0.28371864,0
1505760505,21791522,3397.00,0.02004268,0
1505760492,21791509,3397.00,0.01813300,0
1505760492,21791507,3397.00,0.28312592,0
1505760472,21791486,3397.00,0.02932293,0
1505760464,21791480,3397.00,0.06100665,0
1505760444,21791469,3397.00,0.01408865,0
1505760425,21791459,3397.00,0.01279000,0
1505760407,21791446,3399.00,0.44020300,0
1505760403,21791443,3399.00,0.14359247,0
1505760371,21791423,3398.00,0.25248018,0
1505760353,21791416,3398.00,0.00587110,0
1505760337,21791413,3399.00,0.29317446,0
1505760324,21791405,3399.00,0.36598568,0
1505760322,21791404,3387.78,0.05115878,1
1505760319,21791403,3399.00,0.28924932,0
1505760264,21791364,3399.00,0.28323080,0
1505760245,21791353,3399.00,0.02699912,0
1505760218,21791347,3398.99,0.51855363,0
1505760175,21791336,3385.60,0.64460411,0
1505760175,21791335,3385.60,0.03624809,0
1505760174,21791334,3385.60,0.48500000,1
1505760174,21791333,3399.99,0.90000000,0
1505760164,21791332,3385.64,0.09954147,1
1505760144,21791319,3399.99,0.05735191,0
1505760081,21791300,3399.99,0.34971279,0
1505760067,21791298,3399.99,0.11326258,0
1505760067,21791296,3399.95,0.00294444,0
1505760066,21791294,3399.95,0.02699126,0
1505760066,21791293,3399.99,0.01517765,0
1505760061,21791289,3399.97,0.02768727,0
1505760005,21791265,3399.97,0.00817060,0
1505759968,21791248,3399.99,0.03136773,0
1505759966,21791246,3399.98,0.03000000,0
1505759964,21791244,3399.97,0.00839578,0
1505759942,21791234,3399.99,0.07735316,0
1505759940,21791233,3399.98,0.04000000,0
1505759926,21791230,3399.99,0.38849627,0
1505759926,21791229,3399.98,0.04000000,0
1505759919,21791226,3386.60,0.07340195,1
1505759906,21791215,3399.99,0.02812984,0
1505759904,21791209,3399.99,0.09948102,0
1505759904,21791207,3399.95,0.00058877,0
1505759903,21791194,3399.95,0.01466786,0
1505759892,21791185,3399.95,0.28924932,0
1505759887,21791183,3399.95,0.06747746,0
1505759873,21791169,3399.95,0.62801659,0
1505759873,21791168,3399.93,0.65906159,0
1505759872,21791167,3398.53,0.40514822,0
1505759866,21791165,3398.53,0.07294502,0
1505759866,21791164,3397.00,0.00000599,0
1505759864,21791162,3397.00,0.22268000,0
1505759846,21791152,3397.00,0.01405827,0
1505759845,21791148,3397.00,0.01379374,0
1505759828,21791140,3397.00,0.39315761,0
1505759793,21791053,3397.00,0.24682115,0
1505759793,21791052,3396.99,0.05317885,0
1505759784,21791040,3383.15,0.05500000,1
1505759780,21791036,3396.99,0.14682115,0
1505759776,21791034,3383.45,0.20000000,1
1505759774,21791029,3397.00,0.50025000,0
1505759773,21791028,3397.00,0.02923324,0
1505759764,21791023,3396.99,0.05668130,0
1505759745,21791014,3396.97,0.05551574,0
1505759744,21791013,3396.99,0.03837314,0
1505759716,21791000,3398.53,0.02032055,0
1505759707,21790996,3398.53,0.07129458,0
1505759705,21790994,3398.53,0.02777698,0
1505759685,21790985,3398.53,0.05136464,0
1505759683,21790983,3398.53,0.02862850,0
1505759681,21790980,3398.53,0.04165890,0
1505759674,21790976,3398.53,0.12081617,0
1505759674,21790975,3398.00,0.56611729,0
1505759674,21790974,3397.82,1.00000000,0
1505759674,21790973,3390.00,0.18406654,0
1505759669,21790972,3390.00,0.02773728,0
1505759668,21790971,3390.00,0.05242535,0
1505759666,21790970,3390.00,0.02885278,0
1505759656,21790967,3390.00,0.70679300,0
1505759654,21790964,3390.00,0.00012505,0
1505759654,21790963,3389.01,0.17888795,0
1505759623,21790951,3389.01,0.01910176,0
1505759607,21790948,3389.01,0.02214488,0
1505759605,21790947,3389.01,0.10408358,0
1505759599,21790941,3383.11,0.81043308,1
1505759599,21790940,3383.21,0.18956692,1
1505759579,21790927,3389.01,0.29442226,0
1505759564,21790915,3389.01,0.00935957,0
1505759563,21790914,3389.01,0.06100000,0
1505759544,21790907,3398.00,0.01381280,0
1505759534,21790902,3398.00,0.17006991,0
1505759534,21790901,3397.96,0.04000000,0
1505759533,21790900,3397.93,0.07239622,0
1505759533,21790899,3393.86,0.07868067,0
1505759532,21790898,3393.86,0.02754200,0
1505759493,21790874,3393.86,0.00547300,0
1505759444,21790863,3393.86,0.00991263,0
1505759441,21790861,3393.83,0.05878314,0
1505759439,21790860,3382.00,0.00996760,1
1505759437,21790859,3387.29,0.00003240,1
1505759412,21790854,3383.01,0.04625700,0
1505759404,21790851,3383.01,0.15207108,1
1505759401,21790849,3393.86,0.03262362,0
1505759387,21790828,3393.86,0.01117816,0
1505759387,21790827,3389.97,0.01700000,0
1505759385,21790820,3393.86,0.09854077,0
1505759385,21790819,3389.98,0.03873445,0
1505759384,21790818,3383.16,0.23000000,1
1505759363,21790798,3383.24,0.03273620,1
1505759361,21790793,3389.99,0.04031575,0
1505759335,21790787,3393.84,0.05819785,0
1505759306,21790776,3393.85,0.02919574,0
1505759303,21790774,3393.86,0.03604915,0
1505759302,21790773,3383.11,0.40526055,1
1505759263,21790752,3397.03,0.58728065,0
1505759247,21790750,3397.06,0.03186963,0
1505759246,21790749,3397.09,0.02213973,0
1505759244,21790748,3383.13,0.47983970,1
1505759221,21790731,3397.17,0.02881288,0
1505759219,21790730,3397.20,0.03669919,0
1505759210,21790727,3397.36,0.10760367,0
1505759165,21790686,3397.73,0.07340195,0
1505759146,21790679,3397.86,0.11028976,0
1505759124,21790664,3397.87,0.13766162,0
1505759112,21790654,3398.19,0.02764387,0
1505759105,21790651,3398.20,0.02746386,0
1505759104,21790649,3398.25,0.01355072,0
1505759084,21790597,3398.33,0.02768735,0
1505759065,21790591,3398.53,0.06004644,0
1505759065,21790590,3398.51,0.17113201,0
1505759045,21790579,3398.56,0.02591282,0
1505759028,21790568,3398.65,0.22886799,0
1505759024,21790566,3398.67,0.12056146,0
1505759024,21790565,3398.66,0.01881873,0
1505759017,21790561,3398.79,0.29319258,0
1505758999,21790554,3382.06,0.06577261,1
1505758997,21790552,3399.00,0.01467196,0
1505758990,21790545,3399.01,0.10030000,0
1505758988,21790544,3382.03,0.01700000,1
1505758987,21790543,3386.12,0.04392000,1
1505758984,21790538,3399.81,0.03602593,0
1505758978,21790530,3385.00,0.29000000,1
1505758978,21790529,3385.00,0.29487944,1
1505758978,21790528,3385.01,0.02435941,1
1505758978,21790527,3386.09,0.02198390,1
1505758967,21790518,3386.13,0.40000000,1
1505758967,21790517,3386.18,0.35605856,1
1505758967,21790516,3399.93,0.01466778,0
1505758952,21790509,3387.00,0.12563655,1
1505758952,21790508,3387.00,0.13756458,1
1505758952,21790507,3387.81,0.07580394,1
1505758952,21790506,3388.00,0.37210824,1
1505758946,21790498,3388.00,2.04123132,1
1505758945,21790494,3388.06,0.59343094,1
1505758938,21790472,3388.21,0.36154378,1
1505758923,21790469,3399.99,0.05695878,0
1505758923,21790468,3399.98,0.03286490,0
1505758903,21790451,3399.99,0.11110228,0
1505758900,21790450,3399.99,0.06296555,0
1505758900,21790449,3399.94,0.09391109,0
1505758900,21790448,3399.82,0.13081510,0
1505758873,21790420,3399.82,0.10131114,0
1505758871,21790413,3399.82,0.13590444,0
1505758870,21790412,3387.00,0.00046959,0
1505758869,21790407,3387.00,0.00900194,0
1505758868,21790406,3387.00,0.20000000,0
1505758865,21790398,3387.00,0.06264127,0
1505758865,21790397,3386.99,0.03910873,0
1505758839,21790341,3387.00,0.13617614,0
1505758839,21790340,3387.00,0.03357128,0
1505758837,21790335,3387.00,0.02175370,0
1505758826,21790311,3387.00,0.03638608,0
1505758803,21790293,3386.09,0.52530220,1
1505758803,21790292,3387.00,0.05890168,1
1505758791,21790273,3399.92,0.03196932,1
1505758765,21790243,3386.09,0.16343251,0
1505758764,21790242,3386.09,0.06000000,0
1505758760,21790238,3386.09,0.37656749,0
1505758754,21790233,3386.09,0.40000000,1
1505758735,21790199,3399.94,0.01405003,0
1505758735,21790198,3399.94,0.10800431,0
1505758735,21790197,3399.93,0.01000000,0
1505758735,21790196,3398.83,0.01252488,0
1505758713,21790188,3398.87,0.06342150,0
1505758713,21790187,3398.86,0.10387850,0
1505758704,21790186,3398.86,0.05657961,0
1505758697,21790180,3398.88,0.09511488,0
1505758696,21790179,3398.88,0.14442701,0
1505758696,21790174,3398.87,0.03348761,0
1505758696,21790173,3398.87,0.02504977,0
1505758681,21790164,3385.07,0.04119954,0
1505758678,21790162,3385.08,0.00890000,1
1505758677,21790161,3385.08,0.19110000,0
1505758672,21790160,3385.08,0.02500000,1
1505758661,21790143,3385.08,0.00403731,0
1505758657,21790135,3385.08,0.14186717,1
1505758657,21790131,3385.08,0.21640283,1
1505758646,21790117,3398.90,0.11903853,0
1505758641,21790115,3385.08,0.04173000,1
1505758638,21790114,3385.07,0.00339689,0
1505758634,21790110,3385.07,0.06933011,0
1505758634,21790109,3385.07,0.20566989,0
1505758630,21790102,3390.00,0.00005711,1
1505758607,21790055,3390.00,0.01136397,1
1505758605,21790041,3399.97,0.00780500,1
1505758604,21790040,3399.95,0.02244500,0
1505758604,21790039,3399.95,0.07775408,0
1505758602,21790037,3399.94,0.01000000,0
1505758596,21790034,3390.00,0.04277500,1
1505758584,21790021,3390.00,0.04276968,1
1505758568,21789994,3399.98,0.00459120,1
1505758567,21789992,3399.97,0.01300859,0
1505758567,21789991,3399.97,0.02699141,0
1505758560,21789987,3399.96,0.15761950,0
1505758544,21789975,3399.98,0.10342327,0
1505758538,21789963,3399.96,0.23344098,0
1505758522,21789934,3399.96,0.00962172,0
1505758512,21789920,3399.97,0.06357521,0
1505758512,21789919,3399.96,0.01000000,0
1505758510,21789918,3399.97,0.02741148,0
1505758505,21789908,3390.00,0.05000000,1
1505758497,21789899,3399.98,0.38898671,0
1505758497,21789898,3399.98,0.08067135,0
1505758497,21789897,3399.97,0.04000000,0
1505758472,21789886,3399.97,0.02861521,0
1505758470,21789885,3399.97,0.01379191,0
1505758469,21789884,3399.97,0.01417984,0
1505758449,21789865,3399.97,0.01502000,0
1505758448,21789861,3399.97,0.00831688,0
1505758421,21789849,3399.00,0.12757307,0
1505758404,21789845,3399.00,0.00780374,0
1505758404,21789844,3389.30,0.00078147,0
1505758403,21789842,3391.00,0.03921853,1
1505758396,21789837,3399.99,0.08067082,0
1505758395,21789836,3399.98,0.05000000,0
1505758395,21789835,3399.00,0.20239782,0
1505758394,21789833,3398.99,0.28318119,0
1505758377,21789777,3399.00,0.01760218,0
1505758374,21789776,3398.98,0.10365756,1
1505758373,21789775,3398.98,0.01079442,0
1505758373,21789774,3385.00,0.20512056,1
1505758373,21789773,3390.38,0.00000042,1
1505758362,21789765,3390.38,0.27099618,1
1505758357,21789754,3390.38,0.16845700,1
1505758355,21789751,3390.38,0.11673200,1
1505758344,21789732,3398.98,0.00812826,0
1505758342,21789731,3390.38,0.00998000,1
1505758325,21789718,3398.98,0.01437698,0
1505758324,21789717,3398.98,0.01409500,0
1505758318,21789709,3390.38,0.00966996,1
1505758315,21789704,3390.38,0.13015356,1
1505758314,21789702,3390.38,0.29242445,1
1505758285,21789686,3399.00,0.02057959,0
1505758283,21789685,3399.00,0.04377148,0
1505758283,21789684,3398.99,0.07000000,0
1505758283,21789683,3398.96,0.03000000,0
1505758283,21789682,3397.48,0.07143318,0
1505758283,21789681,3397.39,0.01577102,0
1505758283,21789680,3397.38,0.03591592,0
1505758270,21789673,3397.39,0.02427059,0
1505758267,21789666,3385.00,0.00771147,0
1505758263,21789648,3385.00,0.77500000,0
1505758260,21789647,3385.00,0.21728853,0
1505758222,21789631,3397.46,0.08690735,0
1505758204,21789623,3397.46,0.27305104,0
1505758196,21789612,3397.47,0.02426796,0
1505758195,21789609,3381.02,0.02728493,0
1505758195,21789608,3381.02,0.59000000,0
1505758193,21789606,3381.02,0.27048507,1
1505758192,21789605,3381.02,0.12951493,1
1505758191,21789603,3397.48,0.00235763,0
1505758189,21789599,3397.48,0.12467107,0
1505758188,21789597,3397.48,0.14710000,0
1505758184,21789591,3397.48,0.54224601,1
1505758184,21789590,3397.47,0.34352033,1
1505758169,21789570,3397.48,0.01035334,0
1505758168,21789552,3397.48,0.02769534,0
1505758166,21789551,3397.48,0.07324447,0
1505758166,21789550,3397.46,0.11373464,0
1505758166,21789549,3397.46,0.06752398,0
1505758146,21789530,3397.46,0.05858370,0
1505758146,21789529,3397.46,0.07647308,0
1505758144,21789527,3397.46,0.06752692,0
1505758131,21789518,3397.47,0.00880655,0
1505758108,21789502,3397.48,0.01467819,0
1505758108,21789501,3393.27,0.01680000,0
1505758108,21789500,3389.99,0.00000017,0
1505758108,21789499,3389.98,0.08178535,0
1505758107,21789497,3389.96,0.01779169,0
1505758093,21789485,3389.97,0.01000000,0
1505758087,21789483,3389.98,0.05884990,0
1505758073,21789469,3389.97,0.01000000,0
1505758047,21789453,3389.99,0.05800000,1
1505757997,21789415,3377.07,0.00777705,1
1505757996,21789414,3377.14,0.01679396,1
1505757992,21789409,3377.14,0.00778663,1
1505757992,21789408,3377.16,0.01680000,1
1505757988,21789405,3377.14,0.05051050,1
1505757986,21789401,3397.47,0.02426995,0
1505757984,21789397,3376.31,0.16490520,0
1505757978,21789384,3399.00,0.02425958,0
1505757977,21789370,3399.00,0.17497921,0
1505757976,21789369,3399.00,0.02425870,0
1505757976,21789368,3398.96,0.00000076,0
1505757975,21789367,3398.96,0.29017563,1
1505757975,21789366,3399.00,2.11926448,0
1505757975,21789365,3398.96,0.05406686,0
1505757974,21789364,3397.48,0.00125458,0
1505757974,21789363,3397.48,0.01378347,0
1505757974,21789362,3397.48,0.00939182,0
1505757973,21789361,3395.00,2.00000000,0
1505757973,21789360,3390.27,0.03012676,0
1505757973,21789358,3389.99,4.17827022,0
1505757971,21789356,3389.98,0.03004267,0
1505757964,21789350,3385.01,0.03000000,1
1505757960,21789344,3389.99,0.01800890,0
1505757944,21789312,3389.99,0.24749086,0
1505757937,21789311,3389.99,0.97000000,0
1505757927,21789310,3389.99,0.01377176,0
1505757926,21789308,3385.01,0.04979208,1
1505757926,21789306,3389.99,0.03064658,0
1505757924,21789302,3389.99,0.25843017,0
1505757903,21789294,3389.99,0.03413512,0
1505757903,21789293,3389.96,0.29585928,0
1505757873,21789277,3389.99,1.00000000,0
1505757872,21789276,3389.99,0.02432248,0
1505757865,21789263,3389.99,0.08541492,0
1505757863,21789261,3374.94,0.29585928,1
1505757863,21789259,3389.99,0.30000000,0
1505757862,21789255,3389.99,2.65286505,0
1505757862,21789254,3389.98,0.07453732,0
1505757862,21789253,3389.94,0.30000000,0
1505757862,21789252,3389.94,0.29425006,0
1505757853,21789198,3389.99,0.12487057,0
1505757853,21789197,3389.98,0.09340551,1
1505757853,21789196,3389.98,0.07597249,1
1505757847,21789182,3389.94,0.13928573,0
1505757845,21789175,3374.30,0.09383873,1
1505757844,21789171,3374.30,0.09295427,1
1505757840,21789158,3389.96,0.13535558,0
1505757832,21789147,3389.90,0.89904681,0
1505757832,21789146,3389.90,0.02282053,0
1505757823,21789135,3375.00,0.01499993,1
1505757819,21789130,3374.16,0.09999823,0
1505757817,21789124,3366.21,0.06469756,1
1505757816,21789122,3374.10,0.03782341,1
1505757816,21789121,3374.16,0.10000000,1
1505757807,21789110,3389.94,0.11925944,0
1505757807,21789109,3389.99,0.05000740,0
1505757807,21789108,3389.95,0.94999260,0
1505757805,21789105,3374.10,0.86235438,1
1505757805,21789104,3375.00,0.20007254,1
1505757804,21789101,3375.00,0.20204445,1
1505757803,21789100,3375.00,0.15009823,1
1505757803,21789099,3375.00,0.61290105,1
1505757803,21789098,3375.01,0.06987324,1
1505757803,21789097,3375.01,0.07818417,1
1505757799,21789089,3375.01,0.22181583,1
1505757797,21789086,3375.00,0.76075554,1
1505757797,21789084,3375.00,0.07412819,1
1505757796,21789081,3389.99,0.01176597,0
1505757796,21789078,3389.96,1.00000000,0
1505757796,21789075,3380.02,0.98041300,0
1505757794,21789074,3380.01,0.01607103,0
1505757784,21789057,3374.10,0.02075804,1
1505757778,21789053,3374.20,1.24408763,1
1505757778,21789052,3374.20,0.31576281,1
1505757778,21789051,3374.20,0.21552482,1
1505757778,21789050,3374.20,0.19175281,1
1505757774,21789043,3380.02,18.50000000,0
1505757773,21789040,3380.02,0.18000000,0
1505757765,21789025,3380.02,0.01135437,0
1505757750,21788958,3370.70,0.03836300,1
1505757750,21788957,3370.70,0.32523103,1
1505757744,21788947,3370.10,0.97989947,1
1505757736,21788913,3370.38,0.05180649,1
1505757735,21788908,3370.38,1.79006960,1
1505757733,21788902,3370.38,0.32816478,1
1505757723,21788856,3370.38,0.49599452,1
1505757722,21788852,3370.38,0.45635559,1
1505757721,21788850,3370.39,0.81701122,1
1505757721,21788845,3370.39,0.13413028,1
1505757720,21788842,3370.38,0.56511368,1
1505757713,21788816,3370.26,1.20544867,1
1505757713,21788815,3370.29,0.90562586,1
1505757684,21788748,3380.01,0.01386932,0
1505757666,21788732,3380.02,0.02715073,0
1505757643,21788615,3380.01,0.02897135,0
1505757638,21788599,3380.02,0.07052500,0
1505757638,21788597,3380.01,0.03000000,0
1505757638,21788596,3380.00,0.07947500,0
1505757606,21788553,3380.01,0.00020267,0
1505757606,21788552,3380.00,0.02845000,0
1505757604,21788551,3365.95,0.06234414,1
1505757604,21788550,3380.01,0.00295857,0
1505757584,21788520,3380.01,0.02638029,0
1505757584,21788519,3380.00,0.13576200,0
1505757573,21788510,3380.00,0.01995000,0
1505757571,21788505,3380.00,0.02860858,0
1505757544,21788483,3380.01,0.00856454,0
1505757534,21788477,3380.02,0.02352400,0
1505757524,21788466,3380.02,0.08496064,0
1505757524,21788465,3380.01,0.03000000,0
1505757523,21788464,3379.80,0.04010559,0
1505757518,21788457,3380.01,0.01055683,0
1505757516,21788451,3379.80,0.27946294,0
1505757504,21788430,3380.02,2.02003242,0
1505757504,21788429,3380.00,0.89262775,0
1505757502,21788427,3379.99,0.04000000,0
1505757493,21788425,3380.00,0.10737225,0
1505757493,21788424,3379.99,0.04000000,0
1505757493,21788423,3379.98,0.25262775,0
1505757464,21788408,3379.97,0.02874649,0
1505757444,21788398,3379.98,0.00844212,0
1505757436,21788393,3378.19,0.01043884,0
1505757436,21788392,3378.19,0.61658628,0
1505757434,21788389,3378.18,0.20000000,0
1505757406,21788366,3378.19,0.04706800,0
1505757404,21788365,3363.79,0.20000000,1
1505757386,21788356,3378.19,0.01395405,0
1505757361,21788324,3378.19,0.01384385,0
1505757315,21788304,3363.24,0.03203000,1
1505757312,21788303,3378.19,0.40854782,1
1505757305,21788298,3380.02,0.05769381,0
1505757305,21788297,3379.99,0.04000000,0
1505757284,21788285,3379.99,0.01384385,0
1505757275,21788260,3378.19,1.19623128,1
1505757273,21788257,3379.99,0.02951192,0
1505757271,21788249,3378.19,0.03173327,1
1505757269,21788242,3378.19,0.03173354,1
1505757265,21788238,3380.00,0.02025000,0
1505757244,21788204,3380.00,0.03651200,0
1505757219,21788165,3380.00,0.01475444,0
1505757217,21788158,3378.19,0.16868185,1
1505757215,21788152,3379.28,0.00125458,1
1505757214,21788148,3379.28,0.01378347,1
1505757212,21788144,3380.00,0.75874184,0
1505757205,21788141,3380.00,0.02848733,1
1505757204,21788136,3380.00,0.01154797,1
1505757204,21788133,3380.00,0.03590952,1
1505757184,21788097,3385.95,0.02890315,0
1505757181,21788095,3385.95,0.11548310,0
1505757168,21788073,3385.91,0.07312803,0
1505757165,21788070,3385.91,0.02434739,0
1505757162,21788064,3385.91,0.02434545,0
1505757159,21788063,3385.91,0.01163286,0
1505757159,21788062,3385.88,0.10181461,0
1505757159,21788061,3383.06,0.00018604,0
1505757154,21788050,3383.06,0.02434800,0
1505757147,21788037,3381.96,0.18122003,0
1505757143,21788028,3381.96,0.01516497,0
1505757143,21788024,3381.96,0.10361500,0
1505757120,21787988,3379.28,0.00939182,0
1505757114,21787975,3381.90,0.15691489,0
1505757114,21787973,3381.89,0.05000000,0
1505757114,21787971,3379.28,0.03000000,0
1505757112,21787968,3379.25,0.00363874,0
1505757112,21787966,3378.43,0.02050065,0
1505757111,21787963,3378.41,0.00537938,0
1505757104,21787957,3378.41,0.01452577,0
1505757103,21787956,3378.41,0.00155247,0
1505757101,21787953,3378.41,0.00310493,0
1505757094,21787948,3370.00,0.09464935,1
1505757094,21787946,3378.19,0.00620987,0
1505757088,21787942,3378.19,0.01241973,0
1505757083,21787932,3378.17,0.02483946,0
1505757082,21787926,3370.00,0.00800000,1
1505757078,21787919,3378.28,0.04967893,0
1505757074,21787915,3378.30,0.05939758,0
1505757074,21787914,3378.29,0.06000000,0
1505757073,21787913,3378.28,0.01162556,1
1505757073,21787912,3378.28,0.01578022,0
1505757067,21787899,3378.26,0.02440693,0
1505757064,21787892,3360.12,0.14057402,1
1505757064,21787891,3365.00,0.01162986,1
1505757062,21787888,3378.29,0.02440586,0
1505757062,21787886,3372.64,0.00424000,1
1505757054,21787881,3365.00,0.03837014,0
1505757051,21787880,3365.00,0.02453404,0
1505757051,21787879,3365.00,0.00393000,0
1505757049,21787876,3365.00,0.00400000,0
1505757049,21787874,3365.00,0.14600000,0
1505757046,21787864,3378.30,0.09082674,0
1505757046,21787862,3378.29,0.07000000,1
1505757046,21787861,3378.29,0.03132798,1
1505757044,21787857,3378.30,0.35207580,0
1505757044,21787856,3375.00,0.01000000,0
1505757043,21787855,3372.76,0.02460894,0
1505757043,21787854,3372.64,0.26894125,0
1505757043,21787853,3370.70,0.02462401,0
1505757043,21787852,3368.12,0.07000000,0
1505757041,21787851,3360.03,0.01412572,1
1505757037,21787845,3360.00,0.27131065,0
1505757033,21787840,3360.00,0.00154911,0
1505757028,21787831,3360.00,0.00309822,0
1505757025,21787825,3360.00,0.02780459,0
1505757022,21787819,3360.00,0.00619644,0
1505757016,21787811,3360.00,0.01239287,0
1505757010,21787797,3360.00,0.02478575,0
1505757007,21787794,3360.00,0.04957149,0
1505757004,21787791,3360.00,0.02923079,0
1505757003,21787789,3360.00,0.09914298,0
1505756999,21787786,3360.00,0.19828595,0
1505756985,21787775,3360.00,0.02976100,0
1505756975,21787764,3360.00,0.01125000,0
1505756965,21787755,3360.00,0.11493323,0
1505756958,21787746,3360.00,0.02900000,0
1505756951,21787744,3360.00,0.03025000,0
1505756944,21787738,3360.00,0.05129784,0
1505756944,21787737,3359.99,0.08000000,0
1505756944,21787736,3359.98,0.01238888,0
1505756925,21787721,3359.61,0.00475055,0
1505756900,21787678,3350.00,0.02500000,0
1505756894,21787673,3350.01,0.01292294,0
1505756893,21787670,3350.00,0.10000000,0
1505756834,21787658,3350.01,0.13502633,0
1505756823,21787644,3350.01,0.97660305,0
1505756822,21787642,3350.00,0.11000000,1
1505756822,21787641,3350.00,0.10444160,0
1505756817,21787634,3350.00,0.02530746,0
1505756816,21787631,3350.00,0.01573894,0
1505756807,21787618,3350.00,0.05000002,0
1505756805,21787615,3350.00,0.02977734,0
1505756803,21787613,3350.00,0.01449032,0
1505756796,21787612,3350.00,0.01390149,0
1505756787,21787595,3350.00,0.01384362,0
1505756772,21787576,3350.00,0.01343980,0
1505756765,21787571,3349.97,0.00832839,0
1505756761,21787566,3335.77,0.02795049,1
1505756759,21787565,3350.01,1.52046710,0
1505756759,21787564,3350.00,0.12000000,0
1505756757,21787563,3349.97,0.13316432,0
1505756749,21787559,3350.01,0.00297484,0
1505756744,21787549,3350.01,0.81991300,0
1505756744,21787548,3350.00,0.05033700,0
1505756744,21787547,3350.00,0.13000000,0
1505756740,21787540,3350.01,0.00928382,0
1505756735,21787524,3350.01,0.01337119,0
1505756734,21787521,3350.01,1.00000000,1
1505756732,21787511,3359.88,0.17776499,0
1505756705,21787480,3359.67,0.00853197,0
1505756674,21787469,3359.87,0.04777231,0
1505756667,21787467,3359.98,0.02226799,0
1505756645,21787451,3359.46,0.02805390,0
1505756644,21787450,3359.43,0.28183586,0
1505756615,21787430,3359.87,0.20060000,0
1505756615,21787429,3359.80,0.15000000,0
1505756608,21787428,3359.81,0.04226961,0
1505756606,21787426,3359.78,0.00906278,0
1505756583,21787418,3359.93,0.11449811,0
1505756562,21787412,3359.85,0.22571294,0
1505756562,21787411,3344.84,0.98025565,0
1505756560,21787410,3344.84,0.02989680,0
1505756553,21787405,3344.84,0.76472575,0
1505756532,21787383,3344.84,0.57330740,0
1505756532,21787382,3344.83,0.42669260,0
1505756530,21787380,3344.83,0.07330740,0
1505756511,21787357,3344.84,0.04341532,0
1505756510,21787356,3344.84,15.80000000,0
1505756510,21787355,3344.84,0.01148900,0
1505756507,21787353,3344.84,0.52650433,0
1505756507,21787352,3344.84,0.06929128,0
1505756503,21787350,3344.84,0.24789745,0
1505756501,21787341,3337.06,0.59778182,0
1505756499,21787333,3337.06,0.70178588,1
1505756493,21787326,3344.84,0.14911027,0
1505756487,21787323,3344.84,0.20528200,0
1505756483,21787322,3344.84,0.12325000,0
1505756482,21787321,3344.84,0.02751500,0
1505756482,21787320,3344.84,0.23745108,0
1505756469,21787305,3344.83,0.06745645,0
1505756465,21787304,3344.83,0.01258615,1
1505756463,21787303,3344.83,0.15740765,0
1505756461,21787301,3344.83,0.01259235,0
1505756461,21787300,3344.82,0.01720000,0
1505756452,21787295,3344.84,0.23745025,0
1505756449,21787294,3344.84,0.01720000,0
1505756448,21787292,3344.84,0.25595842,1
1505756443,21787289,3344.98,0.21878464,1
1505756442,21787288,3345.01,0.21492709,1
1505756442,21787287,3349.06,0.00208417,1
1505756441,21787286,3354.13,0.00577531,1
1505756437,21787283,3354.13,0.22039397,1
1505756424,21787280,3364.98,0.20528204,0
1505756424,21787279,3361.99,0.04707767,0
1505756424,21787278,3361.98,0.01113829,0
1505756424,21787277,3361.97,0.02764180,0
1505756379,21787227,3354.13,0.02742117,1
1505756379,21787226,3354.14,0.02010812,1
1505756374,21787209,3354.14,0.00489188,0
1505756370,21787202,3354.14,0.35000000,0
1505756364,21787196,3361.99,0.01025185,0
1505756335,21787178,3354.13,0.00185638,1
1505756330,21787176,3354.14,0.00371276,1
1505756325,21787174,3354.14,0.00742553,1
1505756324,21787172,3361.99,0.05406835,0
1505756320,21787171,3354.13,0.01485106,1
1505756316,21787167,3354.13,0.02970211,1
1505756311,21787164,3346.19,0.05834475,1
1505756310,21787162,3354.13,0.00105948,1
1505756306,21787159,3354.13,0.11880845,1
1505756298,21787151,3361.00,0.03208593,1
1505756294,21787145,3361.99,0.02947220,0
1505756293,21787144,3361.00,0.55847618,1
1505756292,21787143,3361.00,0.02996698,1
1505756290,21787141,3361.00,0.05993396,1
1505756284,21787132,3361.99,0.00833242,0
1505756283,21787130,3361.00,0.02474645,1
1505756277,21787090,3361.00,0.02474264,1
1505756273,21787081,3361.00,0.12500000,1
1505756273,21787080,3355.00,0.85220910,0
1505756273,21787079,3354.99,0.02474421,0
1505756273,21787078,3354.98,0.15000000,0
1505756273,21787077,3354.32,0.02490303,0
1505756273,21787076,3354.29,0.06118043,0
1505756273,21787075,3354.15,3.00000000,0
1505756272,21787074,3354.14,0.03201109,0
1505756270,21787070,3354.13,0.01013207,0
1505756244,21787038,3354.13,0.02241209,0
1505756200,21787002,3354.30,0.06120491,0
1505756198,21787001,3354.29,0.08515493,0
1505756165,21786984,3336.77,0.02492614,1
1505756165,21786983,3336.80,0.02494228,1
1505756158,21786967,3354.32,0.22046336,1
1505756154,21786965,3354.32,0.14755045,1
1505756152,21786961,3354.32,0.01756901,1
1505756151,21786957,3354.32,0.15416827,1
1505756148,21786952,3354.32,0.20000000,1
1505756147,21786950,3354.32,0.12256209,0
1505756147,21786949,3354.00,0.23612011,0
1505756146,21786947,3353.99,0.20000000,0
1505756146,21786946,3353.96,0.10156671,0
1505756143,21786942,3353.99,0.03087551,0
1505756126,21786935,3353.88,0.28909904,0
1505756116,21786928,3336.31,0.03202000,1
1505756094,21786912,3339.78,0.03384768,1
1505756093,21786910,3354.32,0.00340679,0
1505756092,21786909,3354.32,0.11555622,0
1505756083,21786899,3339.66,0.04383213,1
1505756083,21786898,3339.66,0.06079551,1
1505756076,21786893,3354.18,0.07434604,0
1505756043,21786866,3354.32,0.29100366,1
1505756043,21786864,3354.32,0.00143442,0
1505756023,21786857,3354.05,0.00834063,0
1505756016,21786843,3354.03,0.01576015,0
1505755984,21786818,3337.15,0.05000000,1
1505755945,21786789,3354.03,0.01525000,0
1505755926,21786781,3354.10,0.27658090,0
1505755925,21786778,3354.10,0.02803860,0
1505755905,21786754,3354.13,0.29129428,0
1505755885,21786743,3354.32,0.00893177,0
1505755883,21786741,3354.28,0.01487055,0
1505755873,21786735,3354.25,0.00594768,1
1505755864,21786729,3335.92,0.06913049,1
1505755862,21786728,3354.32,0.00445992,0
1505755859,21786726,3354.32,0.00995000,0
1505755846,21786719,3335.91,0.02488099,1
1505755845,21786718,3354.29,0.16343481,0
1505755845,21786717,3354.28,0.01721055,0
1505755844,21786714,3350.00,0.00200000,1
1505755765,21786600,3354.69,0.02460894,0
1505755762,21786599,3354.69,0.08315934,0
1505755762,21786598,3353.58,0.03442111,0
1505755762,21786597,3352.57,0.01777729,0
1505755759,21786591,3352.54,0.02462401,0
1505755751,21786579,3352.57,0.00697982,0
1505755750,21786578,3352.39,0.05221980,0
1505755750,21786577,3352.32,0.07500000,0
1505755750,21786576,3350.00,0.87412796,0
1505755749,21786575,3332.01,0.02490988,1
1505755747,21786571,3352.39,0.02450192,0
1505755747,21786570,3352.39,0.11459608,0
1505755747,21786569,3352.38,0.02475897,0
1505755746,21786567,3352.39,0.02868220,0
1505755746,21786562,3352.32,0.04393233,1
1505755745,21786559,3352.32,0.02811155,0
1505755739,21786548,3352.35,0.02490171,0
1505755739,21786546,3347.99,0.02482718,0
1505755732,21786522,3331.33,0.02491504,1
1505755728,21786510,3349.15,0.00000578,0
1505755728,21786509,3348.00,0.12500000,0
1505755726,21786507,3331.31,0.02491512,1
1505755720,21786503,3331.20,0.13207656,0
1505755719,21786502,3339.09,0.02495690,0
1505755719,21786501,3348.00,0.12513727,1
1505755719,21786499,3348.02,0.03262927,0
1505755717,21786494,3349.15,0.05725700,0
1505755710,21786460,3349.15,0.01011310,0
1505755710,21786457,3349.14,0.05910541,0
1505755706,21786436,3349.14,0.15044959,0
1505755706,21786434,3349.00,0.00882474,0
1505755704,21786420,3349.14,0.03044500,0
1505755704,21786418,3348.78,0.12993148,0
1505755704,21786416,3348.77,0.02479091,0
1505755700,21786392,3338.33,0.02486273,0
1505755699,21786384,3348.78,0.04922389,0
1505755698,21786383,3348.78,0.08743587,0
1505755694,21786368,3348.00,0.03179830,0
1505755693,21786359,3348.00,0.02695340,0
1505755692,21786356,3348.00,0.17157258,0
1505755692,21786355,3348.00,0.22104001,0
1505755692,21786354,3348.00,0.08142126,0
1505755688,21786336,3348.00,0.04373350,0
1505755688,21786335,3348.00,0.02479099,1
1505755686,21786332,3348.00,0.15405253,0
1505755686,21786331,3347.99,0.02486280,0
1505755670,21786294,3348.00,0.26942842,0
1505755669,21786293,3348.78,0.55123278,0
1505755669,21786292,3348.74,0.16855642,0
1505755668,21786291,3348.74,0.08144358,0
1505755659,21786270,3348.75,0.01489212,0
1505755645,21786249,3348.76,0.11778480,0
1505755645,21786248,3348.74,0.02469540,0
1505755631,21786225,3330.01,0.01550000,1
1505755624,21786213,3348.73,0.06850955,0
1505755622,21786203,3327.96,0.19000000,1
1505755622,21786202,3328.96,0.21000000,1
1505755606,21786128,3348.32,0.07922018,0
1505755602,21786113,3348.29,0.02815085,0
1505755598,21786109,3328.93,0.02493293,1
1505755598,21786106,3348.32,0.27661315,1
1505755597,21786105,3348.32,0.00640597,1
1505755597,21786104,3348.77,0.03733017,1
1505755596,21786101,3348.76,0.05203100,0
1505755596,21786097,3348.78,0.01427698,0
1505755596,21786095,3348.77,0.11688699,0
1505755596,21786092,3348.77,0.15311301,0
1505755596,21786091,3348.77,0.02397360,0
1505755595,21786088,3348.32,0.15993602,1
1505755594,21786084,3348.77,0.00081495,0
1505755594,21786083,3348.51,0.35500066,0
1505755594,21786081,3348.32,0.03327781,1
1505755591,21786076,3348.32,0.03288515,0
1505755590,21786071,3348.32,0.16473040,0
1505755590,21786070,3348.32,0.07238445,0
1505755590,21786069,3348.26,0.32502532,0
1505755589,21786064,3348.26,0.02491729,0
1505755589,21786063,3348.24,0.01418743,0
1505755587,21786062,3348.22,0.00263400,0
1505755587,21786061,3328.91,0.02493308,0
1505755586,21786058,3348.25,0.02979466,1
1505755583,21786048,3325.00,0.43282583,1
1505755583,21786046,3325.07,0.10000000,1
1505755583,21786045,3325.07,0.05000000,0
1505755582,21786043,3326.42,1.00000000,1
1505755582,21786042,3327.17,0.01282382,1
1505755582,21786041,3327.17,0.01195925,1
1505755582,21786039,3327.17,0.00016210,1
1505755582,21786038,3327.17,0.02462097,1
1505755582,21786037,3327.17,0.23000000,0
1505755581,21786036,3328.00,0.01540010,1
1505755581,21786035,3328.43,0.02477286,1
1505755581,21786034,3328.43,0.28613452,0
1505755580,21786033,3328.89,0.00523585,1
1505755580,21786031,3328.89,0.01953428,1
1505755580,21786028,3330.00,0.10000000,1
