date,tid,price,amount,type
1505779251,21805624,4102.99,0.01514717,0
1505779250,21805622,4102.99,0.01860565,0
1505779250,21805621,4102.99,0.09720123,0
1505779248,21805618,4102.99,0.11057509,0
1505779248,21805612,4102.99,0.77759358,0
1505779248,21805611,4102.99,0.01467493,0
1505779247,21805610,4102.99,0.04339728,0
1505779247,21805609,4102.99,0.42974614,0
1505779242,21805595,4102.99,0.02055321,0
1505779234,21805541,4102.99,0.83605600,0
1505779232,21805527,4102.99,0.40424128,0
1505779229,21805513,4102.99,0.20638120,0
1505779227,21805508,4102.98,0.32094478,0
1505779211,21805505,4102.84,0.00185237,0
1505779211,21805504,4102.00,0.09360728,0
1505779211,21805503,4102.00,0.05046391,0
1505779209,21805502,4098.13,0.08700000,0
1505779206,21805500,4102.00,0.05592881,0
1505779195,21805489,4101.60,0.02000000,1
1505779185,21805485,4099.99,0.09255495,0
1505779180,21805482,4100.00,0.28624769,0
1505779179,21805481,4100.00,0.70000000,0
1505779171,21805474,4098.99,0.00004307,1
1505779169,21805471,4100.14,0.02931000,0
1505779165,21805468,4100.14,0.02000000,0
1505779158,21805443,4099.00,0.14314397,0
1505779153,21805433,4099.00,0.50000000,0
1505779148,21805416,4098.99,0.24339893,0
1505779145,21805405,4098.99,0.02238844,0
1505779125,21805359,4098.99,0.41466932,0
1505779124,21805357,4098.98,0.01377168,0
1505779098,21805339,4090.46,0.01377168,1
1505779094,21805331,4098.99,0.31954331,0
1505779094,21805327,4098.99,0.09734869,0
1505779094,21805325,4096.77,0.07000000,0
1505779064,21805274,4098.99,0.34361391,0
1505779056,21805263,4099.00,1.00000000,0
1505779054,21805261,4099.00,0.55356425,0
1505779054,21805259,4099.00,0.36105906,0
1505779054,21805255,4099.00,0.55903740,0
1505779053,21805253,4098.99,0.44096260,0
1505779050,21805238,4098.99,0.45010299,1
1505779048,21805237,4099.00,1.34285503,0
1505779043,21805228,4098.99,0.54989700,0
1505779041,21805223,4098.99,0.18426400,0
1505779037,21805200,4095.79,0.73416100,1
1505779035,21805188,4099.00,6.00634545,0
1505779035,21805187,4098.98,0.87150000,0
1505779034,21805186,4098.98,0.50990288,1
1505779034,21805185,4098.98,0.95608000,1
1505779034,21805184,4097.23,0.25000000,0
1505779034,21805183,4096.54,0.00195045,0
1505779033,21805182,4095.78,1.00000000,1
1505779032,21805181,4095.78,0.15300000,0
1505779031,21805177,4087.77,1.00000000,0
1505779029,21805173,4090.92,0.14500000,0
1505779018,21805150,4094.93,0.02013638,0
1505779017,21805149,4090.08,0.23700000,0
1505779016,21805146,4090.00,0.09430473,0
1505779007,21805143,4085.23,0.21200000,0
1505779002,21805141,4085.00,2.58162817,0
1505778988,21805134,4085.00,0.19984911,0
1505778987,21805133,4085.00,0.04443536,0
1505778986,21805131,4085.00,0.24427600,0
1505778982,21805125,4085.00,0.24428448,0
1505778974,21805114,4085.00,0.48856548,0
1505778973,21805112,4085.00,1.00236720,0
1505778972,21805106,4085.00,0.06450935,0
1505778971,21805104,4085.00,0.04406076,0
1505778964,21805091,4085.00,0.05616157,0
1505778959,21805077,4085.00,0.02986252,0
1505778959,21805076,4083.83,0.00744285,0
1505778950,21805069,4083.83,0.03655715,0
1505778940,21805061,4083.75,0.20778402,0
1505778928,21805050,4082.54,0.00176619,1
1505778928,21805049,4082.55,1.00000000,1
1505778914,21805041,4083.75,0.02021598,0
1505778909,21805040,4082.98,0.02032827,0
1505778908,21805039,4082.57,2.76987797,0
1505778908,21805038,4082.57,2.50000000,0
1505778907,21805037,4082.57,5.00000000,0
1505778907,21805036,4082.57,1.00000000,0
1505778907,21805035,4082.57,5.00000000,0
1505778906,21805034,4082.57,3.76588031,0
1505778905,21805033,4082.57,1.00000000,0
1505778903,21805032,4082.57,1.00000000,0
1505778900,21805030,4082.57,1.00000000,0
1505778899,21805029,4082.03,0.20000000,1
1505778899,21805028,4082.03,2.50000000,1
1505778898,21805027,4082.57,15.00000000,0
1505778897,21805026,4082.03,5.00000000,1
1505778897,21805025,4082.57,1.00000000,0
1505778895,21805024,4082.57,1.00000000,0
1505778893,21805023,4082.57,0.40424172,0
1505778890,21805022,4082.56,0.36374079,0
1505778879,21805019,4082.56,0.05046396,0
1505778868,21805012,4082.46,0.03234381,0
1505778867,21805011,4073.34,0.02000000,1
1505778855,21805009,4076.00,0.22000000,0
1505778832,21805002,4081.01,0.18100475,0
1505778803,21804987,4082.57,9.56000000,0
1505778802,21804986,4082.50,5.84000000,0
1505778801,21804985,4081.28,0.01320000,1
1505778792,21804983,4082.40,0.98611884,0
1505778785,21804981,4082.40,0.01388116,0
1505778770,21804979,4081.54,1.86230220,1
1505778770,21804978,4081.54,5.00000000,1
1505778764,21804977,4082.48,0.53800000,0
1505778758,21804975,4082.48,0.02000000,0
1505778756,21804974,4081.02,0.04648582,1
1505778756,21804973,4081.02,0.11283422,1
1505778747,21804968,4082.55,0.03071190,0
1505778747,21804964,4082.55,0.33000000,0
1505778734,21804961,4082.55,0.38211788,1
1505778729,21804956,4081.02,0.04176069,1
1505778729,21804954,4081.02,0.37130002,1
1505778728,21804953,4081.02,0.20862400,0
1505778723,21804951,4081.02,0.09937600,0
1505778721,21804947,4080.12,0.09565000,0
1505778719,21804945,4080.00,0.47949510,1
1505778717,21804941,4080.00,0.35295382,0
1505778715,21804940,4080.00,1.00000000,0
1505778713,21804939,4080.00,1.00000000,0
1505778712,21804938,4078.56,2.05030751,1
1505778711,21804937,4080.00,1.00000000,0
1505778708,21804935,4080.00,1.00000000,0
1505778707,21804933,4078.56,0.07264237,1
1505778706,21804932,4080.00,0.64704618,0
1505778705,21804930,4080.00,0.35295382,0
1505778704,21804929,4079.82,0.99999755,1
1505778703,21804927,4080.00,0.02000000,0
1505778701,21804926,4079.82,1.00000000,1
1505778698,21804923,4079.82,0.01149000,1
1505778698,21804921,4079.82,0.06866725,0
1505778697,21804920,4079.80,0.87150000,0
1505778696,21804916,4076.20,0.01149000,1
1505778691,21804914,4076.19,0.27600000,0
1505778690,21804913,4076.19,0.10000000,0
1505778684,21804912,4074.22,0.50000000,0
1505778681,21804911,4072.50,0.99052474,0
1505778681,21804910,4073.39,0.00947526,1
1505778680,21804909,4073.39,0.11289180,0
1505778679,21804908,4073.38,0.92743230,0
1505778679,21804907,4073.35,0.58520064,0
1505778679,21804906,4073.08,1.00000000,0
1505778679,21804905,4071.36,0.34500000,0
1505778675,21804903,4070.00,0.39000000,0
1505778665,21804901,4073.35,0.02258583,0
1505778624,21804898,4073.35,0.61221353,0
1505778615,21804894,4073.33,0.22987223,1
1505778615,21804893,4073.33,0.17436976,0
1505778612,21804888,4073.33,0.00000355,0
1505778611,21804887,4073.29,0.05046044,1
1505778493,21804866,4070.37,0.02047832,1
1505778473,21804861,4073.38,0.01492910,0
1505778428,21804858,4073.38,0.00701331,0
1505778406,21804821,4070.00,3.37150000,0
1505778403,21804820,4070.00,1.62850000,0
1505778403,21804819,4069.65,0.87150000,0
1505778401,21804818,4069.33,0.00457414,0
1505778401,21804817,4069.22,0.38100000,0
1505778364,21804816,4064.80,0.00430901,1
1505778364,21804815,4065.02,0.00323510,1
1505778352,21804813,4068.36,0.07404551,0
1505778347,21804811,4064.39,0.52082636,0
1505778346,21804810,4064.39,0.02992657,0
1505778343,21804808,4064.40,0.25764916,0
1505778337,21804807,4064.40,0.06211634,0
1505778336,21804805,4064.40,0.08643802,0
1505778298,21804793,4064.40,0.02000000,0
1505778277,21804789,4064.39,0.00323510,0
1505778272,21804788,4059.75,8.94161012,1
1505778256,21804786,4064.40,0.02279648,0
1505778256,21804785,4062.20,0.00183492,0
1505778208,21804776,4059.77,0.30798922,1
1505778202,21804774,4063.25,5.00000000,1
1505778185,21804771,4064.27,0.12672290,1
1505778180,21804768,4062.20,4.12000000,0
1505778179,21804767,4062.20,0.02263550,1
1505778178,21804765,4063.61,0.88000000,1
1505778168,21804764,4062.21,2.48000000,0
1505778168,21804763,4062.21,2.50000000,0
1505778167,21804762,4062.21,0.02000000,1
1505778160,21804760,4069.30,0.02296195,0
1505778149,21804742,4069.26,1.00000000,0
1505778147,21804741,4069.30,0.12850000,1
1505778146,21804740,4069.27,0.87150000,0
1505778138,21804737,4069.32,0.02000000,0
1505778137,21804736,4062.20,4.00000000,0
1505778136,21804735,4062.20,1.00000000,1
1505778133,21804734,4066.59,0.44866975,1
1505778133,21804733,4067.92,0.00133025,1
1505778133,21804732,4067.92,0.01695153,0
1505778132,21804731,4066.48,2.45120000,0
1505778132,21804730,4066.40,0.51900000,0
1505778132,21804729,4066.39,1.00000000,0
1505778120,21804684,4062.20,0.57721100,1
1505778117,21804678,4062.19,1.79000000,0
1505778116,21804677,4062.20,0.21000000,1
1505778116,21804676,4065.24,2.90000000,1
1505778115,21804675,4066.38,0.10000000,1
1505778113,21804669,4065.24,5.00000000,1
1505778091,21804651,4056.70,0.67948035,1
1505778091,21804650,4056.71,0.23000000,1
1505778090,21804649,4059.10,2.45610000,0
1505778089,21804647,4059.10,1.63441965,1
1505778085,21804646,4059.10,5.00000000,1
1505778084,21804645,4059.10,0.36558035,1
1505778063,21804617,4053.89,1.05829080,1
1505778062,21804616,4053.90,2.74890000,0
1505778062,21804615,4058.58,1.00000000,1
1505778062,21804614,4059.08,0.16813200,1
1505778061,21804613,4059.71,0.02467720,1
1505778056,21804601,4060.45,0.59193245,1
1505778056,21804598,4060.81,0.06157060,1
1505778055,21804597,4067.92,0.00852795,1
1505778055,21804596,4066.15,0.01368570,0
1505778053,21804593,4054.56,1.59433157,1
1505778052,21804590,4054.57,2.70140000,1
1505778052,21804588,4054.59,0.30002634,0
1505778051,21804586,4054.59,0.40424209,0
1505778042,21804571,4060.38,0.03719000,0
1505778040,21804570,4061.33,0.30077900,0
1505778040,21804568,4054.33,1.52725477,0
1505778040,21804567,4054.33,0.12200000,0
1505778039,21804566,4054.34,2.72410000,0
1505778039,21804565,4060.36,0.28994167,1
1505778039,21804564,4060.36,0.15822000,0
1505778039,21804563,4060.36,0.02000000,0
1505778038,21804561,4060.37,0.02032827,0
1505778038,21804560,4060.37,0.01615529,0
1505778038,21804559,4060.37,0.12200000,0
1505778027,21804550,4066.15,0.40424209,1
1505778025,21804548,4054.14,2.55800000,1
1505778025,21804546,4060.36,0.48800000,0
1505778024,21804543,4060.36,0.48900000,1
1505778024,21804541,4060.36,0.48900000,1
1505778024,21804540,4060.36,0.48800000,1
1505778023,21804538,4060.36,0.48800000,1
1505778021,21804537,4066.14,0.01615529,0
1505778011,21804529,4056.98,1.01834486,0
1505778011,21804526,4057.01,0.87150000,1
1505778010,21804523,4060.00,0.50000000,1
1505778010,21804522,4060.00,0.02545813,1
1505778010,21804521,4060.00,0.05046401,0
1505778009,21804518,4066.57,0.08433300,0
1505778009,21804517,4066.57,2.44990000,1
1505778004,21804499,4073.34,0.33464015,0
1505777995,21804485,4069.66,0.08433300,1
1505777993,21804478,4060.65,0.18860988,1
1505777993,21804476,4062.26,0.06387470,1
1505777993,21804474,4063.94,0.90460532,1
1505777992,21804473,4063.96,0.62063643,1
1505777992,21804472,4063.96,0.76987367,0
1505777991,21804471,4063.96,0.10000000,1
1505777991,21804470,4063.97,2.45240000,1
1505777987,21804469,4073.44,0.07260062,0
1505777977,21804465,4073.34,0.07259301,0
1505777977,21804464,4073.34,0.11792530,0
1505777977,21804463,4073.34,0.07260062,0
1505777972,21804462,4068.65,0.30041800,1
1505777972,21804461,4070.75,0.13250500,1
1505777971,21804458,4073.44,0.16767811,0
1505777970,21804457,4073.44,0.25100000,0
1505777968,21804451,4063.93,1.57200000,1
1505777968,21804449,4063.94,0.48800000,0
1505777968,21804448,4063.94,0.48800000,0
1505777966,21804447,4063.94,2.45200000,1
1505777947,21804441,4071.97,0.02459450,1
1505777945,21804439,4066.11,2.01672891,1
1505777945,21804438,4066.12,0.00426600,0
1505777944,21804435,4066.12,0.52840509,1
1505777943,21804434,4066.12,2.45060000,1
1505777943,21804433,4076.68,0.00426600,0
1505777919,21804420,4066.13,5.00000000,1
1505777894,21804418,4066.34,4.00704960,1
1505777894,21804417,4070.00,0.50000000,1
1505777892,21804416,4070.03,0.49295040,1
1505777869,21804412,4070.03,0.08159408,1
1505777831,21804394,4079.98,2.34941912,0
1505777831,21804393,4076.78,0.12700000,0
1505777827,21804392,4079.98,0.57454448,1
1505777784,21804387,4077.24,2.77561701,1
1505777783,21804386,4078.49,2.22438299,1
1505777768,21804382,4080.00,0.08092309,0
1505777764,21804377,4078.49,5.00000000,1
1505777762,21804374,4078.49,0.17561701,1
1505777762,21804373,4078.50,0.07002409,1
1505777752,21804372,4080.00,0.03054377,0
1505777752,21804371,4080.00,0.01557932,0
1505777752,21804370,4079.59,0.02000000,0
1505777748,21804369,4078.00,0.38143072,0
1505777748,21804368,4077.40,0.05018970,0
1505777748,21804367,4077.40,0.02485915,0
1505777747,21804365,4077.23,0.13200000,0
1505777742,21804364,4075.64,5.00000000,1
1505777705,21804351,4078.00,0.02250368,0
1505777671,21804329,4078.00,0.09606560,0
1505777654,21804317,4076.80,0.25900000,0
1505777649,21804316,4071.98,0.00907168,1
1505777648,21804315,4071.98,0.00800000,1
1505777645,21804314,4076.75,0.05627522,1
1505777618,21804298,4071.97,0.22800000,0
1505777588,21804296,4074.86,0.08709577,1
1505777588,21804294,4074.86,2.45040000,0
1505777587,21804293,4065.02,0.02200000,1
1505777571,21804289,4064.95,0.10050841,1
1505777571,21804288,4064.95,0.49949159,1
1505777568,21804286,4064.96,0.50000000,1
1505777541,21804276,4074.93,0.01273917,0
1505777531,21804269,4074.11,0.05000000,0
1505777492,21804256,4066.46,0.02000000,1
1505777480,21804249,4066.45,0.02000000,1
1505777468,21804248,4069.26,0.40424180,0
1505777463,21804245,4070.07,0.05312738,1
1505777459,21804243,4074.93,0.06758693,0
1505777451,21804242,4074.93,0.02591594,0
1505777449,21804241,4069.23,0.40400000,0
1505777449,21804240,4069.23,1.00000000,0
1505777449,21804239,4069.16,0.00800000,0
1505777448,21804238,4069.16,1.00000000,0
1505777442,21804236,4069.38,0.06287861,0
1505777415,21804235,4074.90,0.40424180,1
1505777412,21804234,4074.93,0.05046397,0
1505777407,21804226,4071.00,0.02908621,1
1505777396,21804225,4065.82,0.00350000,0
1505777395,21804224,4065.82,0.12500000,0
1505777392,21804222,4065.91,0.87150000,1
1505777388,21804221,4065.87,0.12850000,1
1505777388,21804220,4065.88,0.87150000,1
1505777386,21804219,4065.79,0.02500000,0
1505777386,21804218,4064.56,0.15700278,1
1505777386,21804217,4064.58,0.90000000,1
1505777386,21804216,4065.75,0.75000000,1
1505777386,21804215,4065.86,0.74399722,1
1505777355,21804211,4073.50,0.01030000,0
1505777352,21804210,4073.51,0.98970000,1
1505777349,21804207,4073.48,1.00000000,1
1505777343,21804205,4073.51,1.00000000,1
1505777290,21804189,4090.00,1.13375856,1
1505777290,21804188,4090.00,0.98231105,1
1505777289,21804187,4090.00,0.09008007,1
1505777288,21804186,4090.00,0.87150000,1
1505777288,21804185,4087.51,0.36100000,0
1505777287,21804184,4086.97,0.65200000,0
1505777287,21804183,4082.66,0.34800000,0
1505777282,21804181,4082.41,0.00231105,1
1505777276,21804178,4078.26,0.05589650,0
1505777276,21804177,4082.45,0.02000000,0
1505777271,21804176,4082.40,0.53800000,1
1505777271,21804175,4082.40,0.46200000,0
1505777262,21804173,4082.34,0.20000000,0
1505777260,21804172,4078.84,0.00676458,1
1505777252,21804171,4077.57,0.17426200,1
1505777251,21804170,4077.57,0.12022100,1
1505777249,21804169,4077.57,0.38760382,0
1505777244,21804167,4072.77,0.01030000,1
1505777242,21804166,4077.57,0.03239618,0
1505777241,21804165,4072.74,0.52500000,0
1505777234,21804162,4067.91,0.59100000,0
1505777234,21804161,4067.13,0.17504126,0
1505777226,21804160,4067.13,0.05640833,0
1505777222,21804158,4067.13,0.01424800,0
1505777218,21804157,4071.99,0.00771837,0
1505777218,21804156,4070.36,0.09600000,0
1505777218,21804155,4067.16,0.56800000,0
1505777181,21804154,4064.56,0.05412081,1
1505777181,21804153,4064.57,0.94587919,1
1505777179,21804152,4064.56,1.00000000,1
1505777151,21804150,4067.13,0.01666023,0
1505777074,21804145,4067.15,0.10065525,0
1505777001,21804121,4064.56,0.03043534,1
1505776995,21804120,4067.15,0.02300000,0
1505776985,21804117,4067.15,0.02256371,0
1505776963,21804106,4064.56,0.03019650,1
1505776954,21804103,4064.56,0.01391686,1
1505776953,21804102,4064.56,0.41100000,1
1505776953,21804101,4064.56,0.02075372,1
1505776947,21804099,4064.57,0.21700000,1
1505776943,21804096,4065.59,0.45860000,1
1505776943,21804095,4065.59,1.99800000,1
1505776942,21804094,4065.59,0.41300000,1
1505776941,21804093,4065.53,0.08900000,0
1505776941,21804092,4065.15,1.00000000,0
1505776937,21804091,4064.56,0.02700000,1
1505776937,21804090,4064.56,0.12817207,1
1505776937,21804089,4064.54,0.06457436,0
1505776936,21804088,4064.52,0.48700000,0
1505776931,21804087,4062.26,0.55000000,1
1505776926,21804086,4064.54,0.01842564,0
1505776924,21804085,4064.59,0.27000000,0
1505776864,21804074,4062.26,1.97519707,1
1505776864,21804073,4062.27,0.02480293,1
1505776819,21804064,4064.90,0.35000000,0
1505776814,21804063,4064.97,0.40424219,0
1505776812,21804061,4065.00,0.07513102,0
1505776812,21804060,4065.00,0.17037944,0
1505776808,21804058,4065.00,0.05046402,0
1505776805,21804057,4065.00,0.05643788,0
1505776763,21804039,4062.26,0.04355684,1
1505776763,21804038,4062.27,0.05644316,1
1505776759,21804037,4069.97,0.02845858,0
1505776707,21804031,4071.45,0.00349344,0
1505776673,21804020,4062.26,0.00700000,1
1505776627,21804014,4064.62,0.05644316,1
1505776622,21804011,4062.26,4.16000000,1
1505776609,21804008,4062.26,0.47930992,1
1505776607,21804007,4064.61,0.02108080,1
1505776600,21804006,4062.26,0.11513500,1
1505776599,21804005,4062.26,0.02530000,1
1505776595,21804004,4062.26,17.74000000,1
1505776593,21804003,4064.65,0.02992380,0
1505776590,21803999,4062.26,4.80522973,1
1505776573,21803993,4064.76,0.02461330,0
1505776564,21803990,4062.26,0.02000000,1
1505776560,21803989,4062.26,0.51130000,1
1505776559,21803988,4062.26,2.00000000,1
1505776559,21803987,4062.26,2.09971408,1
1505776556,21803984,4062.26,1.00000000,1
1505776554,21803983,4062.26,5.00000000,1
1505776553,21803982,4062.26,0.79555748,1
1505776553,21803981,4062.27,0.20444252,1
1505776552,21803979,4062.27,0.19000000,1
1505776551,21803978,4062.27,0.25567600,0
1505776551,21803977,4062.26,1.00000000,1
1505776550,21803976,4062.27,0.23232400,0
1505776549,21803975,4062.26,2.91989960,1
1505776548,21803974,4062.26,1.00000000,1
1505776547,21803973,4062.27,0.43700000,0
1505776546,21803972,4062.26,1.00000000,1
1505776546,21803971,4062.27,2.48289960,0
1505776545,21803970,4062.27,0.05006970,0
1505776544,21803969,4062.27,0.02203070,0
1505776543,21803968,4062.27,0.48900000,0
1505776543,21803967,4062.27,0.48900000,0
1505776543,21803966,4062.27,0.48900000,0
1505776542,21803965,4062.27,0.48900000,0
1505776541,21803964,4062.27,0.48900000,0
1505776540,21803963,4062.26,2.30000000,1
1505776540,21803962,4062.26,0.51392558,1
1505776536,21803961,4062.39,0.61650000,0
1505776535,21803960,4062.47,0.38350000,1
1505776534,21803959,4062.39,0.48800000,0
1505776533,21803958,4062.40,0.51200000,1
1505776527,21803957,4066.12,0.11952934,1
1505776527,21803956,4066.13,0.05006970,0
1505776524,21803955,4063.12,0.85150000,1
1505776522,21803954,4063.12,0.02000000,1
1505776517,21803951,4066.20,0.48800000,1
1505776510,21803948,4066.13,0.01105423,0
1505776503,21803947,4074.42,0.04200000,0
1505776500,21803946,4075.13,0.07248166,1
1505776497,21803945,4066.05,0.17000000,1
1505776487,21803934,4076.19,0.02020075,1
1505776485,21803933,4076.28,0.02018838,1
1505776472,21803931,4076.32,0.71819243,0
1505776472,21803930,4080.00,0.28180757,1
1505776450,21803928,4085.90,0.20978529,1
1505776445,21803927,4095.22,0.00247379,0
1505776428,21803921,4085.77,0.59021471,1
1505776418,21803918,4095.52,0.80000000,1
1505776418,21803917,4095.52,0.20000000,0
1505776416,21803913,4095.51,1.00000000,0
1505776409,21803911,4087.87,0.02600000,1
1505776405,21803910,4087.87,0.01211000,0
1505776399,21803909,4082.50,0.11294561,1
1505776386,21803907,4087.86,0.03587148,1
1505776386,21803906,4087.86,0.01210691,1
1505776367,21803903,4087.87,0.98789000,0
1505776364,21803900,4087.87,0.01211000,1
1505776346,21803892,4095.38,0.02012949,0
1505776344,21803891,4087.86,0.00169154,0
1505776344,21803890,4087.86,0.00639600,0
1505776336,21803889,4083.44,0.02031615,0
1505776310,21803859,4079.22,0.50000000,1
1505776305,21803853,4082.57,14.17230565,0
1505776296,21803851,4082.57,0.02287435,0
1505776292,21803850,4082.57,0.00288087,0
1505776273,21803847,4082.57,3.19895800,0
1505776258,21803842,4082.57,0.11475559,0
1505776250,21803841,4082.57,0.55000000,0
1505776247,21803840,4082.57,16.00000000,0
1505776241,21803837,4082.57,15.78953927,0
1505776241,21803836,4082.55,0.38046073,0
1505776232,21803834,4082.55,0.00856784,0
1505776229,21803833,4082.55,0.08802031,0
1505776228,21803832,4081.75,0.26688258,1
1505776228,21803831,4082.55,0.02295112,0
1505776227,21803830,4081.75,0.04933902,0
1505776210,21803825,4081.75,0.02019700,0
1505776210,21803822,4081.75,0.05046398,0
1505776158,21803806,4076.06,0.13700000,0
1505776158,21803805,4076.06,0.02000000,0
1505776155,21803804,4074.78,0.02000000,1
1505776141,21803802,4072.57,0.07000000,1
1505776130,21803791,4078.70,0.00314671,0
1505776127,21803789,4076.05,0.25002929,0
1505776126,21803787,4076.05,0.72997071,0
1505776125,21803786,4076.06,0.02000000,1
1505776114,21803783,4076.07,1.00000000,1
1505776109,21803782,4074.00,0.00160000,1
1505776095,21803770,4079.90,1.00000000,1
1505776089,21803764,4079.90,1.00000000,1
1505776086,21803763,4078.97,1.00000000,0
1505776083,21803762,4077.70,0.00739363,1
1505776083,21803761,4078.97,0.00260637,1
1505776043,21803739,4081.74,0.37116334,0
1505776028,21803735,4079.31,0.61600000,1
1505776028,21803734,4079.33,0.03400000,0
1505775994,21803686,4081.75,0.38000000,0
1505775967,21803682,4067.99,0.12850000,1
1505775967,21803681,4068.09,0.87150000,1
1505775965,21803680,4082.20,0.00741700,1
1505775930,21803664,4078.97,0.64096400,1
1505775928,21803663,4073.03,0.35903600,0
1505775927,21803662,4074.11,0.64121600,1
1505775926,21803661,4078.97,0.64080000,1
1505775923,21803660,4073.19,0.35923300,0
1505775920,21803659,4079.18,0.64076700,1
1505775920,21803658,4078.97,0.35923300,0
1505775918,21803657,4078.97,0.51226700,0
1505775918,21803656,4078.09,0.00599000,0
1505775918,21803655,4073.04,0.48174300,0
1505775915,21803653,4073.04,1.00000000,0
1505775914,21803652,4073.04,0.59683700,0
1505775914,21803651,4072.60,0.40246300,0
1505775912,21803649,4078.12,1.00000000,1
1505775912,21803648,4079.00,1.61959303,1
1505775912,21803647,4079.00,0.86000000,1
1505775910,21803645,4079.00,0.02040697,1
1505775907,21803638,4078.12,0.05153000,0
1505775907,21803636,4078.11,0.02100000,0
1505775907,21803635,4078.09,0.07236967,0
1505775906,21803634,4072.59,0.00070000,0
1505775905,21803633,4078.09,1.00000000,1
1505775901,21803627,4066.41,0.02100000,1
1505775900,21803626,4078.09,0.12780000,0
1505775899,21803625,4078.07,0.87150000,0
1505775899,21803624,4072.59,0.00070000,0
1505775897,21803622,4072.59,1.00000000,0
1505775895,21803616,4078.09,0.20588071,1
1505775891,21803613,4071.83,0.05462164,0
1505775884,21803608,4071.83,0.19862815,1
1505775881,21803607,4071.83,0.01863971,0
1505775881,21803606,4071.15,0.01959889,0
1505775877,21803602,4071.83,0.00174840,0
1505775876,21803600,4071.00,3.15371936,0
1505775875,21803599,4070.99,0.02039813,0
1505775868,21803582,4070.98,0.02039813,0
1505775857,21803578,4069.00,0.02046164,1
1505775852,21803577,4069.00,0.67744655,0
1505775845,21803575,4069.00,0.02255345,0
1505775844,21803573,4067.48,0.20000000,0
1505775836,21803570,4065.00,0.13925200,0
1505775831,21803567,4063.30,1.00000000,0
1505775828,21803565,4063.31,0.00668286,0
1505775825,21803564,4063.15,0.52002687,1
1505775821,21803563,4063.15,0.50000000,0
1505775820,21803562,4057.17,0.24959645,0
1505775813,21803559,4057.16,0.48900000,0
1505775813,21803558,4057.16,0.49100000,0
1505775813,21803557,4057.16,0.49000000,0
1505775812,21803556,4057.16,0.49000000,0
1505775812,21803555,4057.16,0.48900000,0
1505775812,21803554,4057.16,0.45600000,0
1505775803,21803553,4057.16,0.60931842,0
1505775801,21803552,4057.16,0.09951158,0
1505775715,21803529,4058.69,0.00907836,1
1505775705,21803527,4067.78,0.04484449,0
1505775701,21803525,4058.69,0.03204242,1
1505775696,21803523,4058.69,0.06795758,0
1505775695,21803522,4056.00,1.52449254,0
1505775694,21803520,4057.00,6.51134359,1
1505775694,21803519,4057.06,0.48800000,1
1505775694,21803518,4057.14,1.00000000,1
1505775694,21803517,4057.18,0.40616387,1
1505775694,21803516,4058.69,0.01104242,0
1505775693,21803515,4058.69,0.02200000,0
1505775659,21803506,4061.15,0.00841261,0
1505775653,21803503,4061.13,0.11205620,0
1505775638,21803495,4057.00,2.48865641,1
1505775636,21803494,4057.00,2.50000000,1
1505775634,21803493,4058.00,0.25000000,1
1505775633,21803492,4061.18,0.58901572,0
1505775629,21803491,4059.64,0.01166228,1
1505775612,21803441,4061.16,0.02452941,0
1505775611,21803440,4064.37,0.02379899,0
1505775611,21803439,4062.47,0.00487129,0
1505775607,21803434,4061.17,0.00787918,1
1505775604,21803429,4057.02,0.10000000,1
1505775597,21803403,4061.17,0.34338752,1
1505775523,21803385,4059.64,0.82062193,0
1505775517,21803383,4059.64,0.02363807,0
1505775494,21803382,4059.63,1.12271475,1
1505775464,21803371,4060.98,0.01134359,1
1505775461,21803369,4050.69,0.79774308,1
1505775461,21803368,4055.00,0.03000000,1
1505775460,21803367,4058.87,0.02702969,1
1505775460,21803366,4061.00,0.02005000,1
1505775457,21803364,4063.49,0.03237682,0
1505775456,21803362,4063.48,0.01134359,0
1505775450,21803359,4063.40,0.00206110,1
1505775449,21803358,4063.47,1.94673052,1
1505775449,21803357,4063.48,1.00000000,1
1505775427,21803349,4063.46,0.19300000,0
1505775427,21803348,4063.46,0.86026948,0
1505775411,21803342,4063.47,0.00236369,0
1505775408,21803341,4063.47,0.00858574,0
1505775375,21803302,4063.47,0.01085869,0
1505775370,21803288,4063.47,0.09457375,0
1505775364,21803286,4063.47,0.07600076,0
1505775363,21803285,4063.47,0.06424600,0
1505775363,21803284,4063.47,0.00700000,0
1505775339,21803279,4063.39,0.01089246,0
1505775332,21803277,4058.87,0.48500000,1
1505775326,21803275,4063.40,0.02305977,0
1505775314,21803271,4063.41,0.03331013,0
1505775309,21803270,4067.24,1.21739771,0
1505775306,21803269,4070.65,0.15061606,0
1505775306,21803267,4063.43,0.00950000,0
1505775292,21803263,4063.42,0.03936511,0
1505775287,21803261,4063.42,0.04127573,0
1505775276,21803255,4063.42,0.06514466,0
1505775262,21803253,4063.91,1.00000000,1
1505775249,21803252,4064.18,0.02045347,1
1505775246,21803251,4065.18,0.35010465,1
1505775237,21803245,4070.98,0.24564110,1
1505775224,21803240,4071.00,0.03537715,0
1505775214,21803232,4071.00,0.01397649,0
1505775207,21803229,4063.43,0.06800000,1
1505775185,21803225,4063.25,0.01403918,1
1505775177,21803223,4070.99,3.43273816,1
1505775176,21803222,4070.99,0.47600000,1
1505775176,21803221,4070.99,0.03800000,1
1505775176,21803220,4070.99,2.50000000,1
1505775175,21803219,4070.99,2.50000000,1
1505775173,21803218,4070.99,8.00000000,0
1505775173,21803217,4070.97,0.48700000,0
1505775173,21803216,4070.97,0.74363267,0
1505775171,21803215,4070.98,0.00930000,0
1505775126,21803212,4070.98,0.22787633,1
1505775122,21803210,4070.99,0.02849100,0
1505775078,21803203,4071.00,0.23792700,0
1505775078,21803202,4070.99,0.01482211,0
1505775021,21803191,4061.24,0.01482211,1
1505775019,21803190,4071.00,0.02250000,1
1505775019,21803189,4071.00,0.00750000,1
1505775018,21803188,4061.23,0.00471948,1
1505775017,21803187,4071.83,0.40424203,0
1505775017,21803186,4061.23,0.12855000,1
1505775016,21803185,4061.23,0.00508000,1
1505775016,21803184,4061.23,0.05268400,1
1505775013,21803183,4061.21,0.02043907,1
1505775013,21803182,4061.21,0.00790000,1
1505775012,21803181,4061.21,0.00750000,1
1505775009,21803180,4077.44,1.41988092,0
1505775009,21803179,4077.44,0.36300000,1
1505775008,21803178,4077.42,0.87150000,1
1505775008,21803177,4077.20,0.02035750,0
1505775008,21803176,4077.20,8.10415560,1
1505775008,21803175,4077.20,0.87150000,1
1505775007,21803174,4077.20,0.02038370,1
1505775007,21803173,4077.19,0.02035745,0
1505775007,21803172,4077.15,0.20000000,0
1505775006,21803171,4077.10,4.91010000,1
1505775006,21803170,4074.51,9.22660000,0
1505775006,21803168,4071.90,2.45120000,1
1505775005,21803167,4071.89,1.00000000,1
1505775005,21803166,4071.88,0.48500000,1
1505775004,21803165,4071.88,1.00000000,1
1505775004,21803164,4071.86,0.87150000,0
1505774986,21803158,4061.03,0.36289697,0
1505774986,21803157,4061.03,0.74024335,0
1505774985,21803156,4061.03,0.97955968,0
1505774985,21803155,4061.18,2.45030000,1
1505774985,21803154,4061.19,0.48700000,1
1505774973,21803152,4060.85,0.02900000,1
1505774973,21803151,4060.85,0.20000000,1
1505774973,21803150,4060.85,0.20000000,1
1505774973,21803149,4060.85,0.20000000,1
1505774973,21803148,4060.86,0.20000000,1
1505774973,21803147,4060.86,0.20000000,1
1505774972,21803146,4060.89,0.20000000,1
1505774972,21803145,4060.91,0.20000000,1
1505774972,21803144,4060.91,0.20000000,1
1505774972,21803143,4060.91,0.20000000,1
1505774972,21803142,4060.91,0.20000000,1
1505774972,21803141,4060.91,0.20000000,1
1505774972,21803140,4060.93,0.20000000,1
1505774972,21803139,4060.93,0.08500000,1
1505774971,21803138,4061.10,0.48600000,1
1505774971,21803137,4061.11,1.00000000,1
1505774965,21803136,4061.06,1.00000000,1
1505774963,21803132,4069.72,1.00000000,1
1505774962,21803131,4061.06,0.02043866,1
1505774960,21803130,4061.10,0.87150000,1
1505774957,21803129,4060.93,0.11500000,1
1505774957,21803128,4060.94,0.20000000,1
1505774957,21803127,4060.99,0.48500000,1
1505774957,21803126,4060.99,0.20000000,1
1505774953,21803125,4061.02,0.02043836,1
1505774951,21803123,4081.89,0.47314583,1
1505774951,21803122,4081.89,0.48800000,1
1505774951,21803121,4081.89,0.48900000,1
1505774951,21803120,4081.89,0.48900000,1
1505774950,21803119,4077.21,0.02035705,0
1505774950,21803117,4077.12,0.48800000,1
1505774911,21803095,4060.60,0.02044032,1
1505774910,21803092,4077.21,0.01426221,1
1505774904,21803090,4077.25,0.42769921,1
1505774904,21803089,4077.25,0.87150000,1
1505774903,21803088,4072.74,0.23000000,0
1505774903,21803087,4066.38,0.02041709,0
1505774901,21803086,4065.21,0.90305190,0
1505774896,21803065,4065.21,0.64000000,0
1505774887,21803064,4065.20,1.12271475,0
1505774867,21803050,4065.21,2.45694810,0
1505774857,21803046,4057.92,1.22641853,1
1505774856,21803045,4060.00,0.01850000,1
1505774852,21803044,4065.19,0.54338912,0
1505774835,21803042,4066.37,1.00000000,0
1505774827,21803036,4065.75,0.00628990,0
1505774827,21803035,4065.74,0.10089035,0
1505774826,21803034,4065.75,0.01412724,0
1505774822,21803030,4065.21,0.25387842,1
1505774814,21803029,4060.00,0.01100000,0
1505774814,21803028,4060.00,0.48900000,0
1505774814,21803027,4060.00,0.49000000,0
1505774772,21803018,4064.83,0.36559538,0
1505774772,21803015,4060.00,0.63440462,0
1505774663,21803005,4057.08,0.00301119,0
1505774663,21803003,4057.11,0.26531361,0
1505774657,21803002,4056.37,0.13925202,0
1505774648,21803001,4056.90,0.00402112,0
1505774646,21803000,4062.71,0.00336031,0
1505774646,21802999,4056.54,0.01100000,0
1505774612,21802983,4056.53,0.20000000,0
1505774578,21802965,4056.51,0.02494241,0
1505774565,21802960,4054.84,0.11995363,0
1505774549,21802958,4054.84,0.02537550,0
1505774534,21802954,4054.84,0.01103997,0
1505774534,21802953,4054.84,0.06295890,0
1505774533,21802952,4054.84,0.02487580,0
1505774532,21802951,4054.84,0.02493620,0
1505774530,21802949,4054.84,0.01686000,0
1505774529,21802948,4054.84,0.01400000,0
1505774498,21802940,4055.24,0.19230370,0
1505774498,21802939,4055.24,0.20769630,0
1505774480,21802938,4055.23,0.01104496,0
1505774477,21802934,4055.24,0.04830370,0
1505774475,21802931,4055.23,0.02466900,0
1505774456,21802925,4053.86,0.02391506,1
1505774434,21802909,4062.26,0.39424219,1
1505774434,21802908,4062.26,0.01000000,1
1505774425,21802902,4053.96,0.32200777,0
1505774422,21802901,4053.99,0.16200000,1
1505774419,21802896,4053.96,0.48878596,0
1505774419,21802895,4053.96,0.87150000,0
1505774418,21802894,4053.96,0.08286139,0
1505774410,21802886,4055.29,0.09190590,0
1505774409,21802885,4059.28,0.07309410,1
1505774405,21802881,4055.29,0.16500000,0
1505774405,21802880,4055.29,0.71619941,0
1505774403,21802878,4055.29,0.16273600,0
1505774403,21802875,4055.29,0.12106459,1
1505774402,21802873,4050.83,0.02048967,1
1505774400,21802870,4055.78,1.00000000,1
1505774399,21802869,4055.29,0.12003200,0
1505774398,21802868,4055.29,0.13494907,0
1505774398,21802867,4055.30,0.12003100,1
1505774398,21802866,4055.90,0.48900000,1
1505774396,21802865,4055.29,0.67134246,0
1505774396,21802864,4055.29,0.02453754,0
1505774395,21802863,4055.29,0.30412000,1
1505774393,21802861,4055.90,1.00000000,1
1505774392,21802859,4065.22,0.14832061,1
1505774391,21802858,4065.22,0.32615500,1
1505774391,21802857,4065.22,0.03600000,1
1505774391,21802856,4065.22,0.37027590,1
1505774391,21802855,4065.22,0.11572410,1
1505774389,21802854,4055.29,0.28882114,1
1505774389,21802853,4056.00,0.32388290,1
1505774389,21802852,4060.12,0.03959380,1
1505774388,21802851,4067.41,0.41133880,0
1505774388,21802850,4066.46,0.08000000,0
1505774388,21802849,4066.45,0.00798109,0
1505774388,21802848,4065.22,0.02046734,0
1505774387,21802847,4061.96,0.02588290,1
1505774386,21802846,4056.00,0.48900000,1
1505774382,21802844,4056.00,0.01091649,1
1505774381,21802841,4055.29,0.97533120,0
1505774381,21802840,4055.29,0.02466880,0
1505774379,21802836,4055.25,0.12554800,1
1505774367,21802830,4055.14,0.02046785,0
1505774363,21802829,4066.45,0.01243590,1
1505774360,21802828,4050.00,0.00732289,1
1505774360,21802827,4050.00,0.04737199,1
1505774360,21802826,4050.00,0.01080989,1
1505774359,21802825,4050.00,0.01910759,1
1505774359,21802824,4050.00,0.02368691,1
1505774359,21802822,4050.00,0.02380833,1
1505774359,21802821,4050.00,0.00651877,1
1505774359,21802820,4050.00,0.01136908,1
1505774359,21802818,4050.00,0.00453945,1
1505774357,21802816,4050.00,0.00604452,1
1505774357,21802815,4050.00,0.01378225,1
1505774357,21802814,4050.00,0.00371942,1
1505774357,21802813,4050.00,0.00239128,1
1505774356,21802812,4050.00,0.02367648,1
1505774356,21802811,4050.00,0.05899695,1
1505774356,21802810,4050.00,0.00907734,1
1505774356,21802809,4050.00,0.00802905,1
1505774356,21802807,4050.00,0.07697495,1
1505774356,21802805,4050.00,0.01142510,1
1505774356,21802804,4050.00,0.00493213,1
1505774356,21802803,4050.00,0.00161790,1
1505774355,21802802,4050.00,0.00955757,1
1505774355,21802801,4050.00,0.24920694,1
1505774355,21802800,4050.00,0.92433964,1
1505774355,21802799,4050.00,0.06850029,1
1505774355,21802798,4053.88,0.02033894,1
1505774355,21802797,4055.00,0.53511294,1
1505774355,21802796,4055.00,0.02633720,1
1505774355,21802795,4055.00,0.01204396,1
1505774354,21802794,4055.00,0.01871126,1
1505774354,21802793,4055.00,1.19763556,1
1505774354,21802792,4055.00,0.02159007,1
1505774354,21802791,4055.00,0.00777525,1
1505774354,21802790,4055.00,0.07290975,1
1505774354,21802789,4055.00,0.00162572,1
1505774354,21802788,4055.00,0.02269829,1
1505774354,21802787,4055.00,0.00570213,1
1505774354,21802786,4055.00,0.03127532,1
1505774353,21802785,4055.00,0.03312878,1
1505774353,21802784,4055.00,0.01345377,1
1505774353,21802783,4055.55,0.01005568,1
1505774353,21802782,4055.55,0.01028297,1
1505774353,21802781,4055.77,0.01096575,1
1505774353,21802780,4055.77,0.00937290,1
1505774353,21802779,4055.85,0.02033043,1
1505774353,21802778,4055.87,0.01965527,1
1505774352,21802777,4055.87,0.00067516,1
1505774352,21802776,4056.85,0.01112100,1
1505774352,21802775,4057.08,0.05474830,1
1505774352,21802774,4057.08,1.53387897,1
1505774352,21802773,4057.08,0.03482137,1
1505774352,21802772,4057.08,0.20367340,1
1505774352,21802771,4057.08,0.66782660,1
1505774352,21802770,4066.47,0.03208611,1
1505774351,21802769,4066.47,0.03895573,1
1505774349,21802768,4071.12,0.50000000,1
1505774349,21802767,4071.12,1.00000000,1
1505774348,21802766,4066.47,0.02045816,1
1505774346,21802765,4066.47,0.12850000,0
1505774345,21802764,4066.50,0.87150000,1
1505774339,21802763,4067.19,0.23000000,0
1505774331,21802761,4071.76,0.02500000,1
1505774326,21802760,4071.76,0.17000000,1
1505774320,21802758,4071.76,0.02038430,0
1505774316,21802756,4071.76,0.02040761,1
1505774315,21802754,4082.55,0.97966957,1
1505774314,21802752,4082.55,0.02033043,0
1505774312,21802749,4082.55,0.02041217,1
1505774311,21802747,4082.55,0.02033043,0
1505774309,21802746,4082.55,0.14700000,1
1505774309,21802745,4082.55,0.02039572,1
1505774308,21802743,4082.55,0.18000000,0
1505774308,21802742,4082.54,0.02033865,0
1505774308,21802741,4082.53,0.02033865,0
1505774305,21802739,4080.90,0.02041172,1
1505774303,21802737,4080.90,0.02041202,1
1505774300,21802735,4080.90,0.02500000,1
1505774298,21802734,4080.90,0.27558559,1
1505774296,21802733,4072.49,0.14747749,1
1505774296,21802732,4072.49,0.03557501,1
1505774294,21802731,4080.88,0.90000000,0
1505774291,21802730,4080.90,1.00000000,0
1505774289,21802729,4080.88,0.10603759,1
1505774287,21802726,4080.88,0.05462020,1
1505774286,21802725,4080.88,0.05148890,1
1505774285,21802724,4080.88,0.02038996,1
1505774284,21802721,4080.84,0.01600000,1
1505774282,21802719,4080.89,0.21481642,0
1505774282,21802718,4080.88,0.02033894,0
1505774280,21802717,4080.89,0.08810322,0
1505774280,21802716,4080.89,0.05611537,0
1505774278,21802711,4079.05,0.42087870,0
1505774278,21802710,4079.05,0.44052330,0
1505774278,21802709,4076.40,0.04547670,0
1505774277,21802708,4070.63,0.02038996,0
1505774274,21802705,4082.57,0.14868627,0
1505774274,21802704,4082.57,0.89800000,1
1505774274,21802703,4082.10,0.20000000,1
1505774273,21802702,4080.90,0.07800000,0
1505774273,21802701,4080.90,0.95091609,1
1505774273,21802700,4080.86,1.74300000,1
1505774273,21802699,4080.86,0.87150000,1
1505774272,21802698,4076.24,0.03000000,0
1505774272,21802697,4076.09,0.08800000,0
1505774271,21802696,4075.00,0.00864019,0
1505774271,21802695,4074.74,1.74300000,1
1505774271,21802694,4071.28,0.03577758,0
1505774270,21802693,4070.66,0.59421866,1
1505774270,21802692,4071.28,0.27728134,1
1505774270,21802691,4070.66,2.45830000,0
1505774268,21802690,4071.28,0.04622242,0
1505774268,21802689,4071.28,1.00000000,1
1505774268,21802688,4071.28,0.74283900,1
1505774267,21802687,4068.52,0.48910324,1
1505774265,21802686,4066.47,0.07300000,0
1505774256,21802682,4061.66,0.08400000,0
1505774256,21802681,4061.65,0.02044334,0
1505774252,21802679,4060.00,0.30323485,0
1505774251,21802678,4060.00,0.04900000,0
1505774249,21802669,4060.00,1.00000000,0
1505774244,21802660,4060.00,0.64776515,0
1505774243,21802658,4059.00,2.00000000,0
1505774240,21802656,4057.00,0.37100000,1
1505774237,21802653,4057.00,1.96070000,0
1505774236,21802652,4057.00,0.03930000,0
1505774236,21802651,4056.98,2.46070000,0
1505774231,21802645,4056.85,0.05616897,0
1505774224,21802637,4056.85,0.02983103,0
1505774223,21802633,4056.84,0.05089676,0
1505774221,21802632,4056.84,0.46000000,0
1505774204,21802631,4052.00,0.10000000,0
1505774179,21802622,4052.04,0.49100000,0
1505774179,21802621,4052.04,0.03900000,0
1505774179,21802620,4052.04,0.43800000,0
1505774179,21802619,4052.04,0.49100000,0
1505774179,21802614,4052.04,0.10200000,0
1505774171,21802592,4050.01,0.86248900,1
1505774171,21802591,4050.01,0.13751100,1
1505774169,21802590,4050.00,1.00000000,1
1505774167,21802589,4050.00,0.69479200,1
1505774167,21802588,4050.01,0.17000000,1
1505774167,21802587,4050.02,0.13520800,1
1505774166,21802586,4050.01,0.34300000,1
1505774164,21802584,4050.01,0.49100000,1
1505774163,21802583,4050.02,0.14787600,0
1505774163,21802582,4050.01,0.02833900,0
1505774162,21802581,4050.01,0.18000000,1
1505774157,21802580,4050.02,0.14787600,0
1505774156,21802579,4050.02,0.14787500,0
1505774153,21802577,4050.02,0.03900000,1
1505774153,21802576,4050.02,0.49100000,1
1505774151,21802575,4050.00,0.20000000,1
1505774150,21802574,4050.00,0.82444139,1
1505774150,21802573,4050.02,0.17555861,1
1505774148,21802572,4050.02,0.50900000,1
1505774148,21802571,4050.02,0.49100000,1
1505774145,21802567,4050.02,1.00000000,1
1505774144,21802565,4050.01,0.95796040,0
1505774143,21802564,4050.01,0.04203960,1
1505774142,21802563,4056.15,0.68455861,1
1505774141,21802558,4050.01,0.31614139,0
1505774141,21802556,4050.01,0.01385861,1
1505774141,21802555,4050.01,0.20000000,1
1505774134,21802552,4050.00,1.00000000,1
1505774132,21802551,4050.01,1.00000000,1
1505774130,21802547,4050.00,0.97000000,1
1505774129,21802546,4050.41,0.03000000,1
1505774128,21802545,4050.00,0.77000000,1
1505774127,21802544,4050.01,0.23000000,1
1505774127,21802543,4059.47,1.00000000,0
1505774118,21802537,4059.53,0.60950618,1
1505774118,21802536,4059.53,0.02049382,1
1505774118,21802535,4059.53,0.00500000,1
1505774116,21802534,4059.53,0.11500000,0
1505774115,21802532,4050.00,0.00662303,1
1505774115,21802531,4050.00,0.01246523,1
1505774115,21802530,4050.00,0.00832692,1
1505774115,21802529,4050.00,0.03247530,1
1505774115,21802528,4050.00,0.00410557,1
1505774115,21802527,4050.00,0.00977646,1
1505774115,21802526,4050.00,0.04284551,1
1505774114,21802525,4050.00,0.00821009,1
1505774114,21802524,4050.00,0.01728169,1
1505774114,21802523,4050.00,0.01028279,1
1505774114,21802522,4050.00,0.02153342,1
1505774114,21802521,4050.00,0.00589563,1
1505774114,21802520,4050.00,0.02996328,1
1505774114,21802519,4050.00,0.02141476,1
1505774114,21802518,4050.00,0.02052969,1
1505774113,21802517,4050.00,0.05335984,1
1505774113,21802516,4050.00,0.56440957,1
1505774113,21802515,4050.00,0.00446075,1
1505774113,21802514,4050.00,0.00147024,1
1505774113,21802513,4050.00,0.00726163,1
1505774113,21802512,4050.00,0.00546685,1
1505774113,21802511,4050.00,0.63311462,1
1505774113,21802510,4050.00,0.01692336,1
1505774112,21802509,4050.00,0.00336403,1
1505774112,21802507,4050.00,0.01066888,1
1505774112,21802506,4050.00,0.04218386,1
1505774112,21802505,4050.00,0.00864412,1
1505774112,21802504,4050.00,0.01033360,1
1505774112,21802503,4050.00,0.02382090,1
1505774112,21802502,4050.00,0.00216254,1
1505774112,21802501,4050.00,0.12483564,1
1505774112,21802500,4050.00,0.01089309,1
1505774111,21802499,4050.00,0.06962260,1
1505774111,21802498,4050.00,0.01921844,1
1505774111,21802497,4050.00,1.08333517,1
1505774111,21802496,4050.00,0.00515724,1
1505774111,21802495,4050.00,1.38750386,1
1505774111,21802494,4050.00,0.00146317,1
1505774109,21802492,4050.00,0.04951778,1
1505774109,21802491,4050.00,0.03523393,1
1505774109,21802490,4050.00,0.01952700,1
1505774109,21802489,4050.00,0.06594294,1
1505774109,21802488,4050.00,0.21571401,1
1505774108,21802487,4050.00,0.02126284,1
1505774108,21802486,4050.00,0.04464290,1
1505774108,21802485,4050.00,0.02828742,1
1505774108,21802484,4050.00,0.19860667,1
1505774108,21802483,4050.01,0.25000000,1
1505774108,21802482,4050.88,0.00197062,1
1505774108,21802481,4055.00,0.38554539,1
1505774107,21802480,4055.00,0.00500000,1
1505774104,21802478,4055.00,0.60504074,1
1505774104,21802477,4055.00,0.00441387,1
1505774102,21802475,4055.01,0.02032207,1
1505774101,21802473,4059.93,0.02000000,1
1505774088,21802461,4059.05,0.03000000,1
1505774082,21802455,4059.05,0.07109900,1
1505774080,21802454,4055.31,0.00500000,0
1505774079,21802452,4055.01,1.32553485,0
1505774078,21802451,4055.01,0.08700880,0
1505774077,21802448,4055.01,0.02389501,0
1505774077,21802447,4055.01,0.01747069,0
1505774075,21802444,4055.02,0.09857820,0
1505774074,21802439,4055.02,0.08996319,0
1505774074,21802438,4055.02,0.03000000,0
1505774073,21802435,4055.02,1.00000000,0
1505774072,21802434,4055.02,0.03071610,0
1505774072,21802433,4055.02,0.03248750,0
1505774071,21802432,4060.01,0.14061084,0
1505774071,21802431,4060.00,0.07772816,0
1505774069,21802421,4059.97,0.04908391,0
1505774068,21802420,4060.00,0.00195569,1
1505774068,21802419,4060.01,0.02031615,1
1505774066,21802418,4062.20,0.09873850,0
1505774064,21802410,4061.99,0.07794578,0
1505774061,21802409,4061.99,1.24614553,1
1505774061,21802408,4062.26,6.59364559,1
1505774060,21802407,4062.26,0.09664572,1
1505774059,21802406,4062.26,0.39261544,1
1505774056,21802404,4062.26,0.93648619,1
1505774053,21802402,4062.26,0.68003548,1
1505774047,21802401,4065.90,0.22816104,0
1505774043,21802398,4062.26,19.79500000,1
1505774038,21802389,4066.13,0.28877728,1
1505774036,21802388,4062.26,18.93114763,1
1505774035,21802386,4062.33,0.99185437,1
1505774031,21802384,4062.26,2.64627039,1
1505774031,21802383,4062.26,0.05315356,1
1505774031,21802382,4062.27,0.03000000,1
1505774019,21802370,4067.60,0.26651320,0
1505774017,21802369,4067.60,0.48900000,1
1505774014,21802367,4067.60,0.04600000,1
1505774014,21802364,4070.31,0.03000000,1
1505774011,21802356,4067.60,0.02215087,0
1505774008,21802348,4067.60,0.05399962,0
1505774004,21802345,4067.61,0.04599460,1
1505773998,21802344,4070.31,0.85959800,0
1505773992,21802341,4063.92,0.00814563,0
1505773991,21802340,4063.88,0.04691492,0
1505773991,21802339,4063.91,0.48900000,1
1505773990,21802338,4063.92,0.01227800,1
1505773989,21802337,4071.98,0.06425151,0
1505773988,21802336,4071.99,0.03162380,0
1505773987,21802335,4063.88,1.82531508,0
1505773987,21802333,4063.88,0.53591492,1
1505773983,21802331,4069.99,0.01227800,0
1505773982,21802330,4071.99,0.55038500,0
1505773981,21802329,4062.42,0.55000000,0
1505773979,21802324,4062.37,0.07150368,0
1505773979,21802322,4063.88,0.00936297,1
1505773978,21802320,4063.92,0.01408000,0
1505773978,21802318,4066.30,0.01540143,1
1505773978,21802317,4066.30,0.00487684,1
1505773976,21802315,4070.00,0.01685749,1
1505773976,21802314,4070.00,0.00195088,1
1505773973,21802313,4072.00,0.82715100,0
1505773970,21802312,4072.00,2.44690000,0
1505773970,21802311,4074.99,0.04629705,1
1505773970,21802310,4074.99,0.01304487,1
1505773970,21802309,4075.00,0.94485694,1
1505773970,21802308,4075.00,0.07547975,1
1505773966,21802307,4079.01,0.93715181,1
1505773961,21802301,4080.00,0.20000000,1
1505773961,21802300,4080.00,0.58253278,1
1505773961,21802299,4080.00,0.00194610,1
1505773961,21802298,4080.31,0.58504074,1
1505773956,21802297,4080.31,0.02000000,1
1505773953,21802294,4082.57,2.54699841,1
1505773952,21802293,4082.57,1.00000000,1
1505773951,21802292,4082.57,0.19789339,1
1505773950,21802291,4082.57,18.00000000,1
1505773950,21802290,4082.57,1.00000000,1
1505773949,21802289,4082.57,1.53464895,1
1505773947,21802285,4082.57,1.00000000,1
1505773945,21802284,4082.58,0.00158838,0
1505773943,21802281,4082.57,0.15554895,1
1505773942,21802279,4082.57,0.48000000,1
1505773942,21802278,4082.57,0.20000000,1
1505773941,21802272,4082.57,0.46067365,1
1505773938,21802267,4082.58,0.34802215,0
1505773936,21802265,4082.58,0.01923178,0
1505773936,21802264,4082.57,16.94000000,1
1505773934,21802262,4082.58,0.91000000,0
1505773932,21802261,4082.57,4.41770353,1
1505773931,21802260,4082.57,0.93500000,1
1505773930,21802259,4082.57,0.08726589,1
1505773930,21802257,4082.58,0.01273411,1
1505773927,21802249,4082.86,1.00000000,0
1505773924,21802248,4086.25,1.00000000,0
1505773923,21802247,4086.25,0.35000000,0
1505773889,21802242,4088.03,0.97982685,1
1505773889,21802241,4088.72,0.02017315,1
1505773876,21802237,4091.00,0.65957262,1
1505773874,21802236,4091.00,0.43258864,1
1505773873,21802235,4091.00,4.92283874,1
1505773866,21802234,4091.00,0.98000000,1
1505773864,21802232,4091.00,0.00500000,1
1505773853,21802230,4091.00,1.00000000,1
1505773840,21802225,4094.00,0.08635110,1
1505773834,21802223,4094.00,1.00000000,1
1505773831,21802218,4094.00,1.00000000,1
1505773828,21802217,4094.00,1.00000000,1
1505773828,21802216,4095.09,0.01000000,0
1505773826,21802215,4094.00,1.00000000,1
1505773818,21802211,4094.00,0.43101629,1
1505773818,21802210,4094.00,0.87150000,0
1505773818,21802209,4094.00,0.53850000,1
1505773818,21802208,4094.23,0.87150000,1
1505773816,21802200,4096.00,0.10424124,1
1505773816,21802198,4098.55,0.00324247,1
1505773815,21802196,4096.00,0.30000000,0
1505773813,21802194,4096.00,0.20000000,1
1505773809,21802193,4099.00,0.03209831,0
1505773808,21802192,4094.03,0.01497102,1
1505773805,21802190,4099.00,0.34283022,0
1505773804,21802189,4095.34,0.05000000,1
1505773789,21802184,4099.00,0.02808155,0
1505773787,21802182,4095.21,0.09000000,1
1505773781,21802180,4099.00,0.02000000,0
1505773768,21802179,4099.00,0.17000000,0
1505773763,21802176,4099.00,1.00000000,0
1505773760,21802175,4099.00,1.00000000,0
1505773758,21802174,4099.00,1.00000000,0
1505773758,21802173,4099.00,0.01421385,0
1505773756,21802172,4099.00,15.00000000,0
1505773756,21802171,4099.00,1.00000000,0
1505773755,21802170,4099.00,1.00000000,0
1505773753,21802169,4099.00,1.00000000,0
1505773746,21802166,4098.99,0.13840600,0
1505773745,21802165,4098.55,0.40092988,1
1505773737,21802162,4098.55,0.01432578,0
1505773733,21802160,4098.54,1.00000000,1
1505773730,21802159,4098.54,0.00841000,0
1505773714,21802157,4094.04,0.19789339,1
1505773711,21802156,4094.01,0.00841000,1
1505773689,21802154,4098.55,0.01099750,0
1505773689,21802153,4098.00,0.04573800,0
1505773682,21802152,4098.00,0.00426200,0
1505773675,21802151,4098.00,0.25000000,0
1505773627,21802144,4098.55,0.00285954,0
1505773627,21802143,4098.32,0.09000000,0
1505773626,21802141,4098.31,0.01910000,0
1505773607,21802133,4094.01,0.01910000,1
1505773569,21802108,4098.55,0.07781718,0
1505773566,21802107,4099.00,0.11194194,0
1505773565,21802105,4099.00,0.11194193,0
1505773540,21802099,4099.00,0.00278133,0
1505773539,21802098,4099.00,0.25085873,0
1505773525,21802097,4099.00,1.00000000,0
1505773522,21802094,4099.00,1.00000000,0
1505773515,21802093,4099.00,0.39845398,0
1505773515,21802092,4098.55,0.48500000,0
1505773515,21802091,4098.55,0.11654602,0
1505773513,21802090,4098.55,0.01745398,0
1505773503,21802089,4099.00,0.05079300,0
1505773476,21802088,4094.00,4.94413261,1
1505773475,21802087,4094.02,0.87150000,1
1505773472,21802086,4095.00,0.00697451,1
1505773459,21802054,4095.00,0.40000000,1
1505773398,21802046,4094.69,0.02000000,1
1505773385,21802044,4106.51,0.05586739,0
1505773383,21802042,4107.32,0.09000000,0
1505773381,21802041,4107.32,4.80296357,1
1505773381,21802039,4107.32,0.02331097,1
1505773380,21802038,4107.32,4.10469132,1
1505773380,21802037,4107.32,5.00000000,1
1505773379,21802036,4107.32,4.75143223,1
1505773376,21802035,4111.06,0.53152501,1
1505773376,21802034,4111.06,0.87150000,1
1505773376,21802033,4110.24,0.02600000,0
1505773374,21802032,4110.23,1.00000000,0
1505773370,21802029,4107.33,1.00000000,1
1505773348,21802023,4108.00,2.98007396,0
1505773326,21802020,4107.32,0.25400000,1
1505773326,21802019,4107.32,0.21600000,1
1505773325,21802018,4107.32,2.43140000,1
1505773323,21802017,4107.32,0.87150000,1
1505773323,21802016,4107.32,1.00000000,1
1505773322,21802015,4107.32,0.05421000,0
1505773322,21802014,4107.31,1.00000000,0
1505773316,21802013,4093.26,8.30334472,0
1505773315,21802012,4093.26,0.65907100,0
1505773314,21802011,4093.26,0.87150000,1
1505773301,21802006,4107.32,1.00000000,0
1505773299,21802002,4105.99,0.29710094,1
1505773294,21801997,4105.99,0.00361000,0
1505773292,21801996,4105.04,0.98392125,1
1505773288,21801994,4107.32,0.05688460,0
1505773285,21801992,4105.04,0.24900000,0
1505773285,21801991,4105.03,0.01940834,0
1505773285,21801990,4103.93,0.00361000,1
1505773279,21801983,4105.00,0.01989603,0
1505773272,21801976,4103.00,0.00763344,0
1505773266,21801971,4103.00,0.02236656,0
1505773265,21801969,4101.17,0.00500000,1
1505773264,21801968,4101.17,0.00291413,0
1505773263,21801967,4100.38,0.30100000,1
1505773256,21801961,4100.30,0.01940834,0
1505773254,21801958,4100.27,0.03150880,0
1505773206,21801939,4092.16,0.03992900,1
1505773200,21801937,4100.27,0.02411120,0
1505773145,21801926,4098.87,0.11197964,1
1505773111,21801917,4089.10,0.18609024,1
1505773111,21801916,4089.10,0.24406857,1
1505773096,21801914,4098.79,0.03489644,0
1505773083,21801911,4090.47,0.50000000,1
1505773082,21801910,4090.47,3.74374407,1
1505773082,21801909,4089.30,0.36879982,0
1505773074,21801904,4096.99,0.05445523,0
1505773069,21801903,4096.99,0.13758906,0
1505773068,21801902,4096.99,0.02458540,0
1505773067,21801900,4097.00,0.05442605,0
1505773061,21801894,4099.95,0.22757012,1
1505773060,21801893,4099.95,1.00000000,1
1505773060,21801892,4099.95,1.11458506,1
1505773059,21801891,4099.95,0.08724482,1
1505773058,21801888,4100.00,0.69007953,1
1505773057,21801884,4100.00,0.04270223,1
1505773057,21801883,4100.00,2.50000000,1
1505773051,21801882,4100.00,0.03402000,1
1505773051,21801881,4100.00,0.00547000,1
1505773048,21801879,4100.00,1.60000000,1
1505773046,21801877,4100.00,0.02000000,1
1505773033,21801876,4103.86,0.00350684,0
1505773033,21801875,4100.01,0.08000000,1
1505773027,21801871,4100.00,4.26357977,1
1505773025,21801870,4105.27,0.03821080,1
1505773025,21801869,4107.09,0.02390000,1
1505773024,21801868,4100.00,0.73642023,1
1505773017,21801849,4100.00,1.00000000,1
1505773014,21801848,4100.00,1.00000000,1
1505773012,21801846,4100.00,0.97990802,1
1505773012,21801845,4100.01,0.02009198,1
1505773009,21801844,4104.02,0.34895285,0
1505773008,21801840,4104.03,0.00699561,1
1505773005,21801838,4100.00,1.00000000,1
1505773003,21801830,4100.00,1.00000000,1
1505772999,21801822,4100.00,0.12782022,1
1505772999,21801819,4100.01,0.87217978,1
1505772995,21801806,4100.14,0.97992758,0
1505772994,21801805,4100.14,0.02007242,1
1505772991,21801803,4100.58,0.12850000,1
1505772991,21801802,4100.61,0.87150000,1
1505772989,21801801,4100.59,1.00000000,1
1505772987,21801799,4100.49,0.02700000,1
1505772986,21801798,4100.57,0.97300000,1
1505772973,21801795,4108.05,0.91413898,1
1505772970,21801794,4108.05,0.10040000,0
1505772970,21801793,4108.05,0.00732841,0
1505772970,21801792,4101.13,0.97561560,0
1505772969,21801791,4101.13,0.02438440,0
1505772968,21801790,4104.44,0.08654080,0
1505772967,21801789,4101.13,1.00000000,0
1505772963,21801786,4101.13,1.00000000,0
1505772961,21801785,4105.00,0.66302724,0
1505772961,21801784,4102.00,0.30648201,0
1505772952,21801783,4104.14,0.00350621,1
1505772952,21801782,4105.00,0.02000000,1
1505772952,21801781,4105.01,0.67001178,1
1505772948,21801780,4105.48,0.32998822,0
1505772947,21801779,4105.48,0.67001178,0
1505772939,21801777,4108.05,0.04000000,0
1505772922,21801771,4108.05,0.08485759,0
1505772916,21801769,4105.26,0.05430000,1
1505772867,21801761,4104.37,0.02748168,1
1505772856,21801756,4104.14,0.27429406,1
1505772838,21801752,4114.81,0.02001178,0
1505772836,21801751,4108.04,0.35000000,0
1505772835,21801750,4108.04,0.65000000,0
1505772822,21801746,4108.04,0.04462896,1
1505772821,21801744,4118.00,0.01999758,1
1505772819,21801743,4119.95,0.58149432,0
1505772819,21801742,4118.00,0.41850568,0
1505772816,21801740,4118.00,0.12850000,0
1505772816,21801739,4117.98,0.87150000,0
1505772813,21801737,4118.00,1.00000000,0
1505772812,21801736,4118.50,0.39420320,1
1505772811,21801735,4118.50,0.60579680,1
1505772811,21801734,4119.98,0.09999320,1
1505772807,21801731,4106.79,0.05975957,1
1505772806,21801730,4118.50,0.34442953,0
1505772806,21801728,4118.52,0.36086647,1
1505772806,21801727,4118.52,0.34139040,0
1505772805,21801726,4118.52,0.07427936,0
1505772805,21801725,4118.52,0.05725977,0
1505772805,21801724,4118.50,0.16620400,0
1505772803,21801720,4118.50,0.70529600,0
1505772803,21801719,4111.57,0.29470400,0
1505772800,21801711,4118.52,1.00000000,1
1505772800,21801710,4119.82,0.02003538,1
1505772799,21801709,4119.98,0.00484225,0
1505772798,21801708,4118.52,0.86252400,1
1505772797,21801706,4111.57,0.13747600,0
1505772795,21801705,4118.52,0.85159771,1
1505772795,21801704,4119.08,0.01990229,1
1505772791,21801703,4118.52,0.56754700,1
1505772791,21801702,4118.52,0.02015287,0
1505772790,21801700,4107.55,0.21670100,0
1505772789,21801699,4113.89,0.07837240,1
1505772785,21801693,4113.89,0.02020956,1
1505772785,21801692,4113.89,0.02017496,0
1505772782,21801691,4113.88,0.10673800,1
1505772779,21801689,4113.88,0.22500000,0
1505772778,21801688,4106.79,0.16971300,0
1505772776,21801687,4113.88,0.04995617,0
1505772776,21801686,4113.87,0.78044929,0
1505772775,21801685,4113.88,0.02004383,0
1505772773,21801684,4103.62,0.14429708,0
1505772773,21801683,4102.00,1.83577592,0
1505772773,21801682,4102.00,0.16422408,0
1505772772,21801680,4099.99,0.02700000,1
1505772768,21801678,4099.90,2.12254710,0
1505772764,21801674,4098.75,0.14227888,0
1505772762,21801672,4098.75,0.19675000,0
1505772761,21801668,4098.75,0.02011198,0
1505772759,21801667,4094.00,0.47365400,0
1505772758,21801663,4094.00,0.27634600,0
1505772755,21801662,4091.96,0.05196288,1
1505772748,21801656,4090.49,0.07210000,0
1505772743,21801653,4096.37,0.55552843,1
1505772743,21801652,4094.41,0.94391998,1
1505772743,21801651,4094.40,0.90000000,1
1505772742,21801650,4094.40,0.90000000,1
1505772742,21801649,4092.54,2.00000000,0
1505772742,21801648,4090.50,0.02475850,0
1505772742,21801647,4090.50,1.00000000,1
1505772742,21801646,4090.50,2.44200000,1
1505772741,21801645,4090.50,0.07213600,1
1505772739,21801642,4090.49,0.99557281,0
1505772733,21801640,4090.74,0.00442719,0
1505772732,21801639,4082.58,0.02000000,1
1505772727,21801637,4090.93,0.02243255,1
1505772725,21801630,4090.74,0.05608002,0
1505772723,21801627,4090.77,0.02814200,0
1505772720,21801621,4082.57,0.16926723,1
1505772720,21801620,4082.58,0.27000000,1
1505772720,21801619,4082.59,0.44073277,1
1505772719,21801618,4082.59,0.04707330,1
1505772714,21801604,4090.97,0.48780607,0
1505772712,21801602,4082.57,1.00000000,1
1505772710,21801601,4082.58,0.35212994,0
1505772709,21801594,4085.23,0.06406452,0
1505772707,21801588,4082.58,0.60793749,0
1505772705,21801581,4082.58,0.17252202,0
1505772705,21801580,4082.58,0.02752690,0
1505772704,21801579,4082.58,0.29000000,1
1505772704,21801578,4085.24,0.50995108,1
1505772701,21801566,4089.27,0.09212770,0
1505772699,21801563,4085.24,0.02752670,0
1505772697,21801559,4088.73,0.02752670,1
1505772697,21801558,4095.27,0.00124402,1
1505772694,21801553,4085.24,0.20080817,0
1505772694,21801550,4085.11,0.79879198,0
1505772693,21801548,4085.11,0.18103306,1
1505772693,21801546,4085.12,0.02017496,1
1505772692,21801544,4085.24,0.02752670,0
1505772683,21801532,4093.75,0.08600820,0
1505772680,21801530,4090.33,0.87150000,1
1505772680,21801529,4090.34,0.04255193,1
1505772674,21801526,4093.82,0.02013620,1
1505772665,21801520,4096.53,0.02240183,0
1505772664,21801517,4096.54,0.12806124,0
1505772663,21801515,4096.98,0.01246607,0
1505772658,21801487,4096.54,0.02015287,1
1505772658,21801485,4096.54,0.01817057,1
1505772651,21801480,4097.00,0.99373247,1
1505772642,21801466,4097.01,0.02015010,1
1505772641,21801465,4102.96,1.24718661,1
1505772641,21801464,4102.96,0.17000000,1
1505772641,21801463,4102.96,0.26884690,0
1505772640,21801462,4100.14,0.01846213,0
1505772640,21801461,4100.00,0.01618623,0
1505772639,21801460,4097.02,1.00000000,1
1505772638,21801459,4097.00,0.00626753,1
1505772636,21801457,4097.02,0.02011792,1
1505772635,21801455,4098.75,0.16980416,0
1505772635,21801454,4098.75,0.46930373,0
1505772628,21801445,4098.75,0.91051645,1
1505772628,21801444,4100.02,0.09611349,1
1505772627,21801442,4100.02,1.00000000,1
1505772622,21801436,4100.00,0.00364878,0
1505772621,21801433,4100.00,0.20000000,1
1505772612,21801428,4100.02,0.02832581,0
1505772610,21801427,4100.02,0.22950037,0
1505772609,21801426,4103.00,0.77049963,1
1505772607,21801425,4100.02,0.38458034,0
1505772607,21801424,4100.02,0.02238216,0
1505772605,21801422,4100.02,0.23303750,1
1505772604,21801420,4100.14,0.25000000,0
1505772604,21801418,4100.14,0.02000000,0
1505772602,21801414,4103.62,0.66198845,0
1505772602,21801413,4100.14,0.18809295,0
1505772600,21801411,4105.09,0.25000000,0
1505772599,21801410,4100.02,0.21855000,1
1505772599,21801409,4100.02,0.26145000,1
1505772598,21801408,4100.17,0.87150000,1
1505772597,21801405,4100.02,0.15846250,1
1505772593,21801402,4100.14,0.19415140,1
1505772593,21801401,4101.99,0.02012609,1
1505772593,21801398,4103.00,0.64353763,0
1505772592,21801396,4103.01,0.35646237,1
1505772590,21801393,4103.00,0.07395387,1
1505772590,21801390,4103.01,0.07388566,0
1505772583,21801381,4102.64,0.08838301,0
1505772581,21801378,4103.00,0.05000000,1
1505772576,21801373,4103.63,0.09022986,1
1505772576,21801372,4103.65,0.87150000,1
1505772572,21801369,4103.62,0.02000000,1
1505772562,21801365,4109.45,0.05470000,1
1505772562,21801364,4109.45,0.15000000,1
1505772561,21801363,4109.46,0.00970930,0
1505772559,21801362,4109.57,0.00242242,0
1505772559,21801361,4109.45,0.55000000,1
1505772557,21801360,4111.94,0.49562211,0
1505772556,21801359,4109.46,0.67041194,0
1505772552,21801358,4109.46,0.02006274,1
1505772548,21801351,4109.57,0.28067592,0
1505772546,21801350,4109.58,0.02005273,1
1505772545,21801349,4111.20,0.02000444,0
1505772540,21801346,4111.21,0.01000000,0
1505772539,21801344,4111.21,0.10000000,1
1505772533,21801342,4113.65,0.50000000,1
1505772533,21801341,4112.99,0.07515906,0
1505772532,21801340,4112.99,0.00485049,0
1505772532,21801339,4114.19,0.02006045,1
1505772531,21801338,4115.00,0.35000000,1
1505772531,21801337,4119.11,0.10000000,1
1505772520,21801331,4120.00,0.39126365,1
1505772519,21801330,4120.00,0.05000000,1
1505772516,21801326,4120.01,1.00000000,1
1505772516,21801325,4120.00,0.04539250,1
1505772503,21801320,4120.00,0.01334385,1
1505772500,21801319,4122.70,1.00000000,0
1505772498,21801313,4122.52,0.24494757,1
1505772495,21801305,4122.52,0.02776260,1
1505772495,21801299,4122.52,0.33692340,0
1505772493,21801290,4122.52,0.02000182,0
1505772492,21801286,4122.00,0.03176354,1
1505772489,21801277,4122.00,0.33268900,1
1505772487,21801275,4122.00,0.22910705,0
1505772486,21801274,4120.68,0.01282610,0
1505772486,21801273,4122.00,0.78089295,0
1505772485,21801272,4122.00,1.00000000,1
1505772483,21801270,4122.52,0.04316478,0
1505772483,21801269,4122.33,0.02013423,0
1505772483,21801268,4122.00,0.04600000,0
1505772483,21801267,4121.81,0.04607800,0
1505772483,21801266,4121.80,0.13374000,0
1505772483,21801265,4117.91,0.11088299,0
1505772482,21801264,4119.16,1.00000000,0
1505772481,21801262,4117.91,0.03594157,1
1505772481,21801261,4118.73,0.01211053,1
1505772479,21801260,4118.73,0.28727441,0
1505772479,21801259,4118.73,1.00000000,0
1505772476,21801257,4118.73,1.00000000,0
1505772472,21801249,4121.81,0.08988600,1
1505772471,21801247,4121.81,0.00347442,0
1505772469,21801245,4121.80,0.04623709,1
1505772469,21801244,4121.81,0.01259418,0
1505772469,21801243,4121.80,0.01609510,1
1505772466,21801232,4121.80,0.06426920,1
1505772466,21801229,4121.80,0.08326900,1
1505772466,21801227,4121.80,0.01271890,1
1505772462,21801220,4121.80,1.00000000,0
1505772458,21801217,4120.62,0.08919090,1
1505772454,21801209,4117.83,1.44000000,1
1505772452,21801202,4120.62,1.00000000,0
1505772450,21801198,4117.83,0.02586120,1
1505772450,21801195,4120.51,1.00000000,1
1505772449,21801194,4121.00,1.00000000,1
1505772449,21801193,4121.91,0.00399046,1
1505772449,21801190,4121.91,0.01603837,0
1505772447,21801186,4120.50,0.01749186,1
1505772446,21801180,4121.81,0.50000000,0
1505772445,21801179,4121.00,0.04684700,0
1505772445,21801178,4120.99,0.02014076,0
1505772445,21801177,4120.88,0.00197062,0
1505772445,21801175,4120.57,0.00931000,0
1505772443,21801170,4120.50,0.03154391,0
1505772438,21801151,4120.50,0.02421065,0
1505772437,21801146,4118.76,0.16478780,0
1505772435,21801145,4118.76,0.02001113,0
1505772434,21801144,4118.73,0.06124554,1
1505772434,21801143,4117.83,0.02936540,1
1505772433,21801140,4120.02,0.21345947,0
1505772432,21801132,4120.02,0.78654053,0
1505772432,21801131,4120.00,3.00000000,0
1505772432,21801130,4120.00,9.84000000,0
1505772432,21801129,4120.00,1.00000000,0
1505772432,21801128,4120.00,0.02281369,0
1505772431,21801127,4120.00,0.41300000,0
1505772431,21801126,4120.00,0.04600000,0
1505772431,21801125,4119.97,0.00487684,0
1505772431,21801124,4119.97,0.01526894,0
1505772431,21801123,4119.95,0.87150000,0
1505772428,21801118,4115.00,0.00200000,0
1505772427,21801116,4115.00,0.00200000,0
1505772426,21801113,4119.49,0.00200000,1
1505772426,21801111,4119.49,0.00200000,1
1505772425,21801109,4119.49,0.00125000,0
1505772425,21801108,4119.24,0.02014931,0
1505772425,21801107,4119.00,0.03431825,0
1505772425,21801105,4117.43,0.17782554,0
1505772424,21801102,4118.74,0.02217446,1
1505772423,21801097,4118.74,0.00326663,0
1505772423,21801096,4118.73,0.97455891,0
1505772418,21801084,4118.73,0.02544109,0
1505772418,21801083,4117.00,0.97455891,0
1505772415,21801078,4116.96,0.10625320,0
1505772412,21801077,4108.45,1.00000000,1
1505772401,21801073,4112.26,0.08921320,0
1505772399,21801071,4118.00,0.76024980,1
1505772396,21801069,4118.00,0.23975020,0
1505772395,21801068,4113.26,0.01704000,1
1505772395,21801067,4118.00,0.76024980,1
1505772393,21801066,4117.99,0.23975020,0
1505772391,21801065,4118.00,0.60815980,1
1505772390,21801064,4118.00,0.08584020,1
1505772390,21801062,4118.00,0.04600000,0
1505772389,21801061,4118.00,0.26000000,0
1505772386,21801058,4111.37,0.62583500,1
1505772386,21801057,4116.97,0.08702560,1
1505772384,21801055,4109.52,0.00564670,0
1505772382,21801051,4117.00,0.00674037,1
1505772381,21801048,4117.00,0.99325963,1
1505772379,21801045,4117.00,0.97634157,1
1505772378,21801044,4117.61,0.01801085,1
1505772378,21801042,4117.61,0.00201051,0
1505772378,21801039,4117.00,0.02365843,0
1505772377,21801036,4112.08,0.22207500,1
1505772375,21801027,4117.00,0.48929462,1
1505772374,21801024,4117.00,0.12215172,1
1505772374,21801022,4117.00,0.38855366,0
1505772373,21801019,4117.00,0.96138634,1
1505772372,21801016,4117.00,0.89218525,1
1505772372,21801012,4117.00,0.77637132,1
1505772372,21801011,4117.00,4.64000000,1
1505772371,21801009,4117.00,0.18000000,0
1505772371,21801007,4117.00,0.02000000,0
1505772371,21801005,4116.98,0.01000000,0
1505772371,21801004,4116.72,0.00194088,0
1505772371,21801001,4116.00,0.04600000,0
1505772370,21800999,4115.09,1.00000000,0
1505772369,21800997,4115.57,0.36000000,1
1505772369,21800996,4115.57,0.89765867,1
1505772369,21800995,4115.57,1.60781475,1
1505772369,21800994,4115.58,0.89218525,1
1505772368,21800993,4115.58,0.10781475,0
1505772367,21800992,4115.57,0.97462784,1
1505772367,21800991,4115.57,0.07183208,1
1505772366,21800988,4108.50,0.32382574,0
1505772366,21800986,4109.52,0.02008117,1
1505772366,21800984,4110.76,0.12215172,1
1505772366,21800982,4114.17,0.00145837,1
1505772365,21800981,4115.57,0.87784828,1
1505772362,21800974,4114.07,0.13516050,0
1505772362,21800972,4114.07,0.02005723,0
1505772358,21800961,4115.99,3.89619787,1
1505772358,21800960,4115.59,0.02016720,0
1505772358,21800959,4115.52,0.00669617,0
1505772358,21800957,4115.52,0.00690121,0
1505772357,21800955,4115.44,0.02016783,0
1505772357,21800954,4115.05,0.02016989,0
1505772357,21800953,4115.00,5.28553011,0
1505772357,21800952,4114.07,0.24416972,0
1505772356,21800951,4115.00,0.48000000,0
1505772355,21800947,4115.00,0.00293418,0
1505772354,21800946,4114.72,0.01710429,0
1505772354,21800945,4115.00,1.00000000,0
1505772353,21800944,4115.00,0.08608235,0
1505772353,21800940,4114.99,0.11123214,0
1505772352,21800937,4115.00,0.98203822,0
1505772352,21800935,4115.00,0.01698000,1
1505772351,21800934,4115.00,0.06454709,0
1505772350,21800933,4114.07,0.02024376,1
1505772349,21800930,4115.00,0.02424301,0
1505772349,21800929,4115.00,0.02006126,0
1505772348,21800922,4110.11,0.01464797,1
1505772347,21800920,4114.18,0.02005361,1
1505772347,21800915,4115.00,1.20700121,0
1505772345,21800911,4111.00,0.04613444,0
1505772343,21800907,4115.00,0.84756257,0
1505772343,21800905,4114.85,0.02017084,0
1505772343,21800901,4114.50,0.00200000,0
1505772342,21800898,4114.18,0.02017414,0
1505772342,21800891,4114.07,0.02017462,0
1505772341,21800883,4114.03,0.00770889,0
1505772341,21800878,4114.00,0.04600000,0
1505772341,21800876,4114.00,0.04000000,0
1505772341,21800874,4114.00,0.02024379,1
1505772340,21800872,4113.78,0.02017612,0
1505772340,21800870,4113.39,0.02017799,0
1505772339,21800869,4113.39,0.00484180,1
1505772339,21800866,4112.31,0.00931000,0
1505772339,21800862,4112.29,0.00925250,0
1505772339,21800860,4112.29,0.01218000,1
1505772338,21800857,4112.00,0.04600000,0
1505772338,21800854,4111.95,0.00064963,0
1505772338,21800853,4111.95,0.01953546,0
1505772337,21800849,4111.11,0.92397126,0
1505772337,21800844,4111.00,0.02950000,0
1505772337,21800843,4111.00,0.95000000,0
1505772337,21800842,4111.00,0.02050000,0
1505772336,21800839,4110.30,1.00000000,0
1505772336,21800836,4110.00,0.50000000,0
1505772336,21800835,4110.00,0.02732973,0
1505772335,21800833,4110.00,0.35847562,0
1505772335,21800832,4110.00,0.04600000,0
1505772335,21800831,4109.52,0.02019698,0
1505772334,21800829,4107.26,0.11291713,1
1505772331,21800824,4109.38,0.02000000,1
1505772331,21800821,4109.38,0.00198060,0
1505772331,21800814,4109.00,0.98381082,0
1505772330,21800809,4109.00,0.01618918,0
1505772330,21800808,4108.70,0.07738174,0
1505772330,21800807,4108.37,0.02020258,0
1505772330,21800806,4108.00,0.08341761,0
1505772329,21800805,4108.00,0.02007232,0
1505772328,21800803,4108.00,0.02006810,0
1505772328,21800802,4108.00,0.02006608,0
1505772327,21800796,4108.00,0.01486900,0
1505772324,21800780,4108.00,0.26150689,0
1505772324,21800778,4108.00,0.04600000,0
1505772324,21800777,4107.63,0.02020628,0
1505772324,21800775,4107.50,0.02020693,0
1505772323,21800773,4107.00,0.10000000,0
1505772323,21800772,4106.63,0.00194564,0
1505772323,21800770,4106.31,0.02021279,0
1505772323,21800768,4106.11,0.00201049,0
1505772323,21800766,4106.05,0.02021406,0
1505772323,21800765,4106.01,0.21769692,0
1505772322,21800757,4106.01,1.65433197,0
1505772322,21800755,4106.01,7.95447205,0
1505772322,21800754,4106.00,0.04600000,0
1505772321,21800752,4105.92,0.02021473,0
1505772321,21800750,4105.83,0.02021519,0
1505772321,21800747,4105.69,0.00147600,0
1505772321,21800746,4105.62,0.02017693,0
1505772321,21800744,4105.61,0.02021626,0
1505772321,21800742,4105.61,0.02000000,0
1505772320,21800740,4105.49,0.02021687,0
1505772320,21800739,4105.08,0.02021884,0
1505772320,21800737,4104.77,0.02022038,0
1505772320,21800734,4104.70,0.02022073,0
1505772320,21800732,4104.64,0.02022104,0
1505772320,21800731,4104.35,0.02022244,0
1505772320,21800730,4104.13,0.02022354,0
1505772320,21800729,4104.01,0.00940800,0
1505772319,21800728,4104.00,0.04600000,0
1505772319,21800727,4104.00,0.02500000,0
1505772316,21800721,4103.00,1.00000000,0
1505772315,21800720,4102.99,13.73090188,0
1505772314,21800713,4102.99,0.17581119,0
1505772314,21800710,4102.99,1.00000000,0
1505772312,21800703,4102.99,0.01414000,0
1505772309,21800697,4102.98,0.39058801,1
1505772308,21800692,4102.98,0.11238000,1
1505772306,21800679,4102.99,1.84412586,0
1505772305,21800678,4102.99,0.55000000,0
1505772304,21800673,4102.99,1.15136396,0
1505772303,21800670,4102.99,17.00000000,0
1505772302,21800669,4102.99,0.02554255,0
1505772301,21800668,4102.98,0.29446796,1
1505772300,21800667,4102.98,0.24679404,1
1505772300,21800666,4102.98,0.03320596,1
1505772300,21800665,4102.99,14.00000000,0
1505772299,21800663,4102.99,0.02008455,0
1505772298,21800662,4102.99,0.02009713,0
1505772296,21800655,4102.98,0.02029536,1
1505772294,21800648,4102.99,0.46793288,0
1505772294,21800647,4102.98,0.04000000,0
1505772294,21800646,4102.86,0.02022980,0
1505772294,21800644,4102.77,0.20000000,0
1505772294,21800643,4102.00,0.06250000,0
1505772294,21800641,4102.00,0.04600000,0
1505772293,21800640,4101.99,0.02023332,0
1505772292,21800637,4100.00,0.03024612,1
1505772291,21800636,4100.00,0.61868683,1
1505772289,21800629,4101.60,0.21417233,1
1505772289,21800628,4101.60,0.02248540,0
1505772289,21800626,4101.53,0.02023634,0
1505772289,21800624,4101.00,0.04999900,0
1505772288,21800623,4101.00,0.10000000,0
1505772288,21800622,4100.90,0.02000000,0
1505772288,21800620,4100.00,0.05575456,0
1505772288,21800619,4100.00,0.02966832,0
1505772288,21800618,4100.00,0.12966489,0
1505772288,21800617,4100.00,0.04370581,0
1505772287,21800616,4100.00,2.00458300,0
1505772287,21800614,4100.00,0.48113876,0
1505772285,21800610,4100.00,0.01826756,0
1505772285,21800608,4100.00,0.04303386,0
1505772285,21800607,4100.00,0.85689600,0
1505772284,21800603,4098.75,0.01694000,1
1505772283,21800599,4098.75,0.01848829,1
1505772283,21800598,4098.98,0.01982150,1
1505772282,21800595,4100.00,0.02013143,0
1505772282,21800594,4100.00,0.02011038,0
1505772281,21800588,4100.00,5.19500293,0
1505772281,21800586,4100.00,2.00000000,0
1505772280,21800584,4100.00,0.01610000,0
1505772280,21800583,4100.00,0.00344386,0
1505772280,21800581,4100.00,0.05000000,0
1505772280,21800580,4100.00,5.00000000,0
1505772279,21800579,4100.00,0.04600000,0
1505772279,21800577,4100.00,0.01000000,0
1505772279,21800576,4100.00,0.00160864,0
1505772279,21800575,4100.00,0.03000000,0
1505772279,21800574,4100.00,0.02500000,0
1505772278,21800572,4100.00,0.10000000,0
1505772278,21800571,4100.00,0.10000000,0
1505772278,21800570,4100.00,3.53918557,0
1505772277,21800569,4099.98,0.85139616,0
1505772277,21800567,4099.98,0.02010384,0
1505772276,21800565,4098.75,0.05405526,1
1505772273,21800545,4100.00,1.45821079,0
1505772272,21800544,4100.00,0.02983526,0
1505772272,21800543,4100.00,1.00000000,0
1505772272,21800542,4100.00,0.08300000,0
1505772272,21800541,4100.00,0.00567860,0
1505772272,21800540,4100.00,0.00500000,0
1505772272,21800539,4100.00,0.00966153,0
1505772272,21800538,4100.00,3.68292208,0
1505772272,21800537,4099.50,0.00200000,0
1505772271,21800536,4099.49,1.00000000,0
1505772271,21800535,4099.40,1.00000000,0
1505772271,21800534,4099.31,0.02024734,0
1505772271,21800532,4099.20,0.30000000,0
1505772271,21800531,4099.19,0.02024792,0
1505772271,21800530,4099.17,0.37000000,0
1505772271,21800529,4099.00,0.58817224,0
1505772271,21800527,4099.00,0.01545532,0
1505772270,21800526,4098.75,0.02025008,0
1505772270,21800524,4098.75,0.01796472,0
1505772270,21800523,4097.95,0.01451800,1
1505772268,21800521,4098.75,0.00228536,0
1505772268,21800519,4098.38,0.01730481,0
1505772268,21800518,4098.38,0.00294708,0
1505772267,21800515,4098.00,1.00000000,0
1505772267,21800512,4098.00,0.04600000,0
1505772267,21800510,4097.95,0.87150000,0
1505772266,21800508,4097.88,0.00199058,0
1505772266,21800505,4096.56,0.01253930,0
1505772263,21800497,4096.54,0.00195045,0
1505772262,21800493,4096.02,0.10000000,0
1505772262,21800492,4096.00,0.04600000,0
1505772261,21800489,4095.00,0.94288133,0
1505772261,21800488,4094.80,0.02026494,0
1505772261,21800486,4094.67,0.01477042,0
1505772260,21800485,4094.67,0.00549984,0
1505772257,21800476,4094.60,0.00202047,0
1505772257,21800474,4094.21,0.02027233,0
1505772257,21800473,4094.07,0.02027324,0
1505772256,21800472,4094.00,0.04600000,0
1505772256,21800471,4093.82,0.90255157,0
1505772255,21800470,4093.77,0.97986577,0
1505772255,21800464,4093.77,0.02013423,1
1505772253,21800463,4093.82,0.10155551,0
1505772253,21800462,4093.77,0.02027472,0
1505772252,21800459,4093.12,0.01000000,1
1505772250,21800455,4093.12,0.02027781,0
1505772250,21800454,4093.12,0.20000000,0
1505772248,21800452,4093.05,0.01540143,1
1505772244,21800443,4093.06,0.00500000,0
1505772244,21800442,4093.05,0.04000650,1
1505772243,21800438,4092.48,0.87784828,1
1505772243,21800437,4093.00,0.99989133,1
1505772241,21800432,4093.00,0.00010867,0
1505772239,21800429,4092.47,0.04000830,1
1505772236,21800420,4092.47,0.00620000,0
1505772233,21800413,4092.06,1.17218000,1
1505772232,21800408,4092.32,0.02673270,1
1505772230,21800406,4092.32,0.30000000,0
1505772230,21800405,4092.18,0.00569900,0
1505772230,21800404,4092.00,0.03381082,0
1505772230,21800403,4092.00,0.01218918,0
1505772229,21800394,4091.31,0.00827000,1
1505772228,21800391,4091.21,0.02028734,0
1505772228,21800390,4090.73,0.02028979,0
1505772226,21800383,4090.00,3.00000000,0
1505772226,21800382,4090.00,1.00010000,0
1505772226,21800381,4090.00,0.50000000,0
1505772225,21800380,4090.00,0.51034500,0
1505772225,21800379,4090.00,0.04600000,0
1505772225,21800378,4090.00,0.75000000,0
1505772225,21800377,4090.00,0.03500000,0
1505772225,21800376,4089.85,0.20000000,0
1505772224,21800375,4089.28,0.02029695,0
1505772224,21800374,4088.65,6.00000000,0
1505772221,21800365,4088.65,14.00000000,0
1505772217,21800363,4088.40,0.17307000,1
1505772215,21800353,4088.40,1.00000000,0
1505772215,21800352,4088.00,0.04600000,0
1505772214,21800351,4087.00,7.84686534,0
1505772214,21800350,4087.00,1.00000000,0
1505772212,21800346,4087.00,1.00000000,0
1505772211,21800344,4087.00,13.77000000,0
1505772209,21800340,4087.00,0.02017414,0
1505772207,21800339,4086.45,0.00195526,0
1505772207,21800338,4086.37,0.00199056,0
1505772203,21800336,4086.00,0.02000000,0
1505772203,21800335,4086.00,0.02327363,0
1505772203,21800334,4086.00,0.02272637,0
1505772203,21800332,4086.00,0.66981281,0
1505772203,21800331,4085.23,0.02031713,0
1505772199,21800329,4085.11,0.02031772,0
1505772198,21800328,4085.00,5.77030272,0
1505772198,21800327,4084.99,0.38556453,0
1505772198,21800326,4084.97,0.87150000,0
1505772198,21800325,4084.12,0.10000000,0
1505772192,21800321,4083.00,0.06178534,0
1505772191,21800320,4081.73,0.15767434,0
1505772188,21800314,4081.11,0.00607066,0
1505772184,21800312,4079.06,0.10000000,0
1505772184,21800310,4079.06,0.30114892,0
1505772184,21800309,4079.01,0.01500000,0
1505772183,21800308,4079.00,2.63139491,0
1505772164,21800297,4079.00,0.01000000,0
1505772159,21800296,4079.00,0.06121108,0
1505772158,21800295,4079.00,1.31078050,0
1505772151,21800289,4078.99,0.02460378,1
1505772150,21800288,4078.99,0.18132264,1
1505772145,21800283,4079.00,0.22975925,0
1505772135,21800257,4078.99,0.03205382,1
1505772125,21800247,4079.00,0.02020693,0
1505772123,21800246,4077.00,0.10000000,0
1505772123,21800245,4076.98,0.07632191,0
1505772113,21800236,4076.98,0.00840184,0
1505772107,21800233,4076.97,0.01107325,1
1505772076,21800202,4076.98,0.10000000,0
1505772067,21800190,4076.98,0.02250930,0
1505772065,21800186,4076.03,0.01200000,0
1505772052,21800173,4075.00,3.00000000,0
1505772052,21800172,4075.00,5.15292591,0
1505772051,21800171,4075.00,0.23656804,0
1505772051,21800170,4074.99,0.10084742,0
1505772049,21800166,4074.99,0.06461957,0
1505772028,21800152,4074.99,0.02289604,0
1505772011,21800148,4074.99,0.05245670,0
1505772011,21800147,4074.77,0.94754330,0
1505772009,21800146,4074.99,0.98600000,0
1505772008,21800145,4074.78,0.01400000,0
1505772003,21800140,4074.99,0.00294958,0
1505772002,21800139,4069.38,0.01301144,1
1505772000,21800137,4073.00,0.52929902,0
1505771992,21800136,4072.49,0.01900000,0
1505771989,21800133,4072.40,0.51768040,0
1505771986,21800131,4072.40,0.01129381,0
1505771986,21800128,4072.40,1.00000000,0
1505771986,21800125,4071.99,0.01595742,1
1505771984,21800123,4072.40,1.00000000,0
1505771972,21800114,4070.00,0.46371558,0
1505771958,21800111,4070.00,0.00505948,0
1505771958,21800110,4068.38,0.02941430,0
1505771911,21800104,4067.97,0.04885426,1
1505771889,21800101,4072.47,0.02450000,1
1505771884,21800099,4072.47,0.05691200,0
1505771883,21800098,4072.48,0.11726838,0
1505771883,21800097,4072.48,0.02724307,0
1505771882,21800096,4072.48,0.00707427,0
1505771866,21800095,4067.97,0.03431734,1
1505771806,21800078,4067.96,0.13761857,1
1505771806,21800077,4067.97,0.10881565,1
1505771787,21800075,4072.69,0.19615537,0
1505771776,21800073,4066.05,0.12152322,1
1505771776,21800072,4066.11,0.00809411,1
1505771773,21800071,4072.77,0.02628017,0
1505771773,21800070,4071.53,0.01800000,0
1505771756,21800058,4072.95,0.10881565,1
1505771742,21800056,4073.00,0.11894240,0
1505771742,21800055,4071.53,0.01053861,0
1505771735,21800049,4071.53,0.01446139,0
1505771707,21800031,4066.05,0.04106400,1
1505771705,21800030,4066.10,0.38526320,1
1505771705,21800029,4066.10,0.09693212,1
1505771705,21800028,4066.11,0.02850468,1
1505771701,21800027,4066.10,0.00665362,1
1505771641,21799996,4073.00,0.03550361,0
1505771616,21799962,4066.03,0.73874436,1
1505771599,21799953,4073.78,0.00400949,0
1505771597,21799952,4071.93,0.01400000,0
1505771567,21799939,4073.78,0.00832038,0
1505771567,21799938,4073.04,0.00000534,0
1505771567,21799937,4073.03,0.01811800,0
1505771558,21799931,4066.00,0.38580535,1
1505771551,21799930,4067.58,0.08305350,1
1505771551,21799929,4070.93,0.16337648,1
1505771548,21799927,4073.01,2.35759549,0
1505771536,21799922,4070.93,0.01274000,1
1505771512,21799907,4070.93,0.02000000,1
1505771496,21799901,4073.04,0.02870800,0
1505771495,21799900,4073.04,0.23798600,0
1505771467,21799883,4073.78,0.00884290,0
1505771451,21799877,4076.88,0.03331604,0
1505771441,21799875,4076.98,0.02931580,0
1505771431,21799872,4074.32,0.02850468,0
1505771431,21799871,4070.93,0.00009825,0
1505771430,21799869,4066.03,0.02000000,1
1505771428,21799866,4070.93,0.01097193,0
1505771427,21799865,4070.93,0.23463652,0
1505771422,21799850,4070.93,0.01173771,0
1505771421,21799849,4070.93,0.01227994,0
1505771415,21799844,4066.04,0.45000000,1
1505771415,21799843,4066.04,1.05610164,1
1505771415,21799842,4066.04,0.07239836,1
1505771415,21799841,4066.06,0.87150000,1
1505771404,21799838,4066.06,0.12804334,1
1505771404,21799837,4073.99,0.00195666,1
1505771394,21799836,4076.23,0.48947434,0
1505771384,21799835,4075.00,4.11947937,1
1505771376,21799832,4076.23,0.26051817,0
1505771359,21799800,4075.00,0.02000000,1
1505771357,21799799,4079.04,0.01179048,0
1505771347,21799798,4075.00,0.10000000,1
1505771341,21799797,4075.00,0.02302847,1
1505771308,21799791,4079.06,0.02021473,0
1505771306,21799789,4079.06,0.03863635,0
1505771306,21799788,4076.91,0.03000000,0
1505771304,21799786,4076.00,1.04224664,0
1505771297,21799777,4076.00,2.50000000,0
1505771296,21799776,4076.00,4.24420668,0
1505771296,21799775,4075.00,0.02519569,1
1505771274,21799731,4075.00,0.14000000,1
1505771238,21799723,4072.08,0.03700000,0
1505771226,21799722,4074.00,0.06312903,0
1505771216,21799721,4066.11,0.07413501,1
1505771202,21799712,4074.00,0.00312594,0
1505771198,21799709,4074.99,0.53086431,0
1505771198,21799708,4073.05,0.03600000,0
1505771198,21799707,4069.00,0.40624621,0
1505771198,21799706,4066.05,0.05455190,0
1505771197,21799704,4066.05,0.45861477,0
1505771196,21799703,4066.29,0.02000000,1
1505771196,21799702,4066.31,0.02026894,1
1505771196,21799701,4067.00,0.11280324,1
1505771173,21799691,4067.01,0.02027472,0
1505771168,21799690,4072.01,0.21381869,1
1505771166,21799689,4072.01,0.01400000,0
1505771142,21799681,4072.97,1.52945885,0
1505771107,21799669,4067.03,0.01249000,1
1505771106,21799665,4075.00,0.00529819,0
1505771072,21799622,4076.34,0.03905809,0
1505771051,21799618,4074.98,0.02021279,0
1505771051,21799617,4068.19,0.12850000,0
1505771050,21799616,4068.25,0.87150000,1
1505771048,21799615,4068.19,0.98164980,0
1505771048,21799614,4068.19,0.01835020,0
1505771045,21799610,4074.99,0.17237100,0
1505771045,21799608,4068.19,1.00000000,0
1505771044,21799607,4074.99,0.52763190,0
1505771043,21799606,4074.99,0.06674300,0
1505771042,21799605,4068.20,0.35644986,1
1505771040,21799604,4075.00,0.24478528,0
1505771036,21799603,4075.00,3.30871739,1
1505771036,21799601,4075.00,2.50000000,1
1505771035,21799599,4075.00,1.00000000,1
1505771025,21799587,4075.00,1.10576074,1
1505771023,21799584,4075.00,1.00000000,1
1505771022,21799583,4081.10,0.01611608,0
1505771019,21799577,4075.00,1.11404626,1
1505771013,21799569,4075.00,0.06747771,1
1505771010,21799564,4075.00,3.82208474,1
1505771009,21799563,4075.00,1.00000000,1
1505771009,21799562,4075.00,0.08191316,1
1505770994,21799556,4082.30,0.02840100,1
1505770993,21799554,4077.84,0.00568000,0
1505770989,21799549,4075.00,1.00000000,1
1505770988,21799548,4079.83,0.00471203,0
1505770988,21799547,4077.85,0.05900000,0
1505770985,21799536,4079.83,0.58472805,1
1505770984,21799535,4082.96,0.04566785,1
1505770983,21799534,4082.97,0.48000000,0
1505770968,21799530,4075.05,0.12850000,0
1505770968,21799529,4075.05,0.87150000,0
1505770965,21799528,4075.12,1.00000000,1
1505770963,21799527,4075.06,0.12850000,1
1505770962,21799526,4075.10,0.87150000,1
1505770937,21799518,4083.33,0.01718235,0
1505770932,21799517,4079.83,0.01865879,0
1505770927,21799515,4078.51,0.06100000,0
1505770881,21799455,4084.70,0.02082153,1
1505770877,21799448,4084.99,0.02860443,0
1505770875,21799447,4084.70,0.29862653,1
1505770875,21799446,4084.70,0.63987914,1
1505770873,21799445,4084.46,0.06000000,0
1505770863,21799440,4084.99,0.08583104,0
1505770863,21799439,4079.84,0.01000000,1
1505770829,21799399,4085.00,0.15629376,0
1505770828,21799397,4079.83,1.01280480,1
1505770828,21799396,4079.83,0.08023300,1
1505770817,21799387,4079.84,0.62987914,1
1505770810,21799381,4079.67,0.82539902,1
1505770810,21799380,4084.99,0.03626657,1
1505770808,21799378,4084.99,0.09257858,1
1505770805,21799374,4084.99,0.16787728,1
1505770805,21799373,4084.99,0.70327757,1
1505770804,21799372,4084.99,0.08418330,1
1505770800,21799365,4084.99,0.25427849,0
1505770797,21799362,4084.70,0.02596848,1
1505770794,21799359,4084.70,0.74572151,1
1505770794,21799358,4084.70,0.22834833,1
1505770793,21799357,4084.70,0.02593016,0
1505770793,21799356,4081.15,0.22597116,1
1505770792,21799355,4081.15,0.77384269,1
1505770792,21799354,4081.15,0.00018615,1
1505770792,21799353,4082.77,0.10000000,1
1505770791,21799351,4084.69,0.02596713,1
1505770787,21799348,4084.70,0.00406984,0
1505770785,21799347,4084.69,0.07334660,0
1505770776,21799334,4084.00,0.04600000,0
1505770775,21799333,4083.34,0.01487018,0
1505770772,21799331,4083.10,0.00202045,0
1505770772,21799330,4082.62,0.08100000,0
1505770771,21799329,4076.08,0.00627487,1
1505770771,21799328,4082.57,1.77407426,0
1505770770,21799326,4082.57,1.00000000,0
1505770767,21799324,4079.32,0.07334660,1
1505770766,21799323,4082.57,5.00000000,0
1505770765,21799322,4082.56,0.02702970,1
1505770762,21799319,4082.57,17.50000000,0
1505770762,21799318,4082.56,0.97978374,0
1505770756,21799314,4077.78,0.11172000,1
1505770752,21799313,4082.57,15.90189000,0
1505770752,21799312,4082.57,0.02650000,0
1505770752,21799311,4082.44,0.87150000,0
1505770751,21799310,4077.78,0.10200000,0
1505770740,21799299,4082.57,8.79753574,0
1505770740,21799297,4082.00,0.02846426,0
1505770739,21799294,4080.71,1.00000000,0
1505770739,21799293,4078.71,0.17400000,0
1505770719,21799270,4075.80,0.02021626,0
1505770717,21799269,4073.87,0.12977962,0
1505770660,21799239,4069.89,0.20000000,1
1505770649,21799201,4066.29,0.97977927,0
1505770648,21799200,4066.29,0.02022073,1
1505770647,21799199,4066.29,0.97977927,0
1505770646,21799197,4066.30,0.02022073,1
1505770644,21799192,4066.30,1.00000000,1
1505770641,21799189,4066.29,0.22311376,1
1505770641,21799188,4066.30,0.77688624,1
1505770639,21799184,4066.29,1.00000000,1
1505770637,21799183,4066.28,0.29000000,1
1505770637,21799182,4066.29,0.71000000,1
1505770635,21799181,4066.29,0.49037841,0
1505770635,21799180,4066.29,0.02027324,0
1505770633,21799178,4066.29,0.19401100,0
1505770631,21799174,4073.87,0.02022038,0
1505770626,21799153,4066.28,0.00650826,0
1505770625,21799150,4066.28,0.12500000,1
1505770625,21799149,4066.28,0.02027856,1
1505770625,21799147,4066.29,0.02027233,1
1505770625,21799146,4066.30,0.02027781,1
1505770624,21799144,4077.38,0.02022073,0
1505770623,21799142,4066.30,1.00000000,1
1505770621,21799118,4066.33,0.02022104,0
1505770618,21799114,4066.33,0.02021406,0
1505770614,21799108,4066.34,0.02042765,1
1505770611,21799097,4066.32,0.07209500,1
1505770611,21799096,4066.33,0.79800000,1
1505770609,21799093,4066.33,0.10100000,1
1505770609,21799092,4066.33,0.89900000,1
1505770607,21799088,4077.48,0.07618000,0
1505770606,21799086,4066.31,1.00000000,1
1505770601,21799074,4076.33,0.00650826,0
1505770599,21799067,4072.00,0.50290688,1
1505770595,21799051,4072.00,0.02000000,1
1505770588,21799023,4074.28,0.01289771,1
1505770588,21799021,4074.28,0.92242012,1
1505770582,21799000,4074.28,0.07000000,1
1505770567,21798976,4075.27,0.78384900,0
1505770566,21798975,4075.27,0.09180000,1
1505770564,21798973,4077.48,0.00428400,0
1505770550,21798962,4081.97,0.33000000,0
1505770547,21798961,4076.50,0.03919838,1
1505770547,21798960,4079.81,0.18911779,1
1505770546,21798959,4079.81,0.02450000,1
1505770536,21798947,4080.94,2.79258400,1
1505770536,21798945,4080.94,5.00000000,1
1505770535,21798943,4080.94,0.12711600,1
1505770532,21798928,4077.49,0.00070000,1
1505770531,21798925,4078.00,1.00000000,1
1505770526,21798919,4082.00,0.01753574,0
1505770525,21798918,4080.41,0.01076872,0
1505770525,21798915,4080.00,0.15957396,0
1505770525,21798914,4080.00,0.02765146,0
1505770525,21798913,4080.00,0.01834854,0
1505770525,21798912,4079.75,0.22800000,0
1505770525,21798911,4079.56,1.04721959,0
1505770523,21798908,4079.54,0.02023634,0
1505770523,21798906,4079.54,0.02020628,0
1505770521,21798901,4079.00,0.03000000,0
1505770520,21798900,4078.97,0.02034830,0
1505770520,21798899,4078.00,1.00000000,0
1505770520,21798898,4078.00,1.00000000,0
1505770520,21798897,4078.00,0.04600000,0
1505770520,21798896,4077.38,1.00000000,0
1505770519,21798895,4077.10,0.00011020,0
1505770513,21798885,4074.41,0.21615100,1
1505770512,21798883,4076.36,0.04000000,1
1505770510,21798880,4076.36,0.00196010,0
1505770510,21798879,4076.02,0.01508566,0
1505770510,21798878,4076.02,0.00527731,0
1505770509,21798877,4076.00,0.04600000,0
1505770509,21798876,4076.00,0.03000000,0
1505770509,21798873,4075.27,0.02036678,0
1505770508,21798871,4074.91,0.21600000,0
1505770506,21798868,4074.40,0.08152151,1
1505770505,21798867,4074.40,0.04600000,1
1505770499,21798855,4075.00,0.50000000,0
1505770498,21798854,4075.00,0.00698632,0
1505770498,21798851,4074.28,0.02417000,0
1505770498,21798849,4073.75,0.07550917,0
1505770497,21798846,4072.00,0.06526536,1
1505770496,21798839,4075.00,0.05301368,0
1505770496,21798838,4075.00,0.06000000,0
1505770495,21798837,4075.00,0.50000000,0
1505770495,21798836,4075.00,0.36661683,0
1505770495,21798835,4074.99,0.02036949,0
1505770492,21798829,4075.00,0.02022980,0
1505770489,21798816,4075.00,0.00315337,0
1505770489,21798814,4074.89,0.02036866,0
1505770489,21798813,4074.87,0.00200054,0
1505770487,21798812,4074.72,0.02036953,0
1505770480,21798792,4074.40,0.50000000,0
1505770478,21798787,4074.28,0.23286684,1
1505770474,21798783,4074.28,0.23200000,0
1505770473,21798781,4073.74,0.49163772,1
1505770461,21798770,4073.74,0.98269519,1
1505770461,21798769,4073.90,0.01730481,1
1505770458,21798768,4074.28,0.24700000,0
1505770458,21798767,4074.00,0.04600000,0
1505770458,21798766,4074.00,0.01000000,0
1505770458,21798765,4073.99,1.69700000,0
1505770457,21798763,4073.90,0.00294708,0
1505770455,21798762,4073.74,0.02037439,0
1505770452,21798757,4072.27,0.11825000,1
1505770451,21798755,4072.27,0.18671405,1
1505770450,21798754,4071.55,4.82533866,1
1505770450,21798753,4072.27,0.10000000,1
1505770450,21798752,4072.27,0.02024792,1
1505770447,21798749,4072.27,0.03929615,0
1505770447,21798748,4072.27,0.06070214,0
1505770446,21798744,4072.00,0.25654771,1
1505770445,21798741,4072.27,0.03929615,1
1505770444,21798737,4072.27,0.04032210,1
1505770444,21798736,4072.27,0.02038175,0
1505770443,21798731,4071.64,0.08808700,1
1505770443,21798726,4071.64,0.09091917,1
1505770442,21798724,4072.00,0.00000243,1
1505770442,21798718,4072.00,0.99999757,1
1505770440,21798713,4071.64,0.11260220,1
1505770440,21798712,4072.00,0.04452238,1
1505770438,21798705,4072.00,0.02024804,0
1505770438,21798702,4072.00,0.03522958,0
1505770438,21798700,4072.00,0.01477042,0
1505770438,21798699,4072.00,0.00549984,0
1505770435,21798692,4071.00,0.49591821,1
1505770433,21798690,4069.09,0.09090881,1
1505770433,21798689,4072.00,0.02025008,0
1505770431,21798687,4072.00,0.02025008,0
1505770430,21798684,4072.00,0.55909665,1
1505770430,21798680,4071.73,0.02038445,0
1505770429,21798679,4071.59,0.02038519,0
1505770429,21798678,4071.59,0.00203043,0
1505770428,21798677,4071.00,0.05000000,0
1505770428,21798676,4071.00,0.01000000,0
1505770428,21798675,4071.00,1.00000000,0
1505770428,21798673,4070.25,0.34810328,0
1505770428,21798672,4070.00,0.07127501,0
1505770428,21798671,4070.00,0.04600000,0
1505770427,21798670,4070.00,0.05000000,0
1505770427,21798669,4070.00,0.02500000,0
1505770427,21798668,4070.00,0.02455234,0
1505770427,21798667,4069.47,0.44800000,0
1505770427,21798665,4068.80,0.02039911,0
1505770426,21798662,4068.66,0.02039987,0
1505770426,21798660,4068.00,0.25633146,1
1505770425,21798658,4068.66,0.03086425,1
1505770425,21798657,4068.00,0.02513525,0
1505770425,21798655,4068.00,0.00057496,0
1505770423,21798648,4067.54,0.17493867,1
1505770422,21798647,4068.00,0.02028979,0
1505770421,21798643,4067.54,0.02040541,0
1505770420,21798642,4067.39,0.02038119,0
1505770420,21798641,4067.28,0.01628068,0
1505770420,21798640,4067.19,1.00000000,0
1505770420,21798639,4067.13,1.00000000,0
1505770418,21798635,4067.00,0.05000000,0
1505770418,21798633,4066.37,0.11213921,0
1505770418,21798632,4066.31,0.62200000,0
1505770417,21798631,4063.12,0.95374389,1
1505770417,21798630,4064.67,0.70322540,1
1505770416,21798629,4066.37,0.00000012,1
1505770415,21798628,4066.37,0.02041136,0
1505770415,21798627,4066.32,0.04376655,0
1505770415,21798626,4066.27,0.00196497,0
1505770415,21798624,4066.00,0.04600000,0
1505770411,21798621,4064.66,0.51500000,0
1505770411,21798620,4064.00,0.04600000,0
1505770411,21798619,4063.36,0.00200052,0
1505770410,21798617,4062.00,0.29677460,1
1505770410,21798616,4062.26,0.70322540,1
1505770407,21798612,4062.26,0.29677460,0
1505770407,21798611,4062.26,14.00000000,0
1505770405,21798610,4062.26,2.19336238,0
1505770404,21798609,4061.99,0.17923987,1
1505770402,21798607,4062.26,2.50000000,0
1505770402,21798606,4062.26,5.00000000,0
1505770401,21798605,4062.26,3.39684205,0
1505770401,21798604,4062.26,5.00000000,0
1505770400,21798603,4061.99,0.39151460,1
1505770396,21798602,4062.26,16.30000000,0
1505770394,21798600,4062.26,0.11532960,0
1505770376,21798592,4062.26,1.19769137,0
1505770375,21798591,4062.25,1.00000000,1
1505770374,21798590,4062.25,1.80230863,0
1505770372,21798589,4062.25,0.98979137,0
1505770366,21798586,4060.16,0.21405301,1
1505770365,21798583,4062.25,16.20790000,0
1505770365,21798582,4062.00,0.04600000,0
1505770365,21798581,4061.99,0.09200000,0
1505770360,21798580,4057.23,0.07200000,1
1505770355,21798576,4057.06,1.33411854,0
1505770355,21798575,4057.06,1.00000000,0
1505770354,21798574,4061.22,0.05669256,1
1505770353,21798573,4061.22,0.01000000,0
1505770353,21798572,4060.04,0.27806778,0
1505770352,21798571,4059.85,0.51500000,0
1505770352,21798570,4059.84,0.94023966,0
1505770350,21798566,4054.61,0.02000000,1
1505770339,21798561,4054.61,0.42684937,1
1505770338,21798560,4054.61,0.07000000,1
1505770337,21798559,4054.60,0.03486000,1
1505770337,21798558,4054.60,0.26258301,1
1505770327,21798553,4055.04,0.43081603,0
1505770326,21798552,4058.10,0.11718397,1
1505770320,21798551,4053.94,0.00295705,0
1505770315,21798550,4052.09,0.01000000,1
1505770300,21798545,4052.81,0.05615000,0
1505770299,21798544,4052.09,0.00257426,1
1505770294,21798543,4058.78,0.46854227,0
1505770294,21798542,4058.78,1.00000000,1
1505770293,21798540,4058.77,0.01852400,1
1505770293,21798539,4058.77,0.02958915,1
1505770293,21798538,4058.77,0.25693337,0
1505770278,21798527,4054.98,0.00996237,1
1505770278,21798526,4054.98,0.24697100,1
1505770277,21798525,4054.97,0.02993945,1
1505770277,21798524,4054.98,0.03869643,1
1505770274,21798523,4054.98,0.53419052,0
1505770274,21798521,4054.98,0.05163760,0
1505770269,21798515,4054.98,0.28749271,0
1505770268,21798514,4058.77,0.13467873,0
1505770263,21798509,4054.98,0.00780000,1
1505770263,21798508,4054.98,0.03068480,1
1505770263,21798507,4054.98,0.06244827,1
1505770262,21798506,4054.98,0.06172840,1
1505770262,21798505,4054.98,0.06000000,1
1505770255,21798491,4058.78,0.00000165,0
1505770255,21798490,4058.78,0.32532517,1
1505770253,21798489,4058.77,0.33465029,0
1505770247,21798486,4052.08,0.06278435,1
1505770216,21798477,4049.00,0.01235000,1
1505770209,21798475,4054.60,0.33465029,1
1505770209,21798474,4058.24,0.06524971,1
1505770207,21798473,4058.45,0.02031713,0
1505770206,21798470,4058.24,0.45751631,1
1505770206,21798469,4054.01,0.05000000,0
1505770206,21798468,4053.97,0.74400000,0
1505770205,21798467,4052.39,0.48249850,0
1505770203,21798466,4049.01,0.17722766,1
1505770194,21798464,4052.39,0.01750150,0
1505770188,21798460,4049.01,0.21018461,1
1505770157,21798450,4053.96,0.92989596,0
1505770157,21798449,4053.96,0.07288650,0
1505770151,21798439,4049.00,0.18815965,1
1505770151,21798438,4049.66,0.00984035,1
1505770096,21798416,4048.63,0.07288650,1
1505770096,21798415,4048.63,0.16300000,1
1505770085,21798412,4049.67,0.83700000,1
1505770085,21798410,4054.45,0.01613700,0
1505770081,21798407,4049.66,0.00760549,0
1505770073,21798406,4049.66,0.00287339,0
1505770067,21798403,4049.66,0.03245011,0
1505770057,21798399,4049.38,0.02406015,1
1505770056,21798398,4049.66,0.80007101,0
1505770056,21798397,4049.38,0.02449039,0
1505770056,21798396,4049.37,0.02055138,0
1505770056,21798395,4049.37,0.11027569,0
1505770056,21798394,4049.37,0.86917293,0
1505770051,21798393,4049.32,0.02537216,1
1505770036,21798388,4044.57,0.05000000,1
1505770032,21798386,4044.86,0.92326656,0
1505770032,21798384,4044.85,2.46710000,0
1505770032,21798383,4044.85,1.00000000,0
1505770028,21798381,4044.86,0.00373344,0
1505770026,21798380,4047.91,0.04925437,0
1505770024,21798378,4044.59,0.06415303,0
1505769980,21798364,4044.58,0.46400000,0
1505769980,21798363,4044.58,0.33300000,0
1505769980,21798362,4044.58,0.13400000,0
1505769979,21798361,4044.58,0.46000000,0
1505769979,21798360,4044.58,0.45900000,0
1505769979,21798358,4044.58,0.46900000,0
1505769975,21798353,4046.60,1.00000000,1
1505769974,21798352,4044.58,0.71794829,0
1505769973,21798351,4044.58,0.28205171,0
1505769971,21798350,4044.58,0.01935924,1
1505769971,21798349,4044.59,0.21704793,1
1505769971,21798347,4050.03,0.01293778,0
1505769970,21798346,4046.24,0.00498385,0
1505769965,21798338,4048.00,0.15631195,1
1505769964,21798335,4048.00,0.02856400,0
1505769963,21798334,4048.00,0.02036953,1
1505769963,21798333,4048.01,0.30204636,1
1505769960,21798330,4051.42,0.14008170,0
1505769960,21798329,4049.18,0.15631195,0
1505769958,21798323,4048.01,0.28674358,0
1505769957,21798322,4048.01,0.02036866,1
1505769957,21798320,4048.01,0.19803640,0
1505769955,21798319,4048.01,0.16629158,1
1505769946,21798315,4051.43,1.70549508,1
1505769937,21798292,4051.44,1.00000000,1
1505769909,21798273,4051.44,3.12304558,1
1505769909,21798272,4051.78,7.90000000,1
1505769908,21798271,4051.78,1.00000000,0
1505769908,21798270,4059.99,0.90000000,1
1505769906,21798269,4061.21,0.07695442,1
1505769906,21798268,4061.21,0.03000000,1
1505769903,21798264,4061.21,0.86304558,1
1505769903,21798263,4061.22,0.13372421,1
1505769885,21798257,4061.66,0.12671488,0
1505769885,21798256,4061.66,0.07328512,0
1505769866,21798238,4061.66,0.30571488,0
1505769861,21798231,4061.21,0.03000000,1
1505769860,21798230,4061.66,0.70000000,0
1505769854,21798227,4061.21,0.97000000,1
1505769849,21798223,4061.21,0.03000000,0
1505769843,21798221,4061.00,0.26000000,0
1505769843,21798220,4060.99,0.03137789,0
1505769843,21798219,4060.99,0.02029695,0
1505769837,21798214,4060.00,0.76400250,1
1505769837,21798213,4059.99,0.23599750,0
1505769835,21798212,4060.00,0.76400250,1
1505769834,21798206,4060.00,0.04600000,0
1505769833,21798205,4060.00,0.18999750,0
1505769831,21798204,4054.75,0.03291200,1
1505769828,21798203,4059.27,0.01796364,0
1505769828,21798202,4059.27,0.00248342,0
1505769816,21798189,4059.02,0.18432266,0
1505769816,21798188,4058.00,0.04600000,0
1505769763,21798173,4057.93,0.00149208,0
1505769736,21798169,4051.43,0.06164750,1
1505769732,21798166,4051.43,0.01082569,1
1505769732,21798165,4055.94,0.00370499,1
1505769730,21798159,4055.94,0.00874011,1
1505769730,21798158,4055.95,0.05359709,1
1505769729,21798157,4055.95,0.01244510,1
1505769729,21798156,4055.95,0.93395781,1
1505769729,21798155,4055.95,0.80617219,1
1505769726,21798145,4055.95,0.07804830,0
1505769697,21798138,4055.06,0.11577951,1
1505769697,21798137,4055.88,0.00326647,1
1505769692,21798136,4057.00,0.19755352,1
1505769687,21798133,4057.00,0.01643616,1
1505769681,21798130,4057.59,0.02031772,0
1505769681,21798129,4057.00,0.07889008,1
1505769680,21798127,4057.00,0.09372197,1
1505769674,21798117,4057.00,0.02684743,1
1505769671,21798108,4057.00,0.38398818,1
1505769670,21798107,4057.00,1.00000000,1
1505769669,21798106,4056.85,0.00329760,0
1505769669,21798105,4056.35,0.02045853,0
1505769669,21798104,4056.24,0.10000000,0
1505769669,21798103,4056.23,0.07880653,0
1505769655,21798092,4051.43,0.01503173,1
1505769649,21798088,4051.43,0.20700000,0
1505769649,21798087,4048.88,0.02455847,1
1505769649,21798086,4048.88,0.06571158,1
1505769649,21798085,4049.78,0.04581730,1
1505769649,21798084,4050.08,0.02035754,1
1505769648,21798083,4050.09,0.07880653,0
1505769647,21798081,4050.09,0.12136815,1
1505769638,21798075,4056.23,0.26348690,0
1505769638,21798074,4056.17,6.92000000,0
1505769636,21798072,4051.63,0.03595590,1
1505769633,21798063,4051.86,0.50000000,1
1505769632,21798062,4051.86,0.11036271,1
1505769632,21798061,4052.00,0.01508566,1
1505769632,21798060,4052.01,0.11994143,1
1505769632,21798059,4052.01,0.09588773,1
1505769629,21798056,4056.22,0.73173086,1
1505769629,21798054,4056.22,0.03000000,1
1505769628,21798052,4056.22,0.05919798,1
1505769628,21798051,4056.18,0.00196985,0
1505769628,21798050,4056.00,0.01850131,0
1505769628,21798049,4056.00,0.04600000,0
1505769626,21798043,4055.56,1.00000000,0
1505769623,21798038,4055.88,0.10040000,0
1505769619,21798027,4055.89,0.87150000,0
1505769618,21798023,4055.56,0.02886939,0
1505769616,21798014,4055.94,0.11542916,1
1505769616,21798012,4055.94,0.01307084,1
1505769616,21798011,4055.92,0.87150000,0
1505769614,21798010,4055.56,1.00000000,1
1505769602,21797977,4054.68,0.39079380,1
1505769602,21797975,4054.68,0.48717768,1
1505769601,21797967,4054.68,0.03000000,0
