date,tid,price,amount,type
1505779177,21805478,0.07269000,0.00004422,0
1505779176,21805476,0.07269000,0.45605578,0
1505779036,21805195,0.07274000,0.45610000,1
1505778820,21804998,0.07274767,1.48918400,1
1505778805,21804989,0.07287997,1.09679173,0
1505778798,21804984,0.07274767,1.09718283,1
1505778748,21804969,0.07287997,4.27276569,0
1505778706,21804931,0.07274767,6.32920700,1
1505778700,21804924,0.07274767,0.94444500,1
1505778617,21804896,0.07274767,1.70349400,1
1505778612,21804890,0.07274767,0.69367700,1
1505778601,21804884,0.07287997,0.19040700,0
1505778580,21804881,0.07274767,0.16390153,1
1505778573,21804880,0.07274767,0.16388158,1
1505778565,21804877,0.07274767,0.16388158,1
1505778555,21804876,0.07274767,0.23906092,1
1505778553,21804875,0.07274767,0.16377180,1
1505778511,21804870,0.07287997,1.09718283,0
1505778510,21804869,0.07274767,0.16373188,1
1505778508,21804868,0.07274767,0.10807342,1
1505778474,21804862,0.07274767,0.20519800,1
1505778333,21804804,0.07277005,0.31454149,1
1505778328,21804803,0.07277005,0.31454149,1
1505778324,21804802,0.07277005,0.39374373,1
1505778207,21804775,0.07289990,2.03210141,0
1505778183,21804769,0.07280000,1.85000000,1
1505778179,21804766,0.07276001,0.35753246,1
1505778161,21804761,0.07276001,0.44837247,1
1505778102,21804652,0.07274699,0.00892006,0
1505778060,21804611,0.07268004,0.10000000,1
1505778059,21804609,0.07274699,0.15877388,0
1505778058,21804607,0.07268000,0.10000000,1
1505778056,21804599,0.07274699,0.10000000,1
1505778053,21804594,0.07274699,3.84939896,0
1505778052,21804592,0.07274699,0.27485100,0
1505778048,21804574,0.07274699,0.51066000,0
1505778043,21804573,0.07274699,3.94768223,0
1505778011,21804527,0.07274699,3.36895000,0
1505778006,21804510,0.07267660,1.30955143,1
1505778005,21804504,0.07261001,0.00004857,0
1505778001,21804495,0.07261002,4.21634194,0
1505778000,21804494,0.07261002,0.15451306,1
1505777997,21804488,0.07272500,0.64791100,0
1505777993,21804479,0.07274699,6.59645421,0
1505777589,21804297,0.07254507,0.85537193,1
1505777574,21804290,0.07270609,1.78811500,0
1505777544,21804279,0.07252013,0.10568377,1
1505777539,21804274,0.07252010,0.12334378,1
1505777533,21804271,0.07252009,0.14376313,1
1505777528,21804268,0.07252009,0.16763156,1
1505777523,21804267,0.07252012,0.19550117,1
1505777519,21804266,0.07252008,0.20013671,1
1505777513,21804264,0.07252009,0.19839851,1
1505777507,21804261,0.07252007,0.29414860,1
1505777410,21804228,0.07252300,0.23999500,1
1505777383,21804214,0.07268300,0.77415159,0
1505777352,21804209,0.07259000,0.20000000,0
1505777352,21804208,0.07256900,0.16393147,0
1505777295,21804192,0.07243267,1.59049159,1
1505777071,21804144,0.07251000,0.20000000,1
1505776977,21804112,0.07255700,0.99995984,0
1505776973,21804111,0.07246000,0.13760500,1
1505776973,21804110,0.07255600,3.98765000,0
1505776874,21804078,0.07243584,0.10000000,1
1505776642,21804019,0.07243010,0.15219000,1
1505776591,21804001,0.07256931,0.44178893,0
1505776585,21803998,0.07262400,0.50000000,1
1505776585,21803997,0.07262800,0.99684695,0
1505776581,21803996,0.07262399,2.77000000,0
1505776581,21803995,0.07254615,0.13826107,0
1505776575,21803994,0.07262400,0.13760000,0
1505776572,21803992,0.07262000,0.20924116,1
1505776511,21803949,0.07257000,0.15232500,0
1505776307,21803856,0.07246503,0.75347500,1
1505776286,21803849,0.07262796,0.91334191,0
1505776243,21803838,0.07246000,0.15233000,0
1505776139,21803800,0.07250000,1.52590195,1
1505776138,21803797,0.07250000,0.18712229,1
1505776138,21803796,0.07250000,6.19446176,0
1505776115,21803784,0.07249997,0.47182800,0
1505776104,21803780,0.07234489,2.00845000,1
1505776051,21803749,0.07249800,0.18712200,1
1505776050,21803748,0.07249800,3.98765000,0
1505776050,21803747,0.07234420,1.10495711,1
1505776043,21803740,0.07248000,0.27077771,0
1505776001,21803694,0.07235000,3.98765000,1
1505776001,21803693,0.07235000,0.15262500,1
1505776001,21803692,0.07243000,0.50801500,1
1505775971,21803684,0.07243000,0.39199000,1
1505775909,21803639,0.07243000,0.99999500,1
1505775901,21803628,0.07249980,0.32601823,0
1505775891,21803615,0.07237005,0.44433010,1
1505775891,21803614,0.07237005,0.31055290,1
1505775885,21803611,0.07237005,2.45944710,1
1505775885,21803610,0.07238001,0.09831290,1
1505775879,21803603,0.07238000,0.27077771,1
1505775873,21803597,0.07237004,1.40474000,1
1505775841,21803571,0.07250000,0.60156600,0
1505775817,21803561,0.07249997,0.23644000,0
1505775607,21803435,0.07249997,1.37923600,0
1505775591,21803400,0.07232003,3.98765000,1
1505775580,21803397,0.07249600,2.42779449,1
1505775578,21803396,0.07248000,0.18607708,1
1505775578,21803395,0.07248000,0.13809300,0
1505775543,21803390,0.07245200,0.28019507,0
1505775541,21803389,0.07245197,1.71980493,0
1505774950,21803118,0.07230000,0.18607708,1
1505774911,21803094,0.07232006,0.19725500,1
1505774901,21803085,0.07233500,0.20000000,1
1505774879,21803054,0.07237015,1.45942707,1
1505774879,21803053,0.07237031,0.14431293,1
1505774877,21803052,0.07237015,0.42318400,1
1505774867,21803049,0.07237013,0.14053463,1
1505774860,21803048,0.07237005,0.01460000,1
1505774860,21803047,0.07238000,0.13800000,1
1505774831,21803041,0.07234011,0.20000000,1
1505774805,21803024,0.07231007,0.10064000,1
1505774777,21803020,0.07244000,0.15250700,0
1505774725,21803011,0.07229078,0.18591439,1
1505774639,21802996,0.07230003,0.07322393,1
1505774638,21802995,0.07229714,0.38117800,0
1505774609,21802982,0.07245999,0.33114300,1
1505774588,21802977,0.07243698,0.29826800,0
1505774535,21802956,0.07238000,0.27612000,0
1505774535,21802955,0.07228000,0.15000000,0
1505774479,21802937,0.07236000,0.15256891,0
1505774477,21802933,0.07256895,2.00000000,0
1505774470,21802930,0.07237000,0.15260000,1
1505774463,21802929,0.07236006,0.50000600,1
1505774457,21802926,0.07235203,0.50000000,0
1505774452,21802923,0.07242001,3.33500500,1
1505774452,21802922,0.07242001,0.39607124,1
1505774451,21802921,0.07242001,0.50000000,1
1505774445,21802919,0.07242001,0.50000000,1
1505774439,21802916,0.07241001,0.02096335,1
1505774439,21802915,0.07241001,0.47903665,1
1505774435,21802911,0.07241001,0.45720000,1
1505774431,21802906,0.07240007,0.49600000,1
1505774425,21802903,0.07240000,0.45720000,1
1505774420,21802898,0.07238004,0.50000000,1
1505774415,21802893,0.07248500,0.23396535,1
1505774415,21802892,0.07248500,0.50000000,1
1505774411,21802888,0.07248500,0.46560476,0
1505774410,21802887,0.07248500,0.49808755,1
1505774401,21802871,0.07248500,3.98765000,0
1505774393,21802860,0.07242000,0.15264000,0
1505774379,21802833,0.07249251,0.20000000,0
1505774379,21802832,0.07242100,3.98765000,0
1505774312,21802748,0.07223900,2.03645200,1
1505774308,21802744,0.07243900,0.49424186,0
1505774305,21802740,0.07227100,1.46737700,1
1505774287,21802727,0.07227200,0.71250100,1
1505774279,21802712,0.07245400,0.20002500,0
1505774255,21802680,0.07229300,3.39433400,1
1505774248,21802664,0.07232700,0.24879400,1
1505774243,21802659,0.07232701,0.59331600,1
1505774144,21802566,0.07249246,0.19117310,0
1505774124,21802541,0.07235001,0.15263000,1
1505774110,21802493,0.07235000,0.15264000,1
1505774105,21802479,0.07249000,0.28033344,0
1505774086,21802458,0.07232003,0.15268000,1
1505774079,21802453,0.07231004,0.15270000,1
1505774078,21802450,0.07249250,0.24100000,0
1505774075,21802441,0.07249250,1.24100000,0
1505774070,21802429,0.07247700,0.67723431,0
1505774065,21802414,0.07247700,0.61899963,0
1505774065,21802413,0.07247000,0.00000500,0
1505774065,21802411,0.07247000,0.45649500,0
1505774039,21802392,0.07241800,3.98764500,0
1505774010,21802354,0.07238600,3.98761663,0
1505774007,21802347,0.07238400,0.63542500,0
1505773938,21802266,0.07230400,3.98765000,1
1505773928,21802251,0.07229700,3.98765000,1
1505773928,21802250,0.07231000,0.45650000,1
1505773804,21802188,0.07246021,1.11605800,0
1505773802,21802187,0.07232411,4.11474700,0
1505773802,21802186,0.07232411,0.26919500,0
1505773381,21802040,0.07232098,0.20000000,0
1505773309,21802010,0.07225700,1.12546398,0
1505773309,21802009,0.07225694,13.71024602,0
1505773297,21802001,0.07225900,6.98421000,1
1505773297,21802000,0.07225900,2.77000000,1
1505773296,21801998,0.07225900,3.98765000,0
1505773278,21801982,0.07208900,3.98765000,1
1505773068,21801901,0.07220796,0.75374000,0
1505773009,21801843,0.07219800,3.98765000,0
1505772860,21801759,0.07214203,0.15196994,0
1505772750,21801658,0.07228300,0.00008358,0
1505772749,21801657,0.07214203,0.99991642,0
1505772710,21801598,0.07215800,0.86551158,1
1505772709,21801597,0.07216129,0.12571558,1
1505772707,21801589,0.07220504,0.00877284,1
1505772630,21801451,0.07222019,2.31720298,0
1505772629,21801450,0.07222022,8.64505002,1
1505772628,21801443,0.07222019,4.66700000,1
1505772593,21801400,0.07234990,0.56565547,0
1505772593,21801399,0.07234000,0.45640000,0
1505772582,21801380,0.07235798,0.33905442,0
1505772569,21801368,0.07220504,0.63999500,1
1505772543,21801348,0.07220504,1.01316600,1
1505772543,21801347,0.07220700,3.98765000,1
1505772474,21801253,0.07238799,0.07435742,0
1505772473,21801252,0.07220322,0.02564258,0
1505772472,21801250,0.07220320,1.24490328,1
1505772472,21801248,0.07220322,0.10000000,0
1505772470,21801246,0.07220320,0.51495200,1
1505772466,21801230,0.07220324,1.15325850,1
1505772450,21801197,0.07224190,2.78077911,0
1505772449,21801192,0.07224191,0.21921589,1
1505772384,21801054,0.07224148,0.23329000,1
1505772382,21801053,0.07240100,1.10495711,0
1505772344,21800908,0.07224131,1.10503357,1
1505772330,21800812,0.07241093,3.53125000,0
1505772325,21800789,0.07224123,0.27926100,1
1505772315,21800717,0.07239589,0.45640000,0
1505772314,21800712,0.07224120,0.23279000,1
1505772288,21800621,0.07239596,1.10503357,0
1505772274,21800553,0.07231019,2.25442000,0
1505772273,21800551,0.07232000,0.45640000,1
1505772264,21800499,0.07231012,11.76833763,1
1505772238,21800428,0.07233004,3.96783832,1
1505772238,21800427,0.07233005,0.82619568,1
1505772235,21800416,0.07233007,0.44600200,1
1505772006,21800144,0.07234016,0.07996600,0
1505771825,21800084,0.07250000,0.99985000,0
1505771825,21800083,0.07238300,3.98765000,0
1505771814,21800079,0.07237700,3.98765000,0
1505771735,21800048,0.07221022,0.00005427,0
1505771734,21800047,0.07221022,0.19994573,0
1505771708,21800033,0.07233896,1.43186500,0
1505771660,21800008,0.07219011,1.10539942,1
1505771656,21800007,0.07237200,1.10539942,0
1505771651,21800004,0.07218200,1.10562933,1
1505771641,21799995,0.07235698,1.10562933,0
1505771640,21799994,0.07219000,3.98743074,1
1505771640,21799993,0.07221000,0.00010037,1
1505771639,21799989,0.07221000,2.31269963,1
1505771638,21799984,0.07221000,0.45720000,0
1505771637,21799979,0.07217000,3.98765000,1
1505771636,21799972,0.07221001,1.10539850,0
1505771630,21799967,0.07235698,1.10539850,0
1505771496,21799902,0.07228000,0.39717764,0
1505771495,21799899,0.07228000,3.29255672,0
1505771418,21799846,0.07223400,1.00219600,0
1505771305,21799787,0.07214200,3.45191500,1
1505771289,21799765,0.07217800,3.98765000,1
1505771273,21799730,0.07235095,0.23231955,0
1505771266,21799729,0.07216900,2.88225150,1
1505771265,21799725,0.07216900,1.10539850,1
1505771188,21799697,0.07227798,2.77000000,0
1505771174,21799692,0.07227800,3.98765000,0
1505771159,21799687,0.07225200,3.05920500,0
1505771145,21799682,0.07224000,3.61700000,0
1505771110,21799671,0.07218800,0.17294600,0
1505771093,21799661,0.07219400,0.64839850,0
1505771093,21799660,0.07219000,0.45700000,0
1505771010,21799565,0.07200032,1.10803324,1
1505770951,21799524,0.07220000,0.81803324,1
1505770951,21799523,0.07217000,0.29000000,0
1505770938,21799519,0.07201700,0.08146200,0
1505770924,21799512,0.07203399,0.62146850,0
1505770924,21799511,0.07203398,0.39088150,0
1505770923,21799508,0.07201100,3.98765000,0
1505770909,21799465,0.07185758,1.11086440,1
1505770889,21799459,0.07200400,1.11086440,0
1505770867,21799442,0.07185704,1.10849383,1
1505770789,21799349,0.07200000,0.07083888,1
1505770778,21799336,0.07200000,0.20655000,1
1505770765,21799321,0.07215999,1.10849383,0
1505770746,21799307,0.07216600,0.52016931,0
1505770605,21799085,0.07209999,1.62435075,0
1505770601,21799073,0.07190000,1.10972457,1
1505770599,21799068,0.07208985,1.42978321,1
1505770598,21799061,0.07190000,2.69944076,0
1505770565,21798974,0.07208996,1.10972457,1
1505770500,21798858,0.07208196,0.17794113,0
1505770491,21798822,0.07208199,0.64332414,0
1505770483,21798807,0.07208197,5.01484244,0
1505770481,21798796,0.07208200,1.24662683,0
1505770452,21798758,0.07195600,2.59685200,1
1505770449,21798751,0.07195600,1.39079800,1
1505770444,21798735,0.07198200,0.23765000,0
1505770444,21798734,0.07194000,0.21935000,0
1505770443,21798733,0.07198200,0.23765000,1
1505770443,21798732,0.07198200,2.75000000,1
1505770443,21798730,0.07198200,1.00000000,1
1505770442,21798722,0.07198203,0.28156700,1
1505770425,21798654,0.07202300,3.98755551,1
1505770423,21798650,0.07202800,2.43025400,1
1505770421,21798644,0.07202800,1.55739600,1
1505770339,21798562,0.07216997,4.18939500,0
1505770331,21798556,0.07200000,0.29000000,1
1505770331,21798555,0.07200000,6.51863888,1
1505770330,21798554,0.07200023,6.97704700,1
1505770259,21798497,0.07202003,0.59308800,0
1505770256,21798492,0.07202003,4.52052200,1
1505770226,21798479,0.07200803,0.17876500,1
1505770202,21798465,0.07216900,0.96752664,0
1505770155,21798443,0.07208600,3.98764968,0
1505770155,21798442,0.07206645,0.20000000,0
1505770155,21798441,0.07205000,0.29003032,0
1505770155,21798440,0.07204987,4.56579000,0
1505770136,21798437,0.07202687,1.15331000,0
1505770128,21798436,0.07202700,2.83434000,0
1505770092,21798414,0.07197600,0.85610067,0
1505770092,21798413,0.07192995,0.07746633,0
1505769968,21798342,0.07191800,3.98761279,0
1505769959,21798327,0.07190800,1.67517300,0
1505769959,21798325,0.07190800,2.31247700,0
1505769835,21798211,0.07186800,1.72884251,0
1505769835,21798210,0.07186799,4.34385582,0
1505769835,21798209,0.07186756,0.24808815,0
1505769835,21798208,0.07186756,2.75403050,0
1505769835,21798207,0.07186753,14.36398602,0
1505769727,21798147,0.07173252,1.08810300,1
1505769678,21798123,0.07192951,0.10000000,0
1505769677,21798121,0.07173248,1.30654859,0
1505769673,21798116,0.07173247,0.37427312,1
1505769672,21798112,0.07173246,2.89421800,0
1505769672,21798109,0.07173249,2.45920500,1
1505769664,21798099,0.07192966,0.11302200,0
1505769661,21798098,0.07192967,0.13176700,0
1505769659,21798096,0.07192968,0.15370500,0
1505769657,21798095,0.07192969,0.17925300,0
1505769653,21798090,0.07192968,0.20910600,0
1505769650,21798089,0.07192969,0.24395700,0
1505769647,21798082,0.07192970,0.28450100,0
1505769646,21798080,0.07192976,0.33184800,0
1505769644,21798079,0.07192977,0.38711000,0
1505769640,21798077,0.07192980,0.45153500,0
1505769638,21798073,0.07192979,0.50000000,0
1505769636,21798071,0.07192979,0.50000000,0
1505769634,21798064,0.07192980,0.50000000,0
1505769631,21798058,0.07192978,0.50000000,0
1505769629,21798055,0.07173211,0.82529600,1
1505769629,21798053,0.07192981,0.50000000,0
1505769626,21798046,0.07192982,0.50000000,0
1505769624,21798039,0.07192983,0.50000000,0
1505769621,21798036,0.07192984,0.50000000,0
1505769619,21798026,0.07192985,0.50000000,0
1505769616,21798013,0.07192986,0.50000000,0
1505769614,21798009,0.07192993,0.50000000,0
1505769610,21798000,0.07192993,0.05403816,0
1505769610,21797999,0.07192993,0.44596184,0
1505769608,21797992,0.07192993,0.37010900,0
1505769605,21797981,0.07192994,0.50000000,0
1505769601,21797970,0.07192995,0.22252867,0
1505769601,21797968,0.07192995,0.27747133,0
1505769598,21797961,0.07192992,0.50000000,0
1505769596,21797960,0.07192993,0.50000000,0
1505769593,21797959,0.07193000,0.50000000,0
1505769591,21797955,0.07193197,0.50000000,0
1505769589,21797951,0.07193197,0.50000000,0
1505769587,21797947,0.07193198,0.50000000,0
1505769584,21797944,0.07193198,0.50000000,0
1505769582,21797942,0.07193200,0.50000000,0
1505769580,21797939,0.07193514,0.50000000,0
1505769577,21797935,0.07193520,0.50000000,0
1505769575,21797934,0.07193521,0.50000000,0
1505769572,21797928,0.07193523,0.50000000,0
1505769570,21797926,0.07193524,0.50000000,0
1505769567,21797925,0.07193525,0.50000000,0
1505769565,21797921,0.07193526,0.50000000,0
1505769560,21797913,0.07193532,0.50000000,0
1505769558,21797908,0.07193534,0.50000000,0
1505769555,21797901,0.07193536,0.50000000,0
1505769550,21797891,0.07193539,0.24639255,0
1505769550,21797890,0.07173500,0.25360745,0
1505769548,21797876,0.07193539,0.50000000,0
1505769548,21797872,0.07173500,0.67956500,1
1505769545,21797864,0.07193541,0.50000000,0
1505769545,21797857,0.07173500,1.76757300,1
1505769543,21797843,0.07193542,0.50000000,0
1505769538,21797829,0.07193544,0.50000000,0
1505769535,21797824,0.07193546,0.50000000,0
1505769533,21797818,0.07193547,0.50000000,0
1505769529,21797812,0.07193545,0.50000000,0
1505769521,21797804,0.07173800,3.71017867,1
1505769520,21797802,0.07177000,0.27747133,1
1505769515,21797796,0.07180334,0.19992107,1
1505769498,21797779,0.07177117,4.55761300,1
1505769498,21797778,0.07177117,1.33000000,1
1505769498,21797777,0.07177117,1.42000000,1
1505769498,21797776,0.07180334,0.20000000,1
1505769494,21797768,0.07177117,0.08547623,0
1505769494,21797766,0.07177123,6.90684277,1
1505769493,21797764,0.07177117,1.42000000,0
1505769493,21797763,0.07177117,1.33000000,1
1505769491,21797760,0.07177112,1.33452400,1
1505769484,21797755,0.07180334,0.20000000,1
1505769450,21797744,0.07177000,4.72252867,1
1505769450,21797743,0.07180334,0.20000000,1
1505769450,21797742,0.07182552,1.45747633,1
1505769299,21797664,0.07200242,0.20000000,0
1505769225,21797608,0.07184426,2.00000000,1
1505769198,21797560,0.07203893,9.25510882,1
1505769198,21797559,0.07203893,3.19966118,0
1505769194,21797555,0.07196402,2.75000000,1
1505769194,21797553,0.07196396,3.98765000,1
1505769193,21797550,0.07196400,3.98765000,1
1505769192,21797547,0.07196396,0.12966692,1
1505769192,21797546,0.07196399,2.62033308,1
1505769192,21797544,0.07193104,0.12966692,0
1505769183,21797525,0.07180408,0.50000000,1
1505769125,21797505,0.07193104,0.31811737,0
1505769070,21797481,0.07193104,0.08344571,0
1505769068,21797477,0.07193117,0.08344555,0
1505769061,21797471,0.07193152,2.26961000,0
1505769022,21797424,0.07177016,1.01235000,0
1505769022,21797423,0.07187200,3.98765000,0
1505769018,21797421,0.07187400,1.61909300,1
1505769018,21797420,0.07188000,0.29000000,1
1505769017,21797417,0.07190000,1.40909318,1
1505769017,21797416,0.07190000,0.50000000,1
1505768976,21797389,0.07203893,0.50000000,0
1505768972,21797386,0.07203899,0.40004500,0
1505768970,21797382,0.07203900,0.26558300,0
1505768966,21797376,0.07203900,0.50000000,0
1505768949,21797338,0.07191500,0.00300324,1
1505768949,21797337,0.07192887,0.11004576,1
1505768949,21797335,0.07192887,0.08995424,1
1505768949,21797334,0.07192985,0.11004576,1
1505768949,21797333,0.07192985,0.29000000,1
1505768899,21797269,0.07208852,0.20000000,0
1505768746,21797197,0.07200001,1.00000000,1
1505768677,21797165,0.07209000,0.25241935,1
1505768590,21797119,0.07209015,2.75000000,1
1505768544,21797094,0.07212900,1.10786445,1
1505768381,21797006,0.07230594,5.14588880,0
1505768309,21796988,0.07234799,0.24000000,0
1505768308,21796987,0.07230896,0.42000000,0
1505768307,21796986,0.07230896,0.20000000,0
1505768298,21796983,0.07230893,0.20000000,1
1505768291,21796975,0.07230896,0.20000000,0
1505768286,21796974,0.07230896,0.20000000,0
1505768286,21796973,0.07230893,0.20344406,0
1505768274,21796965,0.07224500,9.52837153,1
1505768273,21796964,0.07224500,2.59756600,1
1505768250,21796933,0.07224500,6.42205887,1
1505768250,21796932,0.07227000,0.33955113,1
1505768237,21796930,0.07234400,0.20000000,0
1505768229,21796928,0.07234400,0.09994067,1
1505768162,21796883,0.07236502,0.50701473,0
1505768144,21796876,0.07236502,0.40230400,1
1505768143,21796875,0.07242739,0.20000000,0
1505767967,21796808,0.07243069,0.59366008,1
1505767920,21796779,0.07255350,0.56159592,0
1505767844,21796733,0.07255783,2.75000000,0
1505767843,21796732,0.07255785,2.75000000,1
1505767823,21796719,0.07255782,0.19911300,0
1505767667,21796618,0.07270108,1.37220204,0
1505767550,21796552,0.07260000,0.19911300,0
1505767358,21796459,0.07259987,1.80053953,0
1505767355,21796455,0.07260000,0.28696968,0
1505767269,21796436,0.07261987,0.30000000,0
1505767006,21796287,0.07265103,2.15162439,1
1505766996,21796279,0.07268700,0.71921500,1
1505766996,21796278,0.07269000,0.28700000,1
1505766988,21796266,0.07269100,3.00000000,1
1505766971,21796225,0.07286397,6.64736957,0
1505766919,21796151,0.07273400,3.35189902,1
1505766919,21796149,0.07273804,6.43510098,1
1505766907,21796134,0.07273815,3.98765000,1
1505766632,21795902,0.07285000,0.19911300,1
1505766629,21795899,0.07283600,0.13314200,1
1505766629,21795898,0.07283600,1.11000000,1
1505766618,21795895,0.07280806,0.49320000,1
1505766570,21795883,0.07305940,1.04721082,0
1505766566,21795873,0.07286500,3.98765000,0
1505766566,21795872,0.07284000,0.28600000,0
1505766465,21795782,0.07279976,6.81000000,0
1505766181,21795640,0.07271880,1.00000000,0
1505766001,21795563,0.07267700,0.35000000,0
1505765971,21795549,0.07265883,0.28600000,0
1505765971,21795548,0.07265883,0.99991604,0
1505765949,21795531,0.07260200,1.37701000,0
1505765949,21795530,0.07260199,2.75000000,0
1505765948,21795529,0.07254501,5.14745260,1
1505765790,21795473,0.07260200,1.85999000,0
1505765788,21795472,0.07260200,1.92300000,0
1505765788,21795471,0.07260199,2.75000000,0
1505765767,21795453,0.07266500,0.29430100,0
1505765765,21795448,0.07269697,2.88341781,0
1505765765,21795447,0.07261303,0.27401419,0
1505765733,21795435,0.07262000,0.21517763,1
1505765723,21795425,0.07262000,4.94482237,1
1505765722,21795423,0.07265000,0.09883960,1
1505765721,21795420,0.07265000,0.18716040,1
1505765701,21795412,0.07265003,13.01809100,1
1505765610,21795349,0.07267978,1.44589477,1
1505765509,21795249,0.07271700,0.18624034,1
1505765460,21795227,0.07288800,0.22606500,0
1505765425,21795194,0.07284500,0.11870000,0
1505765424,21795193,0.07284000,0.45230000,0
1505765405,21795174,0.07278800,3.98765000,0
1505765399,21795167,0.07285997,2.91950216,0
1505765399,21795166,0.07273000,5.16500000,0
1505765364,21795146,0.07277997,3.98765000,0
1505765292,21795102,0.07275103,0.29723253,0
1505765292,21795101,0.07275000,2.30341247,0
1505765174,21795042,0.07264100,0.68139766,0
1505765173,21795040,0.07264100,3.98765000,1
1505765078,21794994,0.07281292,0.25400000,0
1505765059,21794987,0.07265808,1.10845001,1
1505765046,21794980,0.07268000,0.45230000,1
1505764918,21794914,0.07271007,11.25000000,1
1505764916,21794913,0.07272509,2.75000000,1
1505764909,21794911,0.07272512,5.25000000,1
1505764896,21794893,0.07286963,0.75847000,0
1505764894,21794890,0.07286964,0.75847000,0
1505764853,21794834,0.07286980,0.37120765,0
1505764781,21794785,0.07286000,0.28600000,0
1505764681,21794717,0.07278936,3.23612000,0
1505764669,21794709,0.07276001,0.13285006,0
1505764668,21794708,0.07275000,0.45200000,0
1505764656,21794704,0.07277000,0.36563300,0
1505764551,21794606,0.07260041,7.64079600,1
1505764551,21794605,0.07261000,0.45200000,1
1505764547,21794591,0.07260027,0.67999500,1
1505764543,21794578,0.07260003,3.57845000,1
1505764512,21794526,0.07272000,0.95754950,0
1505764503,21794513,0.07271899,1.76007700,0
1505764335,21794390,0.07259004,0.13743968,1
1505764332,21794386,0.07260003,0.56273600,1
1505764318,21794379,0.07270174,0.08260000,0
1505764081,21794199,0.07260000,0.08274000,0
1505763919,21794128,0.07253000,0.29796914,1
1505763862,21794105,0.07253000,0.08011718,1
1505763783,21794063,0.07264000,0.09871304,0
1505763783,21794062,0.07260000,0.00000500,0
1505763781,21794061,0.07259000,0.22618596,0
1505763732,21794036,0.07254107,0.37808616,1
1505763718,21794033,0.07254104,2.75000000,1
1505763708,21794024,0.07259890,0.00399566,1
1505763707,21794019,0.07259890,0.33664934,1
1505763608,21793959,0.07260000,0.24399500,0
1505763569,21793935,0.07259890,1.80702800,1
1505763524,21793911,0.07259890,0.39620000,1
1505763488,21793873,0.07259890,2.62112700,1
1505763485,21793857,0.07259893,0.37400000,1
1505763443,21793823,0.07275375,3.92048900,0
1505763443,21793822,0.07275372,4.57951100,0
1505763396,21793756,0.07260600,0.54448100,1
1505763395,21793755,0.07260600,1.51682000,1
1505763395,21793754,0.07262000,0.28600000,1
1505763395,21793753,0.07262000,0.12400000,1
1505763394,21793752,0.07262003,0.97951100,1
1505763348,21793718,0.07265500,1.22600000,0
1505763337,21793700,0.07264000,0.08274000,0
1505763218,21793630,0.07260000,0.16946010,0
1505763218,21793629,0.07260000,0.18632022,0
1505763000,21793453,0.07250300,3.98765000,1
1505762821,21793354,0.07264300,1.00000000,0
1505762775,21793340,0.07249100,0.30706000,1
1505762773,21793337,0.07250000,0.45210000,1
1505762736,21793318,0.07260799,2.75000000,0
1505762711,21793302,0.07260700,3.98765000,0
1505762641,21793210,0.07248103,3.60000000,1
1505762602,21793187,0.07264000,3.98765000,0
1505762571,21793159,0.07261243,4.84628150,0
1505762523,21793119,0.07260300,3.81279900,0
1505762360,21792959,0.07257799,0.94771805,0
1505762342,21792955,0.07257799,0.34841251,0
1505762164,21792871,0.07257799,0.12934439,0
1505762094,21792818,0.07254000,2.11299600,0
1505761970,21792727,0.07242246,1.82171000,1
1505761913,21792680,0.07247031,2.75000000,1
1505761814,21792581,0.07251800,3.98765000,1
1505761814,21792580,0.07252504,0.11043373,1
1505761707,21792522,0.07270000,0.30660161,1
1505761707,21792520,0.07270000,0.14273961,0
1505761707,21792519,0.07270000,0.14409839,0
1505761706,21792518,0.07270000,0.30660161,0
1505761690,21792502,0.07272000,0.14141344,0
1505761664,21792488,0.07262500,0.30000000,1
1505761655,21792486,0.07263500,0.07435219,1
1505761655,21792485,0.07263501,0.21976381,1
1505761420,21792260,0.07283401,0.19089094,1
1505761416,21792257,0.07283400,3.34653000,1
1505761416,21792255,0.07284000,0.45070000,1
1505761406,21792245,0.07285400,3.98765000,1
1505761405,21792242,0.07285401,1.16515161,1
1505761390,21792209,0.07299794,2.04993264,0
1505761388,21792201,0.07299795,0.31226400,0
1505761385,21792190,0.07290000,0.28415305,1
1505761384,21792189,0.07299000,0.00007192,1
1505761346,21792135,0.07299000,0.67492808,1
1505761164,21791936,0.07289800,3.72525600,0
1505761164,21791935,0.07279782,0.27474400,0
1505761080,21791866,0.07294540,1.00000000,0
1505761079,21791865,0.07294544,15.53608493,0
1505761079,21791864,0.07294543,9.93299563,0
1505761079,21791863,0.07294541,4.53091944,0
1505760858,21791780,0.07282800,3.85597042,1
1505760858,21791779,0.07282801,0.13160305,1
1505760853,21791753,0.07282804,14.76238800,1
1505760852,21791751,0.07282805,1.32528200,1
1505760843,21791728,0.07299992,0.35124099,0
1505760832,21791723,0.07299993,0.34834279,0
1505760812,21791718,0.07291001,0.31984900,1
1505760805,21791715,0.07299997,2.76099000,1
1505760801,21791713,0.07300000,0.76084000,0
1505760797,21791708,0.07295100,3.98765000,0
1505760796,21791707,0.07294000,0.45000000,1
1505760796,21791706,0.07293000,0.65486400,0
1505760796,21791705,0.07293000,0.28499500,0
1505760795,21791702,0.07293000,1.36014100,0
1505760795,21791701,0.07293000,0.44486900,0
1505760794,21791696,0.07294000,2.30513100,1
1505760793,21791693,0.07293000,0.00000500,0
1505760791,21791690,0.07293000,0.28499500,0
1505760606,21791619,0.07282603,1.85483800,1
1505760542,21791595,0.07298482,3.26065200,1
1505760538,21791592,0.07298498,0.40323550,0
1505760538,21791591,0.07298494,0.08870711,0
1505760514,21791529,0.07299997,7.81000000,0
1505760480,21791491,0.07287900,0.17270900,1
1505760469,21791485,0.07287901,0.17270908,0
1505760438,21791465,0.07306354,0.18359914,0
1505760288,21791380,0.07304981,0.18444626,0
1505760265,21791365,0.07304996,1.55513835,0
1505760190,21791340,0.07304297,0.18446353,0
1505760151,21791326,0.07300000,1.00000000,0
1505759999,21791258,0.07296100,3.29174800,1
1505759998,21791257,0.07296132,1.69514332,0
1505759998,21791255,0.07296129,2.75000000,1
1505759880,21791171,0.07312697,0.40500000,0
1505759863,21791161,0.07309500,3.04644640,0
1505759828,21791141,0.07306100,3.98765000,0
1505759800,21791063,0.07292034,1.90000000,1
1505759734,21791004,0.07292007,5.00000000,1
1505759724,21791001,0.07299413,1.50300000,1
1505759651,21790961,0.07295100,2.30232610,1
1505759651,21790960,0.07299413,2.75000000,1
1505759650,21790959,0.07299414,0.08870711,1
1505759595,21790938,0.07303100,1.23091000,1
1505759595,21790937,0.07304000,0.28500000,1
1505759380,21790811,0.07317900,3.63551229,0
1505759379,21790810,0.07317899,0.35213771,0
1505759340,21790788,0.07316251,1.00000000,0
1505759191,21790709,0.07312795,0.53041279,0
1505759187,21790700,0.07312795,3.96373100,0
1505759176,21790691,0.07312786,0.58665532,0
1505759156,21790683,0.07312792,0.81843392,0
1505759116,21790655,0.07298039,0.37938400,1
1505759083,21790595,0.07315441,0.31759657,0
1505759079,21790594,0.07299057,0.38053578,1
1505758947,21790500,0.07305656,7.75219423,1
1505758905,21790453,0.07327568,0.65000000,0
1505758905,21790452,0.07327000,0.20000000,0
1505758856,21790372,0.07324997,1.94839590,0
1505758825,21790310,0.07327297,0.13613560,0
1505758815,21790302,0.07316400,3.98765000,1
1505758808,21790299,0.07324500,3.98765000,1
1505758798,21790278,0.07329400,51.22221635,1
1505758798,21790277,0.07329400,1.26441200,1
1505758787,21790272,0.07329400,6.81309400,1
1505758777,21790260,0.07329400,4.68763000,1
1505758774,21790255,0.07329400,0.72260000,1
1505758759,21790237,0.07329400,29.71191600,1
1505758755,21790235,0.07329400,2.47898246,1
1505758755,21790234,0.07329401,0.36148197,1
1505758732,21790192,0.07329400,2.81687131,1
1505758731,21790191,0.07329401,0.41374969,1
1505758699,21790182,0.07329401,0.35718198,1
1505758696,21790176,0.07329401,0.10000000,1
1505758678,21790163,0.07329400,0.28227788,1
1505758668,21790154,0.07329403,2.94833000,0
1505758657,21790132,0.07339399,0.13591113,1
1505758649,21790118,0.07331100,3.98765000,1
1505758631,21790104,0.07339400,1.18460070,1
1505758630,21790103,0.07339400,2.80304930,1
1505758628,21790099,0.07329401,0.47559939,1
1505758626,21790094,0.07348791,0.00000001,1
1505758624,21790093,0.07348791,2.41957100,1
1505758624,21790092,0.07348791,2.29974000,1
1505758622,21790090,0.07348790,2.75000000,0
1505758622,21790088,0.07348789,1.65433899,0
1505758621,21790087,0.07348777,18.69335000,0
1505758621,21790086,0.07348776,72.18300000,0
1505758597,21790035,0.07336000,0.58308343,1
1505758554,21789983,0.07336000,0.20000000,1
1505758542,21789973,0.07349799,32.40863552,0
1505758542,21789970,0.07349798,0.92154103,0
1505758540,21789966,0.07340372,1.22358900,1
1505758540,21789965,0.07340372,4.81637321,0
1505758529,21789952,0.07340387,4.56850200,0
1505758528,21789948,0.07335007,2.75000000,1
1505758527,21789943,0.07335007,0.72999500,1
1505758524,21789936,0.07340401,0.13856500,0
1505758514,21789925,0.07341385,0.02990829,1
1505758513,21789922,0.07341385,0.13856490,1
1505758512,21789921,0.07337800,3.98765000,0
1505758508,21789912,0.07335900,0.91890110,1
1505758508,21789911,0.07335900,0.49760007,0
1505758508,21789910,0.07335900,2.29633720,0
1505758506,21789909,0.07334000,0.13624628,0
1505758502,21789905,0.07334984,10.26634913,0
1505758500,21789902,0.07334999,2.93018400,0
1505758483,21789888,0.07335308,1.11310173,0
1505758440,21789855,0.07335519,3.00000000,0
1505758424,21789851,0.07318698,0.18435000,1
1505758397,21789838,0.07324003,0.24237000,1
1505758383,21789786,0.07324001,0.73117500,1
1505758379,21789781,0.07324001,0.68527100,1
1505758378,21789778,0.07324001,0.14751400,1
1505758361,21789763,0.07332600,3.69577204,1
1505758355,21789750,0.07335900,1.09364300,1
1505758355,21789749,0.07335900,2.79400700,1
1505758350,21789737,0.07332703,0.10000000,0
1505758336,21789728,0.07352726,0.13566479,1
1505758322,21789714,0.07334800,0.75534200,1
1505758299,21789700,0.07336500,1.36041800,1
1505758286,21789689,0.07352997,3.13322037,0
1505758285,21789688,0.07333000,0.49069900,1
1505758270,21789671,0.07333600,1.22535000,1
1505758214,21789626,0.07335040,0.10000000,1
1505758202,21789618,0.07335037,2.02881100,1
1505758198,21789613,0.07335037,1.44273300,1
1505758190,21789601,0.07335035,1.55433868,1
1505758189,21789598,0.07335034,12.10320000,1
1505758186,21789595,0.07335030,2.91475832,1
1505758186,21789594,0.07335033,1.55433868,1
1505758169,21789568,0.07335006,1.42825900,1
1505758169,21789566,0.07336000,0.12730000,1
1505758168,21789555,0.07335002,0.92280200,1
1505758163,21789544,0.07348935,0.13573477,0
1505758150,21789534,0.07333008,0.10000000,1
1505758137,21789523,0.07348993,0.13573370,0
1505758102,21789491,0.07328800,0.10000000,1
1505758055,21789458,0.07336000,3.98765000,0
1505758047,21789455,0.07329286,2.75000000,0
1505758007,21789423,0.07329291,0.13609857,0
1505757995,21789413,0.07329295,1.00255000,0
1505757991,21789407,0.07311620,0.10000000,0
1505757984,21789398,0.07319000,0.20962620,0
1505757963,21789348,0.07320000,0.23012752,0
1505757914,21789296,0.07319960,0.13627206,0
1505757869,21789267,0.07306010,0.10000000,1
1505757856,21789221,0.07306007,1.28228800,1
1505757855,21789214,0.07306007,2.30858500,1
1505757854,21789202,0.07306007,0.83363300,1
1505757854,21789201,0.07307000,0.44870000,1
1505757844,21789170,0.07329973,1.28233292,1
1505757843,21789165,0.07320000,1.26986708,1
1505757842,21789162,0.07320000,0.44780000,0
1505757838,21789156,0.07306003,8.05281104,1
1505757838,21789155,0.07306004,2.75000000,1
1505757838,21789154,0.07306004,0.26973296,1
1505757836,21789151,0.07306003,0.55002392,1
1505757836,21789150,0.07307000,0.44780000,1
1505757836,21789149,0.07329985,0.27217108,1
1505757834,21789148,0.07320996,0.00000029,0
1505757830,21789145,0.07320996,1.22324071,0
1505757830,21789144,0.07320994,2.75000000,0
1505757830,21789143,0.07320000,0.31094029,0
1505757817,21789123,0.07320995,3.02949861,0
1505757798,21789087,0.07303654,0.20000000,0
1505757789,21789066,0.07315996,0.27000000,0
1505757771,21789039,0.07315999,0.81683121,0
1505757771,21789038,0.07315999,4.17198479,0
1505757752,21788973,0.07316999,0.13632720,0
1505757745,21788953,0.07303566,0.26131900,1
1505757745,21788951,0.07303566,13.95320198,1
1505757745,21788949,0.07303569,3.98265702,1
1505757743,21788938,0.07303547,10.63701400,1
1505757733,21788896,0.07309377,1.55231900,0
1505757732,21788890,0.07309377,1.06223600,0
1505757730,21788885,0.07309377,0.74369855,0
1505757729,21788879,0.07309377,3.74607400,0
1505757725,21788863,0.07294038,0.10000000,1
1505757723,21788858,0.07309377,6.63203155,1
1505757723,21788857,0.07309377,0.15450824,1
1505757722,21788853,0.07309377,1.83525600,1
1505757721,21788848,0.07309377,8.64685200,1
1505757719,21788840,0.07309377,7.73135221,1
1505757717,21788838,0.07309404,0.31778800,0
1505757716,21788835,0.07309404,1.28955272,1
1505757716,21788834,0.07311504,0.22779026,1
1505757716,21788831,0.07311504,2.52220974,0
1505757715,21788828,0.07309404,1.46044728,1
1505757715,21788827,0.07311500,3.98765000,0
1505757715,21788826,0.07309404,9.14300000,1
1505757714,21788825,0.07311505,2.75000000,1
1505757714,21788824,0.07311508,10.48132900,1
1505757685,21788752,0.07326000,0.13615971,0
1505757685,21788750,0.07309383,0.19024600,1
1505757649,21788624,0.07309375,1.12591800,1
1505757643,21788613,0.07309368,0.14989438,1
1505757643,21788609,0.07311600,0.00010062,1
1505757640,21788600,0.07311600,3.98754938,1
1505757630,21788587,0.07325931,0.99708406,0
1505757616,21788565,0.07309371,0.10000000,1
1505757610,21788561,0.07309364,1.80773400,1
1505757602,21788542,0.07326798,0.00010041,0
1505757602,21788541,0.07326798,1.04613187,1
1505757601,21788537,0.07322097,0.09000000,0
1505757601,21788536,0.07322097,0.86376772,0
1505757588,21788522,0.07309332,0.55999500,1
1505757574,21788513,0.07309315,0.65999500,0
1505757569,21788501,0.07322097,0.13623228,0
1505757542,21788482,0.07322065,9.67979000,0
1505757534,21788476,0.07322084,0.32127465,0
1505757519,21788459,0.07309310,0.10000000,1
1505757459,21788407,0.07322020,0.13623366,0
1505757393,21788361,0.07308000,5.55390000,0
1505757393,21788360,0.07309000,0.44710000,1
1505757360,21788322,0.07307010,4.00000000,1
1505757322,21788305,0.07318100,3.98755252,0
1505757312,21788302,0.07302023,0.10640694,1
1505757310,21788300,0.07318100,3.98765000,0
1505757310,21788299,0.07310000,0.12380000,0
1505757266,21788239,0.07307799,3.98764900,0
1505757249,21788214,0.07288014,0.10000000,1
1505757245,21788211,0.07309999,3.17023743,0
1505757245,21788210,0.07306000,3.98765000,0
1505757245,21788208,0.07300000,2.98744857,0
1505757243,21788203,0.07300000,3.98765000,0
1505757237,21788194,0.07300000,0.28241095,0
1505757216,21788156,0.07300000,10.60592500,0
1505757199,21788126,0.07300000,1.37369748,0
1505757188,21788108,0.07300000,7.75609000,0
1505757185,21788102,0.07297899,1.71519000,0
1505757177,21788090,0.07300000,13.44646400,0
1505757175,21788085,0.07300000,59.56031400,0
1505757175,21788084,0.07297900,3.98765000,0
1505757164,21788066,0.07293365,1.10965300,0
1505757156,21788057,0.07293392,3.88982686,0
1505757111,21787965,0.07289986,2.45122300,0
1505757111,21787964,0.07289000,0.16257800,0
1505757106,21787960,0.07289987,7.47226000,0
1505757102,21787954,0.07289997,2.75000000,1
1505757088,21787943,0.07286999,2.46650400,0
1505757085,21787935,0.07287000,0.13774000,0
1505757082,21787928,0.07274000,0.30031800,1
1505757076,21787918,0.07273003,0.21742300,0
1505757064,21787894,0.07289400,0.03585418,0
1505757064,21787890,0.07287984,0.15951682,1
1505757032,21787833,0.07281800,0.21040300,0
1505757014,21787808,0.07281800,3.98765000,0
1505757013,21787807,0.07281000,0.44860000,0
1505757013,21787805,0.07266246,4.00192673,1
1505757011,21787800,0.07266245,0.40921500,1
1505756988,21787777,0.07270116,2.32500000,0
1505756977,21787766,0.07270106,3.72842927,0
1505756974,21787761,0.07270100,3.98753828,1
1505756959,21787748,0.07285795,0.00010945,1
1505756959,21787747,0.07285790,0.78879847,0
1505756941,21787734,0.07281100,0.00000500,0
1505756806,21787616,0.07281100,0.55139500,0
1505756795,21787610,0.07277901,0.19101131,1
1505756790,21787598,0.07277900,0.18894796,1
1505756790,21787597,0.07277900,3.00000000,1
1505756783,21787594,0.07282000,0.44860000,1
1505756775,21787580,0.07281100,0.91114469,1
1505756775,21787578,0.07281101,0.91125440,1
1505756582,21787417,0.07295790,1.20000000,0
1505756524,21787375,0.07279400,2.40808300,1
1505756523,21787373,0.07279400,0.58270300,1
1505756520,21787370,0.07295854,1.70000000,0
1505756488,21787325,0.07290400,1.68883424,0
1505756488,21787324,0.07281294,0.00000576,0
1505756469,21787306,0.07281294,0.15510500,0
1505756434,21787281,0.07281293,3.10612360,0
1505756413,21787271,0.07277200,3.00000000,1
1505756392,21787256,0.07279103,3.98765000,1
1505756355,21787191,0.07286300,3.98765000,0
1505756351,21787190,0.07286297,4.27496931,0
1505756340,21787181,0.07285800,3.98765000,0
1505756340,21787180,0.07284000,0.28600000,0
1505756232,21787025,0.07275400,2.36002400,0
1505756232,21787024,0.07275400,1.38542849,0
1505756232,21787023,0.07270000,0.24219751,0
1505756227,21787022,0.07271300,3.76829900,0
1505756211,21787014,0.07270800,3.42050200,0
1505756152,21786960,0.07256000,0.24219751,1
1505756145,21786944,0.07271600,3.98737554,0
1505756098,21786917,0.07263295,2.53293884,0
1505756098,21786915,0.07263294,1.13434716,0
1505756092,21786905,0.07263294,2.78898776,0
1505756092,21786903,0.07259000,0.13772624,0
1505756046,21786873,0.07254590,0.53719795,1
1505756045,21786872,0.07254591,3.04953984,1
1505756045,21786871,0.07254591,0.23661814,1
1505756045,21786870,0.07254591,1.59300000,1
1505755981,21786816,0.07254592,1.50000000,1
1505755963,21786812,0.07254592,1.33179900,1
1505755950,21786791,0.07258000,0.13770000,1
1505755860,21786727,0.07257199,0.35739200,0
1505755801,21786659,0.07254600,3.00000000,0
1505755732,21786523,0.07236502,57.29427635,0
1505755731,21786521,0.07236502,1.20572365,1
1505755718,21786496,0.07253900,1.85784185,0
1505755717,21786495,0.07253900,0.78932712,0
1505755710,21786458,0.07251000,0.44977376,0
1505755706,21786430,0.07252400,3.98761013,0
1505755705,21786429,0.07248400,0.00003987,0
1505755695,21786377,0.07246300,0.00010849,1
1505755695,21786373,0.07248400,0.60399013,0
1505755694,21786360,0.07246300,3.98754151,1
1505755692,21786353,0.07234400,0.00005933,1
1505755692,21786352,0.07251598,0.37141095,0
1505755690,21786349,0.07251598,0.58939484,1
1505755689,21786345,0.07255000,0.28600000,1
1505755674,21786305,0.07254200,2.75000773,1
1505755672,21786297,0.07254200,1.23752792,1
1505755672,21786296,0.07256900,2.75000000,1
1505755667,21786288,0.07256900,1.35975892,1
1505755666,21786285,0.07256900,2.44146700,1
1505755664,21786281,0.07256900,0.18642408,1
1505755664,21786280,0.07259901,1.17333492,1
1505755663,21786279,0.07259904,2.14249840,1
1505755656,21786267,0.07259900,1.84515160,1
1505755651,21786261,0.07264101,2.21101600,1
1505755646,21786254,0.07264100,0.38985700,1
1505755646,21786253,0.07264101,0.21318600,1
1505755638,21786241,0.07258956,1.17359100,1
1505755629,21786224,0.07266900,3.98754718,1
1505755629,21786223,0.07268101,0.00010282,1
1505755627,21786219,0.07268101,2.33574383,1
1505755624,21786214,0.07268100,2.36695225,1
1505755619,21786192,0.07268100,1.62069775,1
1505755619,21786191,0.07269701,0.00000025,1
1505755614,21786174,0.07269701,1.49242100,1
1505755612,21786161,0.07269701,1.25757875,1
1505755611,21786160,0.07251055,0.73003558,1
1505755611,21786159,0.07254111,1.84515160,1
1505755611,21786158,0.07269700,3.98765000,1
1505755607,21786136,0.07272000,0.44980000,1
1505755607,21786134,0.07272001,3.92827001,1
1505755597,21786103,0.07271103,1.69366850,1
1505755575,21786002,0.07283991,3.02302100,1
1505755562,21785967,0.07284800,2.54995730,0
1505755560,21785966,0.07284000,0.45004270,0
1505755535,21785922,0.07267301,0.99000000,1
1505755535,21785921,0.07268000,0.45000000,1
1505755490,21785851,0.07276987,11.31073500,0
1505755483,21785836,0.07277000,0.44865730,0
1505755471,21785816,0.07278400,3.98765000,1
1505755448,21785770,0.07293597,0.76149000,0
1505755431,21785729,0.07276601,1.84951000,1
1505755380,21785647,0.07291552,0.38194300,0
1505755296,21785489,0.07283000,1.31000000,0
1505755295,21785488,0.07283001,1.58969355,1
1505755295,21785487,0.07284000,0.44870000,1
1505755295,21785486,0.07284001,0.13091706,1
1505755282,21785442,0.07286800,0.19033197,1
1505755276,21785428,0.07287789,1.48697890,1
1505755276,21785427,0.07287790,0.41131810,1
1505755273,21785416,0.07287789,0.15528400,1
1505755271,21785410,0.07287262,0.24131500,1
1505755271,21785409,0.07295997,1.13573000,1
1505755230,21785252,0.07290300,0.94984800,0
1505755216,21785175,0.07284833,1.76608000,1
1505755215,21785172,0.07284833,2.75000000,1
1505755205,21785121,0.07284833,1.21876835,1
1505755205,21785119,0.07284833,0.44860000,1
1505755204,21785106,0.07269016,5.15852400,1
1505755204,21785105,0.07270000,0.44860000,1
1505755141,21785007,0.07276499,3.25288800,1
1505755140,21785000,0.07276499,4.65225600,1
1505755140,21784997,0.07276499,1.77559000,1
1505755139,21784988,0.07276503,3.25288800,1
1505755138,21784980,0.07278300,3.98762069,0
1505755135,21784964,0.07275000,0.44830000,0
1505755133,21784950,0.07276499,3.70118800,0
1505755129,21784935,0.07276500,0.28645640,0
1505755107,21784898,0.07273275,10.17654217,0
1505755100,21784891,0.07273276,2.37244700,0
1505754973,21784806,0.07267000,2.29311000,0
1505754966,21784794,0.07263998,1.27536900,0
1505754963,21784782,0.07263998,2.75000000,0
1505754948,21784768,0.07253703,4.01834500,0
1505754946,21784766,0.07254900,0.18220000,1
1505754938,21784749,0.07263100,3.98765000,1
1505754925,21784741,0.07264000,0.44830000,1
1505754782,21784662,0.07275385,0.50000000,0
1505754541,21784545,0.07262010,0.15000000,1
1505754540,21784543,0.07277389,0.20000000,0
1505754488,21784508,0.07272700,1.55400114,0
1505754487,21784507,0.07271000,0.18224024,0
1505754486,21784505,0.07270989,0.26536500,0
1505754486,21784504,0.07270989,0.18223500,0
1505754461,21784479,0.07257161,0.18224024,0
1505754327,21784369,0.07257161,0.62125500,1
1505754315,21784351,0.07257159,1.37794970,1
1505754240,21784274,0.07270989,1.55240000,0
1505754240,21784273,0.07269000,0.44760000,0
1505754238,21784271,0.07268999,2.35749600,0
1505754153,21784224,0.07267816,0.81099097,0
1505754153,21784223,0.07267816,0.24297341,0
1505754153,21784222,0.07267815,2.27115636,0
1505754012,21784078,0.07254900,0.44756854,1
1505754010,21784075,0.07253400,3.53997824,0
1505754010,21784073,0.07254000,0.44760000,1
1505754001,21784059,0.07270977,0.76229500,0
1505754001,21784058,0.07270000,0.13770500,0
1505753836,21783933,0.07264600,3.70201100,0
1505753834,21783928,0.07264599,0.28563921,0
1505753828,21783920,0.07262599,0.17939831,0
1505753784,21783876,0.07257588,14.02873800,0
1505753763,21783851,0.07248999,0.26870000,0
1505753739,21783806,0.07250000,0.00000041,1
1505753736,21783802,0.07250000,1.26984200,1
1505753735,21783800,0.07250000,2.46066400,1
1505753727,21783799,0.07250001,0.19400000,1
1505753719,21783792,0.07250001,0.15000000,1
1505753716,21783789,0.07250000,49.55900000,1
1505753696,21783766,0.07250000,0.34065257,1
1505753687,21783753,0.07250000,0.07981000,1
1505753682,21783742,0.07250000,3.59041600,1
1505753680,21783736,0.07250000,0.81696199,1
1505753677,21783728,0.07250000,4.70500000,1
1505753676,21783727,0.07250000,1.45300000,1
1505753671,21783726,0.07250000,8.44045500,1
1505753666,21783721,0.07250000,1.71238622,1
1505753648,21783695,0.07250000,0.89178400,1
1505753647,21783691,0.07250000,0.13954700,1
1505753644,21783687,0.07250000,3.84143200,1
1505753641,21783679,0.07250000,0.52994800,1
1505753615,21783638,0.07250000,0.45700000,1
1505753536,21783561,0.07252015,0.34065257,1
1505753529,21783548,0.07252015,0.79998600,1
1505753525,21783540,0.07252001,0.32710000,1
1505753501,21783511,0.07253507,1.00000000,1
1505753501,21783510,0.07253510,11.95715202,1
1505753501,21783508,0.07256800,3.98765000,1
1505753496,21783504,0.07256801,0.07601200,1
1505753495,21783503,0.07258000,0.13770000,1
1505753458,21783398,0.07270951,0.17466438,0
1505753457,21783393,0.07270951,0.52803998,0
1505753457,21783391,0.07270951,3.35026920,0
1505753402,21783345,0.07272000,1.55270000,1
1505753402,21783344,0.07272000,0.44730000,1
1505753371,21783268,0.07256000,0.44729500,0
1505753363,21783265,0.07255200,0.79035000,1
1505753363,21783264,0.07257002,2.75000000,1
1505753363,21783263,0.07259000,0.44730000,1
1505753334,21783232,0.07256017,1.66753646,0
1505753334,21783231,0.07256018,1.18846354,1
1505753333,21783230,0.07256018,1.56153646,1
1505753324,21783223,0.07256018,2.00000000,1
1505753275,21783207,0.07253801,0.83100000,1
1505753253,21783199,0.07253507,0.50683400,1
1505753239,21783184,0.07268837,6.33810869,0
1505753232,21783169,0.07268852,1.38008817,0
1505753231,21783167,0.07268865,5.43249799,0
1505753229,21783162,0.07268866,4.06750932,0
1505753229,21783161,0.07268863,2.54964968,0
1505753208,21783108,0.07265400,3.98765000,0
1505753206,21783103,0.07264000,0.28600000,0
1505753198,21783065,0.07257996,0.27431300,0
1505753176,21783028,0.07257997,0.28600000,0
1505753158,21783008,0.07250001,0.60969500,1
1505753148,21783003,0.07250000,1.73241200,1
1505753142,21783002,0.07250000,6.82025000,1
1505753140,21783001,0.07250000,0.74823500,1
1505753139,21782997,0.07250000,1.36778000,1
1505753138,21782996,0.07250000,1.77531000,1
1505753138,21782995,0.07250000,1.20459000,1
1505753136,21782994,0.07250000,2.75000000,1
1505753136,21782993,0.07250000,0.56352381,0
1505753136,21782992,0.07249850,2.75000000,0
1505753026,21782928,0.07249863,5.38251534,0
1505753021,21782925,0.07249869,0.40832000,0
1505752893,21782843,0.07249922,0.21667300,0
1505752832,21782757,0.07250000,0.43647619,0
1505752832,21782756,0.07245999,0.09849524,0
1505752832,21782755,0.07245000,0.44820000,0
1505752817,21782728,0.07246995,0.26203200,0
1505752815,21782721,0.07246997,6.31514800,0
1505752777,21782685,0.07227004,4.58312074,1
1505752777,21782684,0.07238401,0.09849524,1
1505752706,21782647,0.07245200,3.98765000,1
1505752685,21782642,0.07248400,0.00485377,1
1505752685,21782641,0.07253497,6.93134623,1
1505752682,21782632,0.07262946,4.00000000,0
1505752674,21782625,0.07253497,10.20548500,1
1505752672,21782623,0.07253497,3.98765000,1
1505752667,21782621,0.07253497,35.93654600,1
1505752665,21782618,0.07253498,2.75000000,1
1505752663,21782612,0.07253497,0.16115882,1
1505752656,21782569,0.07253497,2.74602500,1
1505752656,21782567,0.07253497,1.15105500,1
1505752646,21782557,0.07253497,0.21786500,1
1505752643,21782553,0.07253497,1.45042934,1
1505752638,21782547,0.07253497,1.15105500,1
1505752629,21782538,0.07253497,3.60000000,1
1505752625,21782513,0.07253497,1.83362599,1
1505752624,21782507,0.07253497,3.11067993,1
1505752624,21782503,0.07253498,3.26030207,1
1505752612,21782493,0.07253497,3.60000000,1
1505752610,21782492,0.07253497,0.15180000,1
1505752610,21782491,0.07254000,0.44820000,1
1505752599,21782489,0.07253497,0.53246700,1
1505752586,21782485,0.07253498,0.77540700,1
1505752565,21782475,0.07253497,0.38839400,1
1505752563,21782472,0.07253497,7.15532100,1
1505752563,21782471,0.07253497,2.23355852,1
1505752563,21782469,0.07253498,1.17742623,1
1505752562,21782467,0.07253498,1.83362600,1
1505752560,21782462,0.07253498,0.16636900,1
1505752536,21782453,0.07253498,0.20646700,1
1505752528,21782449,0.07253497,5.05354015,1
1505752527,21782447,0.07253498,7.12685989,1
1505752527,21782446,0.07253498,0.79040896,1
1505752525,21782445,0.07253498,2.48173169,1
1505752515,21782438,0.07253497,2.75000000,1
1505752493,21782431,0.07253498,2.42635185,1
1505752488,21782424,0.07253497,0.28810000,1
1505752487,21782423,0.07253497,0.69999500,1
1505752484,21782416,0.07253497,0.33725802,1
1505752481,21782412,0.07253497,0.33899500,1
1505752478,21782406,0.07253497,3.98765000,1
1505752470,21782399,0.07252000,3.98765000,0
1505752424,21782286,0.07236001,0.19832500,1
1505752424,21782285,0.07236002,2.75000000,1
1505752394,21782264,0.07252589,1.10570900,0
1505752378,21782259,0.07252593,2.75000000,0
1505752372,21782254,0.07252700,0.18364669,0
1505752372,21782253,0.07252592,2.75000000,0
1505752361,21782242,0.07246499,0.09850200,0
1505752343,21782233,0.07246499,1.00096900,0
1505752331,21782228,0.07237629,0.09850204,0
1505752328,21782218,0.07234501,0.90000000,1
1505752311,21782205,0.07238200,1.70672346,1
1505752311,21782203,0.07238201,0.09850154,1
1505752305,21782194,0.07237627,4.48873768,1
1505752305,21782193,0.07237627,3.00368102,0
1505752303,21782192,0.07237630,2.50758130,1
1505752289,21782189,0.07256493,2.50748000,0
1505752251,21782141,0.07237602,2.60559078,1
1505752212,21782094,0.07256800,3.19474175,0
1505752188,21782037,0.07236245,11.61272898,1
1505752186,21782028,0.07236245,15.97148420,1
1505752185,21782025,0.07236232,2.26024415,1
1505752184,21782020,0.07236244,4.02289268,1
1505752164,21781991,0.07257549,0.85264195,0
1505752153,21781971,0.07236203,8.69334374,1
1505752141,21781922,0.07256973,0.20000000,0
1505752130,21781858,0.07236011,10.15026300,1
1505752117,21781757,0.07256993,0.09167300,0
1505752116,21781756,0.07256000,0.33832700,0
1505752098,21781715,0.07241040,0.24191287,1
1505752089,21781699,0.07240033,0.62690552,1
1505752089,21781698,0.07241000,0.28600000,1
1505752081,21781673,0.07259992,0.25830862,1
1505752081,21781672,0.07259992,0.24169138,0
1505752079,21781670,0.07239092,7.91292000,1
1505752057,21781641,0.07239020,2.13999500,1
1505752053,21781637,0.07255699,0.30245800,0
1505752050,21781630,0.07239000,0.33832700,1
1505752044,21781621,0.07238001,0.44752695,1
1505752041,21781613,0.07237404,0.33837498,1
1505752041,21781611,0.07237403,0.79999500,0
1505752040,21781607,0.07237403,0.67669100,1
1505752034,21781579,0.07249400,3.79591841,0
1505752034,21781577,0.07249399,0.19173259,0
1505752025,21781572,0.07248099,0.68980184,0
1505752024,21781570,0.07248096,14.07671802,0
1505752017,21781554,0.07243499,1.33339200,0
1505751992,21781534,0.07241300,3.51288900,0
1505751992,21781533,0.07238200,2.65425700,0
1505751986,21781528,0.07238200,1.33339300,0
1505751975,21781519,0.07238100,0.86711500,0
1505751975,21781518,0.07233000,0.14000000,0
1505751956,21781477,0.07227800,1.63457200,0
1505751956,21781475,0.07227800,0.34243200,0
1505751956,21781474,0.07227800,2.01064600,0
1505751945,21781462,0.07228000,1.97700400,0
1505751930,21781432,0.07212741,0.32710000,1
1505751929,21781406,0.07212728,2.64637200,1
1505751913,21781346,0.07220700,3.98765000,0
1505751913,21781345,0.07220000,0.28600000,0
1505751886,21781310,0.07209027,1.38604000,0
1505751820,21781223,0.07211400,0.59081363,1
1505751820,21781221,0.07216000,0.00007877,1
1505751780,21781121,0.07231285,0.38726800,0
1505751687,21781009,0.07216000,1.99067351,1
1505751675,21780972,0.07216000,0.75956500,1
1505751668,21780955,0.07216000,0.83856772,1
1505751668,21780952,0.07218100,2.75021139,1
1505751667,21780948,0.07218100,1.23743861,1
1505751667,21780945,0.07220002,2.75000000,1
1505751667,21780941,0.07220002,0.00010964,1
1505751666,21780934,0.07220002,1.08009015,1
1505751639,21780905,0.07224700,0.99157000,1
1505751575,21780854,0.07245491,0.33896400,0
1505751575,21780852,0.07231103,0.99095300,1
1505751552,21780812,0.07228700,0.41718577,1
1505751551,21780808,0.07231103,2.75000000,1
1505751470,21780725,0.07248000,0.23404085,1
1505751470,21780724,0.07246996,1.21360815,0
1505751446,21780709,0.07247001,0.00001372,1
1505751446,21780703,0.07247001,1.21359443,1
1505751445,21780701,0.07248000,1.58940397,0
1505751442,21780688,0.07247000,1.65037500,1
1505751432,21780650,0.07238000,0.33875573,1
1505751282,21780511,0.07225007,0.65674677,1
1505751231,21780452,0.07233400,3.98764965,1
1505751231,21780451,0.07233403,2.18235035,1
1505751216,21780420,0.07236100,3.98765000,1
1505751216,21780419,0.07238000,0.28600000,1
1505751201,21780367,0.07237200,3.98765000,0
1505751136,21780295,0.07247200,3.98756762,1
1505751133,21780288,0.07251901,6.17000035,1
1505751133,21780286,0.07251901,32.46913600,1
1505751132,21780282,0.07251901,0.90000000,1
1505751127,21780277,0.07251901,3.60000000,1
1505751125,21780270,0.07251901,3.00000000,1
1505751124,21780267,0.07251901,1.07000000,1
1505751123,21780262,0.07251901,3.00000000,1
1505751120,21780253,0.07251901,2.00700000,1
1505751109,21780238,0.07251901,3.74991330,1
1505751107,21780236,0.07251901,0.77959077,1
1505751106,21780234,0.07251901,2.10000000,1
1505751103,21780227,0.07251901,2.48923300,1
1505751102,21780226,0.07251901,1.03000000,1
1505751099,21780218,0.07251901,4.67500000,1
1505751097,21780215,0.07251901,1.03000000,1
1505751096,21780214,0.07251901,1.07000000,1
1505751092,21780206,0.07251901,1.03000000,1
1505751092,21780205,0.07251901,1.07000000,1
1505751089,21780203,0.07251901,1.03000000,1
1505751088,21780200,0.07251901,0.11730900,1
1505751086,21780192,0.07251901,2.06900000,1
1505751085,21780191,0.07251901,1.03000000,1
1505751084,21780188,0.07251901,0.23255972,1
1505751081,21780184,0.07251901,0.91316993,1
1505751081,21780180,0.07251902,0.14683007,1
1505751077,21780169,0.07251901,1.06220900,1
1505751074,21780166,0.07251901,1.06000000,1
1505751070,21780159,0.07251901,0.82727893,1
1505751070,21780158,0.07251904,0.23272107,1
1505751066,21780148,0.07251904,1.03000000,1
1505751062,21780142,0.07251904,1.00000000,1
1505751059,21780132,0.07251904,2.09000000,1
1505751054,21780118,0.07266740,2.34946514,0
1505751053,21780115,0.07251904,1.79736428,1
1505751053,21780114,0.07251905,0.29263572,1
1505751047,21780096,0.07251904,1.06000000,1
1505751047,21780093,0.07251904,1.03000000,1
1505751044,21780089,0.07251904,1.00900000,1
1505751042,21780084,0.07251904,1.06000000,1
1505751037,21780072,0.07251904,2.87167000,1
1505751030,21780058,0.07251904,1.06000000,1
1505751029,21780056,0.07251904,1.81427000,1
1505751024,21780024,0.07251904,1.03000000,1
1505751023,21780017,0.07251904,0.81719200,1
1505751020,21779991,0.07251904,0.71648700,1
1505751018,21779988,0.07251904,0.76886600,1
1505751016,21779984,0.07251904,0.79395300,1
1505751015,21779983,0.07251904,0.77562725,1
1505751015,21779982,0.07251905,0.15972675,1
1505751013,21779981,0.07251905,0.69310900,1
1505751010,21779980,0.07251905,0.79751700,1
1505751005,21779971,0.07251905,0.10424000,1
1505751001,21779963,0.07251904,0.80717800,1
1505751000,21779962,0.07251904,0.87563904,1
1505751000,21779961,0.07251905,0.18436096,1
1505751000,21779960,0.07251905,0.14014800,1
1505750999,21779959,0.07251905,0.61785100,0
1505750998,21779955,0.07251904,2.90428300,1
1505750996,21779941,0.07251904,0.25407500,1
1505750993,21779939,0.07251904,1.83270200,1
1505750992,21779938,0.07251904,0.29692300,1
1505750980,21779914,0.07251904,0.21232400,1
1505750978,21779911,0.07251904,1.00900000,1
1505750977,21779910,0.07251904,1.42052350,1
1505750975,21779906,0.07251904,2.92590600,1
1505750966,21779881,0.07251904,2.36872400,1
1505750963,21779877,0.07251904,0.96519480,1
1505750961,21779867,0.07251904,2.07000000,1
1505750960,21779859,0.07251904,2.62654344,1
1505750957,21779845,0.07251904,1.00000000,1
1505750955,21779832,0.07251904,0.46770223,1
1505750955,21779829,0.07251907,1.60229777,1
1505750925,21779803,0.07251904,31.50000000,1
1505750909,21779785,0.07254000,0.98400000,1
1505750904,21779782,0.07253503,0.30000000,1
1505750881,21779770,0.07271674,0.62220700,0
1505750838,21779721,0.07266000,2.33585099,0
1505750827,21779691,0.07266000,0.44745000,0
1505750827,21779690,0.07265999,0.09700000,0
1505750791,21779657,0.07251904,21.63400000,1
1505750710,21779605,0.07261800,0.27578100,1
1505750708,21779599,0.07261800,1.33592200,1
1505750707,21779598,0.07269000,0.08274000,1
1505750662,21779558,0.07269779,0.89811000,0
1505750611,21779515,0.07270000,0.95765600,0
1505750495,21779437,0.07256100,1.79836164,1
1505750488,21779395,0.07261100,0.26809100,1
1505750479,21779385,0.07260401,0.12863695,0
1505750476,21779383,0.07260400,0.14195505,1
1505750476,21779382,0.07260401,0.12863695,1
1505750454,21779362,0.07274000,0.85806936,0
1505750454,21779361,0.07274000,0.49900364,0
1505750448,21779357,0.07274000,2.25099636,1
1505750277,21779199,0.07274400,3.98765000,0
1505750272,21779192,0.07275982,1.07032177,0
1505750244,21779173,0.07259200,2.49845600,1
1505750221,21779141,0.07275494,0.20976900,1
1505750218,21779140,0.07255000,0.02695700,1
1505750218,21779139,0.07255001,2.75000000,1
1505750210,21779134,0.07272991,0.30546845,0
1505750210,21779132,0.07272000,0.08835325,0
1505750198,21779114,0.07272700,3.98764979,0
1505750198,21779113,0.07272699,0.33708321,0
1505750196,21779110,0.07254403,14.10174373,1
1505750195,21779109,0.07254403,12.60957592,1
1505750194,21779106,0.07254404,2.75000000,1
1505750194,21779105,0.07254404,0.86079398,1
1505750193,21779100,0.07254403,2.11668653,1
1505750192,21779097,0.07254403,14.10185000,1
1505750191,21779094,0.07254403,3.71468000,1
1505750186,21779084,0.07254401,0.10000000,1
1505750179,21779071,0.07254400,0.90000000,1
1505750143,21779029,0.07273300,2.05719453,0
1505750142,21779025,0.07251904,3.24513239,1
1505750140,21779019,0.07251904,0.62699900,1
1505750140,21779018,0.07252500,3.98765000,1
1505750131,21779014,0.07256501,2.75000000,1
1505750109,21778987,0.07258300,3.00000000,1
1505750099,21778970,0.07260905,0.98889143,1
1505750099,21778969,0.07260911,6.23825957,1
1505750086,21778947,0.07260900,1.49738600,1
1505750075,21778937,0.07262703,0.72810400,1
1505750070,21778932,0.07264700,1.07405298,1
1505750054,21778912,0.07267600,2.35131400,1
1505750054,21778911,0.07269000,0.44740000,1
1505750054,21778910,0.07269001,1.18893600,1
1505750049,21778906,0.07268001,1.03287300,1
1505750033,21778879,0.07282656,0.33590200,0
1505750030,21778875,0.07282659,0.64735400,0
1505749975,21778762,0.07275000,0.44625000,0
1505749922,21778689,0.07274497,0.10000000,0
1505749898,21778672,0.07258001,1.74672600,1
1505749891,21778664,0.07258003,3.98765000,1
1505749885,21778627,0.07260400,3.54135000,1
1505749882,21778604,0.07261000,0.44630000,1
1505749879,21778592,0.07262006,0.13736730,0
1505749844,21778541,0.07270999,1.45199500,1
1505749843,21778536,0.07276214,4.01036500,0
1505749843,21778535,0.07270986,4.46214000,0
1505749843,21778533,0.07270000,0.44550000,0
1505749624,21778276,0.07274100,0.68565609,0
1505749618,21778264,0.07274000,0.70637985,0
1505749618,21778262,0.07273997,0.51008966,1
1505749617,21778261,0.07272000,0.13736730,0
1505749550,21778198,0.07259800,0.22912000,1
1505749550,21778197,0.07261000,0.44550000,1
1505749482,21778136,0.07271470,2.64445658,0
1505749442,21778068,0.07266000,0.55525735,0
1505749435,21778057,0.07266000,0.27805215,0
1505749358,21777946,0.07252012,0.44600000,1
1505749357,21777940,0.07252009,2.31533701,1
1505749357,21777939,0.07252009,0.40536795,1
1505749357,21777938,0.07251998,1.74143500,0
1505749263,21777819,0.07259392,1.91689607,0
1505749235,21777801,0.07259392,0.24834032,0
1505749232,21777792,0.07251901,20.41860000,1
1505749213,21777738,0.07259396,0.19000000,0
1505749186,21777682,0.07251903,1.31454030,1
1505749174,21777665,0.07253003,1.14305400,0
1505749166,21777661,0.07253000,0.13742100,0
1505749161,21777639,0.07253000,0.02305065,0
1505749161,21777638,0.07251904,0.58526835,0
1505749150,21777628,0.07251900,0.62485473,0
1505749140,21777614,0.07250601,1.34501900,1
1505749140,21777612,0.07250601,1.13752300,1
1505749139,21777607,0.07250601,2.64263100,1
1505749133,21777578,0.07248293,4.10514141,1
1505749133,21777577,0.07251500,0.62492400,1
1505749131,21777570,0.07251500,3.36272600,1
1505749131,21777568,0.07253000,0.44600000,1
1505749129,21777555,0.07253003,2.64263100,1
1505749126,21777545,0.07271766,0.27435041,0
1505749119,21777529,0.07251900,2.14594500,1
1505749119,21777528,0.07252301,0.68000000,1
1505749119,21777527,0.07252302,0.90138900,1
1505749119,21777526,0.07252302,1.16170500,1
1505749118,21777523,0.07252302,0.68690600,1
1505749108,21777501,0.07252303,1.21698652,1
1505749072,21777433,0.07253011,0.21234600,1
1505749071,21777430,0.07253008,0.47455500,1
1505749049,21777344,0.07267400,0.56777584,0
1505749048,21777343,0.07267393,1.63080500,0
1505749047,21777338,0.07248280,2.80184100,1
1505749046,21777328,0.07248279,0.21235100,1
1505748976,21777201,0.07246015,0.61208000,1
1505748976,21777200,0.07261600,3.98765000,1
1505748967,21777174,0.07261700,2.46907503,1
1505748967,21777173,0.07267299,0.00007132,1
1505748961,21777158,0.07267299,0.78148705,1
1505748959,21777153,0.07267299,2.46632209,1
1505748957,21777150,0.07267299,2.46449197,1
1505748956,21777147,0.07267299,5.83914327,1
1505748954,21777140,0.07267299,1.39536100,1
1505748954,21777139,0.07267299,5.83842773,1
1505748952,21777131,0.07267299,5.83764340,1
1505748951,21777122,0.07267299,5.83687282,1
1505748948,21777117,0.07267299,3.01016400,1
1505748948,21777115,0.07267299,5.83271722,1
1505748947,21777111,0.07267299,4.51000000,1
1505748947,21777110,0.07267299,5.83234569,1
1505748945,21777107,0.07267299,5.83194665,1
1505748937,21777099,0.07267299,0.12580000,1
1505748935,21777094,0.07267299,4.18128700,1
1505748933,21777092,0.07267299,0.82068000,1
1505748930,21777090,0.07267299,0.07576500,1
1505748929,21777087,0.07267299,0.73860793,1
1505748928,21777086,0.07267299,9.32066500,1
1505748926,21777080,0.07267299,0.12550000,1
1505748924,21777075,0.07267299,0.10000000,1
1505748921,21777074,0.07267299,2.00630000,1
1505748917,21777069,0.07267299,2.26574900,1
1505748916,21777068,0.07267299,2.00530000,1
1505748894,21777059,0.07267299,0.14377200,1
1505748880,21777053,0.07267299,1.40722291,1
1505748880,21777051,0.07267300,0.14377709,1
1505748852,21777037,0.07267299,2.61495778,1
1505748844,21777026,0.07267299,12.53075000,1
1505748812,21776971,0.07267299,0.50000000,1
1505748807,21776966,0.07267299,0.50000000,1
1505748801,21776961,0.07267299,0.10064917,1
1505748793,21776938,0.07267299,2.23000000,1
1505748793,21776937,0.07267299,0.50000000,0
1505748792,21776936,0.07267299,2.23000000,0
1505748781,21776909,0.07267299,0.50000000,0
1505748735,21776843,0.07258100,3.98765000,0
1505748721,21776805,0.07257100,3.98765000,0
1505748720,21776804,0.07252899,2.73000000,0
1505748649,21776671,0.07227003,1.01872500,1
1505748635,21776658,0.07248200,3.98765000,0
1505748623,21776650,0.07245400,0.49578100,0
1505748619,21776647,0.07240100,3.98765000,0
1505748617,21776646,0.07239000,0.28600000,0
1505748607,21776626,0.07238997,3.32421602,0
1505748523,21776438,0.07217011,0.61967000,1
1505748511,21776407,0.07216017,3.06749000,1
1505748510,21776404,0.07216017,5.02381000,1
1505748510,21776402,0.07216018,2.73000000,1
1505748500,21776385,0.07240794,11.75944000,0
1505748471,21776325,0.07216005,0.28619200,1
1505748455,21776314,0.07216004,2.32776000,1
1505748455,21776313,0.07218000,0.28600000,1
1505748429,21776290,0.07232400,0.18136718,0
1505748421,21776252,0.07226999,0.99976545,0
1505748421,21776250,0.07227000,5.07504822,1
1505748420,21776247,0.07227000,0.44650000,0
1505748398,21776208,0.07216600,3.98760146,0
1505748388,21776180,0.07216500,3.98760045,0
1505748387,21776175,0.07196123,1.39273483,1
1505748387,21776174,0.07197000,0.44650000,1
1505748387,21776172,0.07216000,0.08273500,1
1505748382,21776164,0.07216500,3.98764500,0
1505748382,21776162,0.07216000,0.20326000,0
1505748381,21776158,0.07216000,0.08274000,0
1505748372,21776136,0.07196094,0.85649674,1
1505748338,21776036,0.07196024,0.77581316,1
1505748320,21775924,0.07197000,0.28600000,1
1505748319,21775923,0.07197001,3.16370756,1
1505748319,21775922,0.07197003,8.98895244,1
1505748278,21775747,0.07210489,6.35300000,0
1505748258,21775654,0.07215749,2.53428628,0
1505748258,21775648,0.07193400,3.98765000,0
1505748215,21775487,0.07189199,2.57999300,0
1505748204,21775459,0.07189199,0.12670000,0
1505748192,21775429,0.07188498,1.72564900,0
1505748174,21775402,0.07175095,0.97125208,1
1505748172,21775394,0.07175094,2.72990891,1
1505748170,21775388,0.07189500,3.85010000,0
1505748168,21775382,0.07175093,3.70116189,1
1505748162,21775359,0.07175091,3.58888500,1
1505748162,21775351,0.07189500,0.13754988,0
1505748151,21775329,0.07175087,0.99999500,1
1505748145,21775303,0.07175075,1.04057600,1
1505748019,21775072,0.07188600,2.98776170,0
1505748019,21775071,0.07188599,0.99988830,0
1505748016,21775068,0.07177190,9.40923500,0
1505748005,21775052,0.07188000,3.98765000,0
1505747990,21775039,0.07177154,2.08246000,1
1505747978,21775016,0.07177157,1.37822258,1
1505747968,21775006,0.07177139,1.57936192,0
1505747923,21774928,0.07182500,3.98749013,1
1505747923,21774927,0.07192493,0.00007688,1
1505747922,21774918,0.07192493,0.15414684,1
1505747916,21774895,0.07193713,3.86773142,0
1505747916,21774894,0.07193702,9.84780347,0
1505747915,21774893,0.07193699,13.66246409,0
1505747753,21774723,0.07192493,0.27737420,0
1505747711,21774693,0.07177047,2.17380000,1
1505747685,21774665,0.07177046,9.81519827,1
1505747670,21774649,0.07187901,1.34320604,0
1505747670,21774648,0.07187000,0.50098896,0
1505747670,21774647,0.07186998,2.73000000,0
1505747656,21774610,0.07186999,0.50000000,0
1505747654,21774609,0.07186999,0.77291700,0
1505747646,21774601,0.07187000,0.13962487,0
1505747645,21774600,0.07187000,0.56827200,0
1505747645,21774597,0.07182901,0.34284800,1
1505747642,21774589,0.07187901,3.47962900,1
1505747637,21774582,0.07187900,0.25300800,1
1505747637,21774580,0.07187901,0.10003500,1
1505747635,21774578,0.07209693,10.33934600,0
1505747627,21774564,0.07192300,3.98765000,1
1505747622,21774559,0.07199796,30.94457892,1
1505747621,21774558,0.07199796,8.02100000,1
1505747616,21774554,0.07212486,0.10589553,0
1505747615,21774553,0.07199796,3.18000000,1
1505747608,21774499,0.07199796,11.54100000,1
1505747597,21774480,0.07199796,41.47425600,1
1505747594,21774475,0.07199796,0.78393708,1
1505747590,21774470,0.07199796,4.05522800,1
1505747583,21774461,0.07192500,1.79042764,1
1505747582,21774459,0.07192506,2.17354136,1
1505747582,21774454,0.07196897,3.86964156,1
1505747581,21774451,0.07196897,0.44420221,1
1505747571,21774421,0.07215827,0.99645365,0
1505747568,21774414,0.07196897,0.28675500,1
1505747568,21774413,0.07196897,3.98765000,1
1505747565,21774408,0.07196896,4.69864414,0
1505747557,21774378,0.07196900,1.64510440,0
1505747554,21774364,0.07199796,0.14763736,0
1505747550,21774346,0.07199800,2.90422000,0
1505747550,21774345,0.07199787,1.08343000,0
1505747549,21774341,0.07179800,0.08274000,1
1505747545,21774314,0.07189000,0.16812380,0
1505747541,21774292,0.07188997,0.16812380,0
1505747539,21774287,0.07160015,7.85199500,1
1505747539,21774285,0.07176006,0.20000000,1
1505747539,21774282,0.07182500,3.98765000,1
1505747539,21774280,0.07182501,72.71700000,1
1505747538,21774278,0.07189000,0.14757931,0
1505747538,21774274,0.07189802,2.70027692,1
1505747538,21774272,0.07189804,0.58401997,1
1505747536,21774255,0.07189804,1.04763703,1
1505747535,21774248,0.07189804,0.00000042,0
1505747534,21774241,0.07189804,1.63165700,0
1505747530,21774222,0.07189803,3.20605196,1
1505747528,21774217,0.07189802,0.19980051,1
1505747523,21774205,0.07189801,2.00202000,1
1505747513,21774182,0.07189801,0.64405351,1
1505747506,21774161,0.07189801,5.71550000,1
1505747502,21774139,0.07189801,0.30617457,1
1505747496,21774130,0.07189801,5.71442700,1
1505747495,21774127,0.07189701,2.74300582,1
1505747494,21774125,0.07189701,17.99070000,1
1505747494,21774124,0.07189800,3.98765000,1
1505747492,21774114,0.07189701,3.23314900,1
1505747489,21774102,0.07189701,8.64372479,1
1505747489,21774100,0.07198000,0.00009921,1
1505747427,21773978,0.07198000,0.85005933,1
1505747423,21773973,0.07198000,0.61959761,1
1505747423,21773972,0.07200304,0.00013677,1
1505747415,21773959,0.07200304,0.54512879,1
1505747411,21773951,0.07200887,0.12835802,1
1505747377,21773844,0.07198000,44.95854550,0
1505747376,21773834,0.07198044,8.01192473,1
1505747375,21773832,0.07199203,3.83486777,1
1505747375,21773831,0.07200303,2.73000000,1
1505747375,21773829,0.07200304,68.36466200,1
1505747375,21773827,0.07200304,0.94333800,1
1505747358,21773728,0.07221070,0.11584259,0
1505747355,21773709,0.07199203,0.73159900,1
1505747344,21773657,0.07221100,1.10786445,0
1505747340,21773627,0.07215686,1.04258328,1
1505747334,21773580,0.07198635,1.10527968,1
1505747320,21773484,0.07215685,0.13151855,1
1505747318,21773476,0.07215685,0.44530000,1
1505747317,21773461,0.07215687,2.73000000,1
1505747306,21773348,0.07198601,2.63083462,1
1505747300,21773305,0.07198600,1.97564500,1
1505747297,21773284,0.07195683,8.46151909,1
1505747297,21773280,0.07195686,1.73524491,1
1505747293,21773240,0.07195678,6.26807690,1
1505747291,21773218,0.07195680,1.73524491,0
1505747290,21773212,0.07195677,12.17933159,0
1505747289,21773207,0.07195677,4.21333626,0
1505747288,21773196,0.07195677,3.00799215,0
1505747288,21773195,0.07195677,0.97965785,0
1505747287,21773182,0.07197000,0.44530000,1
1505747287,21773181,0.07217400,1.08311615,1
1505747283,21773149,0.07217400,2.90453385,1
1505747272,21773063,0.07217600,1.46013870,1
1505747226,21772883,0.07235297,1.10527968,0
1505747217,21772859,0.07220800,0.65716444,1
1505747213,21772855,0.07219613,1.08342361,1
1505747206,21772833,0.07219600,0.03157284,1
1505747206,21772832,0.07221416,0.50193014,1
1505747206,21772831,0.07227000,0.12335557,1
1505747195,21772804,0.07234042,0.62996523,0
1505747187,21772786,0.07227993,0.50000000,1
1505747187,21772785,0.07227993,1.20912425,1
1505747187,21772784,0.07227994,0.73087575,1
1505747186,21772782,0.07227996,0.50000000,0
1505747186,21772781,0.07227996,1.93960112,0
1505747181,21772765,0.07227996,0.28735489,0
1505747179,21772762,0.07227996,0.50304399,0
1505747165,21772730,0.07228000,1.54999209,0
1505747155,21772694,0.07227000,0.12335557,0
1505747152,21772681,0.07228000,0.33716104,0
1505747148,21772670,0.07228000,0.16164444,0
1505747093,21772482,0.07225200,3.54923868,1
1505747093,21772481,0.07225501,2.15603832,1
1505747048,21772386,0.07228702,0.48664868,1
1505747048,21772385,0.07231000,0.00011049,1
1505747042,21772350,0.07231000,0.29988951,1
1505747034,21772302,0.07231011,3.54474171,1
1505747034,21772300,0.07231703,1.89398602,1
1505747016,21772218,0.07232803,12.57000000,1
1505746993,21772158,0.07238000,0.28500000,1
1505746992,21772157,0.07241000,0.09000000,1
1505746953,21772085,0.07241001,0.00010796,1
1505746946,21772071,0.07250994,4.64672440,0
1505746946,21772069,0.07250988,13.62990660,0
1505746944,21772062,0.07250994,0.19955710,0
1505746944,21772061,0.07244078,0.00000038,0
1505746938,21772050,0.07241001,0.19464326,1
1505746926,21772025,0.07241001,6.78792500,0
1505746888,21771872,0.07241005,5.27344000,1
1505746853,21771730,0.07244078,1.24861600,0
1505746852,21771728,0.07244078,0.28139200,0
1505746825,21771695,0.07248178,2.53775800,0
1505746819,21771689,0.07248178,0.33831700,1
1505746809,21771669,0.07248173,0.78631200,1
1505746701,21771462,0.07247003,0.69600000,1
1505746697,21771449,0.07263900,1.11711100,0
1505746680,21771427,0.07260700,2.50000000,0
1505746640,21771388,0.07243000,0.16768552,0
1505746638,21771387,0.07243502,5.50000000,0
1505746638,21771385,0.07243502,7.47400000,0
1505746625,21771371,0.07261089,0.80516494,0
1505746620,21771363,0.07241101,2.00000000,1
1505746515,21771240,0.07250500,0.44803807,1
1505746510,21771238,0.07250501,2.72992170,1
1505746461,21771158,0.07267889,0.72491448,1
1505746459,21771157,0.07264000,0.23595064,0
1505746442,21771123,0.07263000,0.20574936,0
1505746440,21771120,0.07262999,0.29425064,0
1505746299,21770876,0.07248088,2.57151991,1
1505746217,21770530,0.07263000,0.16768553,1
1505746204,21770451,0.07271000,0.14663270,0
1505746203,21770449,0.07271000,0.13736730,0
1505746197,21770426,0.07270002,1.17170468,1
1505746190,21770397,0.07270000,0.44170000,1
1505746169,21770305,0.07271004,2.72999991,1
1505746169,21770304,0.07271004,2.33491404,1
1505746169,21770301,0.07271014,13.79504805,1
1505746145,21770106,0.07297799,0.28394192,0
1505746145,21770105,0.07293000,0.00005308,0
1505746140,21770051,0.07293000,0.13710551,0
1505746137,21770036,0.07293999,11.03484782,0
1505746133,21770023,0.07276800,2.94764986,1
1505746133,21770021,0.07283001,11.30293900,1
1505746133,21770019,0.07283001,10.74756346,1
1505746133,21770018,0.07284008,0.12945168,1
1505746131,21770009,0.07284008,1.04000000,1
1505746128,21769990,0.07246245,4.55101309,1
1505746127,21769988,0.07255000,3.00000000,1
1505746127,21769987,0.07277800,3.98765000,1
1505746127,21769986,0.07280498,0.32493382,1
1505746127,21769985,0.07281000,0.28400000,1
1505746126,21769984,0.07284000,0.13710000,0
1505746124,21769967,0.07283002,2.33106751,1
1505746124,21769965,0.07284000,0.13710000,1
1505746123,21769959,0.07295389,0.11173000,1
1505746122,21769953,0.07295393,12.89170638,0
1505746099,21769811,0.07289995,2.73000000,0
1505746098,21769803,0.07289996,3.38486183,0
1505746083,21769749,0.07289000,0.23984441,0
1505746080,21769733,0.07289000,0.19959700,0
1505746068,21769688,0.07285000,3.98760878,0
1505746058,21769644,0.07275000,1.10506300,0
1505746058,21769643,0.07275000,2.44308700,0
1505746054,21769622,0.07275000,0.43950000,0
1505746049,21769608,0.07274900,2.36105900,0
1505746044,21769570,0.07274900,1.62658600,0
1505746024,21769484,0.07258024,3.00000000,1
1505746023,21769480,0.07275999,0.50000000,0
1505746009,21769443,0.07273198,0.36161913,0
1505745979,21769407,0.07269884,1.51136700,0
1505745973,21769394,0.07269883,0.13748000,0
1505745950,21769360,0.07269890,1.47052500,0
1505745933,21769338,0.07269894,11.01584000,0
1505745932,21769335,0.07269894,16.49448100,0
1505745915,21769307,0.07269902,13.76397200,0
1505745914,21769306,0.07269901,2.73000000,0
1505745906,21769243,0.07269907,1.34398034,0
1505745905,21769238,0.07269904,14.32439600,0
1505745905,21769225,0.07269907,1.17473363,0
1505745897,21769184,0.07256697,2.52037806,1
1505745897,21769183,0.07257288,1.60578394,1
1505745895,21769181,0.07257288,0.73354300,1
1505745895,21769180,0.07257289,0.14336000,1
1505745862,21769161,0.07257327,3.47777424,1
1505745776,21768997,0.07269918,1.34004000,1
1505745740,21768955,0.07275987,2.54884300,0
1505745735,21768947,0.07275998,3.12947600,0
1505745734,21768945,0.07270000,1.74736051,1
1505745733,21768940,0.07275998,3.66704087,0
1505745731,21768934,0.07275999,7.21583000,0
1505745731,21768932,0.07275999,1.09411530,0
1505745725,21768917,0.07270000,0.25263949,1
1505745725,21768916,0.07270001,1.58230651,1
1505745720,21768887,0.07280985,2.00000000,0
1505745709,21768855,0.07276006,0.00000008,1
1505745707,21768853,0.07276006,1.68480600,1
1505745706,21768847,0.07280988,1.37207000,0
1505745695,21768794,0.07278999,1.70782075,1
1505745695,21768793,0.07278999,0.28400000,1
1505745695,21768789,0.07278815,1.02438025,0
1505745695,21768788,0.07278008,0.20000500,0
1505745694,21768787,0.07278008,0.17243500,0
1505745694,21768783,0.07277987,0.20000000,0
1505745688,21768756,0.07278999,0.09308486,0
1505745688,21768754,0.07278000,0.19995900,0
1505745674,21768709,0.07278008,1.68480600,1
1505745672,21768706,0.07278009,2.73000000,1
1505745671,21768702,0.07278008,0.12919743,1
1505745666,21768687,0.07282000,0.24034100,0
1505745663,21768674,0.07278007,0.46998184,1
1505745663,21768673,0.07278008,1.21482416,1
1505745654,21768610,0.07278006,0.90683658,1
1505745654,21768609,0.07278006,0.10296342,1
1505745651,21768599,0.07283986,0.19999500,0
1505745647,21768581,0.07281002,0.60313000,1
1505745640,21768551,0.07281000,0.42808613,1
1505745636,21768536,0.07281402,1.80650469,1
1505745625,21768484,0.07286101,0.14000000,1
1505745615,21768421,0.07286100,1.34738510,1
1505745615,21768419,0.07289000,0.03382390,1
1505745611,21768399,0.07289000,0.25017610,1
1505745611,21768396,0.07292000,1.38120143,1
1505745611,21768394,0.07292001,4.98533447,1
1505745610,21768385,0.07292001,6.30521353,1
1505745609,21768384,0.07292230,1.49048647,1
1505745609,21768382,0.07293000,0.34030000,1
1505745606,21768376,0.07293000,0.10000000,1
1505745605,21768373,0.07292001,0.10000000,1
1505745603,21768365,0.07292001,0.10000000,1
1505745601,21768352,0.07292001,0.10000000,1
1505745599,21768345,0.07292001,0.10000000,1
1505745597,21768336,0.07292878,0.10000000,1
1505745597,21768334,0.07292878,1.38120100,1
1505745595,21768329,0.07292878,0.10000000,1
1505745593,21768321,0.07292000,0.10000000,1
1505745591,21768318,0.07292877,0.10000000,1
1505745591,21768316,0.07292877,9.19080300,1
1505745590,21768310,0.07292877,0.10000000,1
1505745588,21768298,0.07278034,0.10000000,1
1505745585,21768292,0.07278033,0.10000000,1
1505745583,21768284,0.07278020,0.10000000,1
1505745581,21768278,0.07278007,0.10000000,1
1505745579,21768269,0.07278019,0.10000000,1
1505745577,21768263,0.07278006,0.00595700,1
1505745577,21768262,0.07278006,0.09404300,1
1505745575,21768260,0.07278006,0.10000000,1
1505745573,21768251,0.07278006,0.10000000,1
1505745546,21768184,0.07278088,3.85148700,1
1505745487,21768116,0.07278067,0.99992210,1
1505745481,21768105,0.07296320,0.20000000,0
1505745413,21767988,0.07292800,0.44864590,0
1505745257,21767783,0.07283099,0.44294557,0
1505745255,21767782,0.07280206,0.60753775,1
1505745248,21767767,0.07280206,1.55145668,0
1505745248,21767766,0.07279952,0.26848573,0
1505745248,21767764,0.07279937,4.84628150,0
1505745247,21767762,0.07278000,0.44190000,0
1505745230,21767732,0.07272000,0.35474200,1
1505745089,21767601,0.07278200,0.52709000,1
1505745087,21767599,0.07278206,3.00000000,1
1505745084,21767597,0.07294767,0.66088435,0
1505745080,21767592,0.07280000,0.13683718,1
1505745080,21767591,0.07280001,0.72074165,1
1505745003,21767443,0.07295864,1.00000000,0
1505745000,21767439,0.07295865,0.20000000,0
1505744976,21767429,0.07295960,0.82030170,0
1505744871,21767364,0.07282100,3.98765000,1
1505744870,21767363,0.07282109,2.19279199,1
1505744870,21767362,0.07282112,0.28500000,1
1505744729,21767269,0.07298189,0.76620127,0
1505744705,21767241,0.07289006,1.91298775,1
1505744694,21767227,0.07289894,0.32597745,1
1505744694,21767226,0.07291000,0.44190000,1
1505744637,21767124,0.07305673,2.84312752,0
1505744598,21767022,0.07302994,7.38188627,0
1505744598,21767021,0.07302000,0.28400000,0
1505744512,21766910,0.07294000,0.25824712,0
1505744504,21766902,0.07294800,0.30971376,0
1505744270,21766660,0.07278000,0.25824712,1
1505744269,21766659,0.07296888,50.00000000,0
1505744242,21766637,0.07279600,0.18648580,1
1505744232,21766626,0.07281800,3.98765000,1
1505744221,21766607,0.07283905,0.63227061,1
1505744219,21766589,0.07283915,12.58209398,1
1505744208,21766535,0.07283900,1.18224592,1
1505744104,21766299,0.07298999,0.52625339,0
1505744016,21766225,0.07281537,0.19875008,1
1505743970,21766065,0.07284006,0.99991722,1
1505743792,21765947,0.07286900,0.27403700,1
1505743785,21765943,0.07290600,3.98765000,1
1505743780,21765939,0.07300297,5.10695008,1
1505743779,21765938,0.07300297,0.27403700,1
1505743771,21765931,0.07300297,2.95157289,1
1505743770,21765928,0.07300297,18.73360400,1
1505743769,21765921,0.07300297,3.98334025,1
1505743769,21765920,0.07300298,4.88486675,1
1505743768,21765915,0.07300297,0.38955489,1
1505743765,21765910,0.07300300,2.73000000,1
1505743765,21765909,0.07300297,3.75729089,1
1505743764,21765908,0.07300297,2.73000000,1
1505743763,21765906,0.07300287,2.73000000,0
1505743763,21765905,0.07300100,3.98765000,0
1505743763,21765904,0.07300099,55.35600000,0
1505743745,21765899,0.07281000,0.22157289,0
1505743745,21765898,0.07281948,0.26982711,1
1505743743,21765892,0.07300292,50.00000000,0
1505743740,21765886,0.07300296,3.06744104,0
1505743740,21765885,0.07300293,12.63255896,0
1505743697,21765860,0.07284501,0.49134000,1
1505743693,21765855,0.07284115,0.49134384,1
1505743666,21765827,0.07300593,2.32277090,0
1505743627,21765794,0.07283111,1.47148600,1
1505743620,21765771,0.07284000,0.28400000,1
1505743434,21765562,0.07291600,1.18468100,1
1505743434,21765561,0.07292001,3.98765000,1
1505743426,21765552,0.07299990,1.00000000,1
1505743414,21765550,0.07300760,2.42134200,1
1505743400,21765541,0.07302093,2.18368300,0
1505743388,21765523,0.07300760,0.27945000,1
1505743384,21765509,0.07300760,0.52288800,1
1505743378,21765505,0.07300603,16.77632000,0
1505743366,21765501,0.07285644,0.52288895,1
1505743365,21765499,0.07285647,1.45944905,1
1505743239,21765364,0.07300800,3.98765000,0
1505743168,21765102,0.07282300,0.31791398,1
1505743143,21765078,0.07296000,0.80375000,0
1505743134,21765069,0.07299346,0.80400210,0
1505743129,21765061,0.07295500,3.98765000,0
1505743127,21765059,0.07295497,0.29100000,1
1505743080,21764978,0.07281501,0.26839500,1
1505743045,21764940,0.07298600,3.98765000,0
1505743014,21764903,0.07295300,3.98765000,0
1505743014,21764902,0.07294000,0.44048484,0
1505743009,21764896,0.07278144,5.71909850,1
1505742992,21764873,0.07285013,0.28043945,1
1505742988,21764863,0.07285000,0.44048484,1
1505742939,21764767,0.07280801,17.29989000,1
1505742920,21764687,0.07280747,3.50005332,1
1505742920,21764684,0.07280748,2.73000000,1
1505742753,21764515,0.07288002,2.73000000,1
1505742699,21764426,0.07288000,1.69894600,1
1505742656,21764366,0.07287034,3.96821933,1
1505742653,21764362,0.07300100,0.36388372,0
1505742632,21764331,0.07291400,3.98765000,1
1505742625,21764315,0.07291503,4.87911000,1
1505742607,21764289,0.07309684,0.20563118,0
1505742604,21764279,0.07309685,10.01577838,1
1505742604,21764276,0.07309684,1.25274862,0
1505742604,21764275,0.07309684,1.93665945,0
1505742603,21764274,0.07291500,3.98765055,0
1505742603,21764267,0.07291500,3.19545400,0
1505742602,21764263,0.07291504,1.62900145,1
1505742580,21764225,0.07309697,3.19545400,0
1505742578,21764221,0.07290100,3.98765000,1
1505742578,21764220,0.07294517,1.54014900,1
1505742567,21764207,0.07294500,1.30896534,1
1505742567,21764204,0.07294513,2.67868466,1
1505742561,21764195,0.07311477,0.50718300,0
1505742552,21764166,0.07291501,0.19586400,1
1505742546,21764147,0.07318568,1.15382787,0
1505742538,21764128,0.07298600,3.98765000,1
1505742536,21764073,0.07298609,1.21399500,1
1505742473,21763984,0.07305300,0.00000573,0
1505742473,21763982,0.07306400,3.98764427,1
1505742351,21763787,0.07291900,3.98765000,1
1505742340,21763772,0.07310900,1.43251856,0
1505742303,21763619,0.07294900,0.00283103,1
1505742302,21763618,0.07298005,1.91621509,1
1505742302,21763617,0.07298005,2.12896388,1
1505742286,21763595,0.07297011,1.00000000,1
1505742275,21763590,0.07312600,3.98765000,0
1505742242,21763524,0.07296104,3.39564000,1
1505742221,21763500,0.07300440,0.86205763,1
1505742216,21763480,0.07300443,4.37732812,1
1505742142,21763392,0.07306003,0.84076067,1
1505742095,21763354,0.07322697,2.71911278,0
1505742044,21763266,0.07317682,1.12302672,0
1505742044,21763265,0.07317682,0.98523828,0
1505742030,21763249,0.07317687,1.74476172,1
1505742029,21763247,0.07317687,0.82961828,1
1505742028,21763246,0.07317687,2.73000000,0
1505742027,21763243,0.07317680,4.81726800,0
1505741850,21762964,0.07306600,0.00012500,1
1505741849,21762957,0.07306600,3.98752500,1
1505741842,21762945,0.07306600,0.00012458,1
1505741842,21762944,0.07306601,0.50082242,1
1505741819,21762846,0.07321250,0.03460152,1
1505741817,21762835,0.07321250,0.64192600,1
1505741812,21762817,0.07321250,0.64192600,1
1505741801,21762788,0.07321250,2.00975300,1
1505741799,21762783,0.07321250,0.82784374,1
1505741782,21762730,0.07316109,1.63840914,0
1505741782,21762723,0.07316109,0.87496800,0
1505741772,21762693,0.07316110,1.13424584,1
1505741771,21762689,0.07316110,2.62549000,1
1505741771,21762687,0.07318201,0.75521740,1
1505741767,21762674,0.07318200,0.64193100,1
1505741765,21762673,0.07318200,3.34571900,1
1505741762,21762656,0.07316110,0.64193114,1
1505741758,21762633,0.07334998,4.97711900,0
1505741757,21762627,0.07334998,1.15224267,0
1505741751,21762607,0.07336085,1.46043229,0
1505741717,21762514,0.07318523,5.32878000,1
1505741690,21762394,0.07323900,3.98765000,1
1505741583,21762160,0.07336300,0.62612400,0
1505741544,21762122,0.07318053,1.27977000,1
1505741473,21761992,0.07318000,1.33548184,1
1505741473,21761991,0.07318001,0.11432816,1
1505741473,21761990,0.07318004,1.72020000,1
1505741471,21761987,0.07335783,7.51220817,1
1505741470,21761986,0.07335782,3.23618783,0
1505741470,21761985,0.07330000,0.17800000,0
1505741425,21761852,0.07330000,0.19200000,0
1505741381,21761624,0.07318901,0.51339500,1
1505741373,21761608,0.07325519,1.70179200,1
1505741308,21761508,0.07325504,0.67738400,1
1505741267,21761410,0.07325491,3.43748000,1
1505741255,21761390,0.07325487,0.88467500,1
1505741205,21761327,0.07325483,5.64398000,1
1505741200,21761310,0.07325483,5.66509000,1
1505741195,21761300,0.07325483,0.53090015,1
1505741173,21761262,0.07325483,0.90381000,1
1505741163,21761244,0.07325481,7.55487400,1
1505741163,21761237,0.07325481,0.65510100,1
1505741162,21761235,0.07325482,2.73000000,1
1505741151,21761208,0.07325480,1.12979800,1
1505741097,21761096,0.07333000,0.12250000,0
1505741085,21761055,0.07333001,2.00829102,1
1505741079,21761022,0.07342264,3.74159169,0
1505741078,21761010,0.07342265,13.06040831,1
1505741067,21760980,0.07325459,8.22065000,1
1505741064,21760973,0.07325459,0.24915866,1
1505741064,21760970,0.07325459,2.75360863,1
1505741063,21760968,0.07325460,1.47423637,1
1505741063,21760967,0.07325460,0.43928943,1
1505741062,21760960,0.07325459,2.72999500,1
1505741061,21760958,0.07340045,2.72999500,0
1505741045,21760919,0.07325453,0.13554200,1
1505741038,21760899,0.07325452,0.68855700,1
1505741035,21760893,0.07325452,24.97050677,1
1505741029,21760848,0.07325452,7.00607700,1
1505741025,21760818,0.07325452,2.08257000,1
1505741025,21760815,0.07325452,18.70032000,1
1505741006,21760778,0.07325450,0.86061000,1
1505740997,21760721,0.07325449,1.32552900,1
1505740985,21760681,0.07325442,0.75707388,1
1505740945,21760570,0.07325413,0.27752702,1
1505740937,21760555,0.07325410,0.58324381,1
1505740935,21760548,0.07325411,2.47491950,1
1505740933,21760545,0.07325410,2.47500500,1
1505740932,21760538,0.07325410,15.98845100,1
1505740924,21760492,0.07325414,0.24113900,1
1505740921,21760488,0.07340214,2.00000000,0
1505740918,21760483,0.07325408,0.67152000,1
1505740906,21760453,0.07325411,1.25228469,1
1505740804,21760276,0.07340347,2.50000000,0
1505740801,21760268,0.07340350,0.20000000,0
1505740739,21760147,0.07325046,0.99700500,1
1505740734,21760137,0.07325046,1.17925000,1
1505740731,21760135,0.07325046,2.92291612,1
1505740731,21760133,0.07325046,3.63440022,1
1505740731,21760132,0.07325047,0.29256063,1
1505740731,21760130,0.07325047,0.26670915,1
1505740728,21760119,0.07325047,0.61084933,1
1505740714,21760085,0.07325043,0.65273500,1
1505740695,21760048,0.07325043,0.20736000,1
1505740694,21760036,0.07325043,4.11999500,1
1505740693,21760030,0.07325043,41.87920000,1
1505740693,21760028,0.07325043,0.65762400,1
1505740684,21760007,0.07325043,13.73290000,1
1505740680,21760003,0.07325043,4.13910600,1
1505740670,21759979,0.07325043,2.73035940,1
1505740662,21759958,0.07325043,0.34414100,1
1505740649,21759931,0.07325043,0.51568252,1
1505740648,21759926,0.07325042,0.34397400,0
1505740646,21759920,0.07325042,4.20610541,1
1505740646,21759919,0.07325042,0.34397400,1
1505740641,21759906,0.07325039,4.70863200,1
1505740634,21759890,0.07325039,0.79343900,1
1505740631,21759885,0.07325038,6.99992274,1
1505740571,21759747,0.07323415,1.04588000,1
1505740560,21759724,0.07323412,1.63133300,1
1505740558,21759717,0.07323409,10.06679000,1
1505740556,21759711,0.07323409,25.00000000,1
1505740555,21759705,0.07323409,1.70129148,1
1505740554,21759704,0.07323410,0.51568252,1
1505740531,21759668,0.07323409,3.87609000,1
1505740519,21759635,0.07323405,5.92901982,1
1505740519,21759631,0.07323406,0.64148436,1
1505740513,21759603,0.07323405,3.19193531,1
1505740469,21759424,0.07323401,3.76492600,1
1505740458,21759411,0.07323401,0.27648575,1
1505740457,21759406,0.07323400,1.47253012,1
1505740450,21759379,0.07329000,2.00000000,1
1505740384,21759263,0.07334478,0.82965877,0
1505740382,21759258,0.07334479,0.00010893,1
1505740379,21759211,0.07334479,6.80011641,0
1505740335,21759118,0.07325319,0.26859500,0
1505740335,21759117,0.07325319,0.26859500,0
1505740220,21758991,0.07335100,0.47546727,1
1505740186,21758953,0.07335100,0.47530367,0
1505740184,21758950,0.07335100,0.47511281,0
1505740182,21758943,0.07335100,0.73796000,0
1505740179,21758940,0.07335097,3.98759474,0
1505740168,21758925,0.07333500,3.98765000,0
1505740168,21758924,0.07330000,0.43830000,0
1505740157,21758912,0.07329300,3.98765000,1
1505740093,21758857,0.07337100,0.78460477,1
1505740089,21758855,0.07336498,2.39362400,0
1505740081,21758836,0.07353422,0.47444900,0
1505740065,21758820,0.07340000,2.67834180,1
1505740008,21758729,0.07340000,0.49531000,1
1505740007,21758726,0.07340000,3.61118700,1
1505739988,21758706,0.07340000,1.70630800,1
1505739987,21758702,0.07340000,3.29368700,1
1505739984,21758698,0.07340000,0.25000000,1
1505739960,21758674,0.07348973,3.29359679,0
1505739957,21758666,0.07348987,3.87400250,0
1505739956,21758662,0.07348987,4.60995320,0
1505739937,21758645,0.07343000,0.14489100,1
1505739890,21758611,0.07351709,1.63937168,1
1505739889,21758610,0.07351708,0.12018562,0
1505739885,21758609,0.07351708,0.15025484,1
1505739882,21758606,0.07351708,0.32455044,1
1505739881,21758605,0.07351708,0.23124205,1
1505739876,21758588,0.07351708,0.59620700,1
1505739848,21758561,0.07351704,0.49808086,1
1505739848,21758558,0.07351704,1.70791200,1
1505739847,21758553,0.07351702,1.49817000,1
1505739828,21758518,0.07351702,2.03253900,1
1505739827,21758513,0.07351702,3.51639025,1
1505739820,21758507,0.07351702,1.57815500,1
1505739810,21758497,0.07351702,8.42184000,1
1505739809,21758495,0.07351702,1.57815500,1
1505739804,21758487,0.07351702,1.15843000,1
1505739794,21758473,0.07351701,1.06397146,1
1505739786,21758461,0.07351701,2.65830924,1
1505739786,21758458,0.07354001,0.43830000,0
1505739784,21758457,0.07354001,1.12339076,1
1505739638,21758268,0.07352701,0.10000000,1
1505739628,21758261,0.07357501,0.96139200,1
1505739625,21758255,0.07357501,7.01600000,1
1505739617,21758212,0.07371986,2.18639867,1
1505739617,21758207,0.07371986,5.30087400,1
1505739606,21758063,0.07371986,61.50203700,1
1505739600,21758038,0.07371986,0.81392500,1
1505739596,21758028,0.07371986,1.88752000,1
1505739572,21757995,0.07371986,0.30505500,1
1505739569,21757993,0.07371986,3.50000000,1
1505739564,21757984,0.07371986,20.00000000,1
1505739562,21757981,0.07371986,0.08927100,1
1505739561,21757980,0.07371986,0.49654700,1
1505739560,21757977,0.07371986,0.19507800,1
1505739546,21757958,0.07371986,14.19423800,1
1505739545,21757954,0.07371986,0.09130200,1
1505739544,21757952,0.07371986,0.55352500,1
1505739542,21757949,0.07371986,1.00000000,1
1505739541,21757946,0.07371986,0.21398033,1
1505739539,21757944,0.07371986,15.00000000,1
1505739537,21757942,0.07371986,6.04381700,1
1505739537,21757941,0.07371986,9.62184500,1
1505739536,21757937,0.07371986,3.01693700,1
1505739524,21757918,0.07370900,3.98765000,0
1505739512,21757883,0.07340001,1.10193100,1
1505739511,21757882,0.07340900,1.50000000,1
1505739511,21757881,0.07344132,0.50350078,1
1505739511,21757880,0.07344132,0.11824246,1
1505739511,21757878,0.07357100,3.98765000,1
1505739508,21757874,0.07357102,1.60662999,1
1505739508,21757873,0.07357104,13.47788001,1
1505739482,21757822,0.07371972,0.44217680,0
1505739480,21757817,0.07371000,0.43740000,0
1505739438,21757708,0.07355604,0.12517362,0
1505739433,21757694,0.07356300,3.98765000,1
1505739418,21757619,0.07370987,1.08439000,0
1505739403,21757599,0.07372987,10.45937900,0
1505739403,21757598,0.07372987,0.43739500,0
1505739396,21757582,0.07373987,1.26780000,0
1505739349,21757481,0.07372600,3.98759638,0
1505739339,21757451,0.07371400,0.59364000,0
1505739338,21757446,0.07371400,1.47088000,0
1505739309,21757386,0.07363987,4.35440886,0
1505739303,21757353,0.07363987,1.72534129,0
1505739302,21757338,0.07363987,10.90500000,0
1505739301,21757326,0.07364000,3.71174300,1
1505739299,21757322,0.07364000,0.27590700,0
1505739296,21757297,0.07364000,0.27165300,1
1505739242,21757240,0.07385900,1.27682900,0
1505739241,21757239,0.07385899,0.23806900,0
1505739199,21757174,0.07355855,0.15017499,1
1505739194,21757161,0.07382100,1.08342361,0
1505739190,21757154,0.07380400,3.98765000,0
1505739190,21757153,0.07380000,0.13623979,0
1505739190,21757152,0.07378574,4.84628150,0
1505739147,21757104,0.07359700,2.74521953,1
1505739138,21757091,0.07376997,13.62805500,0
1505739134,21757082,0.07361795,0.99431000,1
1505739134,21757081,0.07363000,0.43740000,1
1505739132,21757077,0.07361795,0.43770600,1
1505739096,21756993,0.07359500,2.51530000,0
1505739096,21756992,0.07360900,1.47235000,1
1505739095,21756991,0.07360900,1.25765000,0
1505739094,21756990,0.07360900,2.73000000,0
1505739079,21756959,0.07340913,0.08879317,1
1505739053,21756921,0.07353039,1.27152600,0
1505739038,21756888,0.07340903,0.08186000,1
1505739016,21756844,0.07346043,1.08787278,1
1505739014,21756842,0.07346043,0.13622000,0
1505739012,21756838,0.07340000,0.13623979,1
1505738999,21756795,0.07340804,0.50478900,1
1505738994,21756782,0.07340800,3.97404257,1
1505738994,21756780,0.07340803,4.16639543,1
1505738936,21756625,0.07353800,1.08787278,0
1505738933,21756566,0.07346044,2.16909100,0
1505738933,21756564,0.07346019,0.27482500,0
1505738933,21756563,0.07346019,0.27528800,0
1505738916,21756504,0.07346019,4.30589220,0
1505738916,21756503,0.07345000,0.39047780,0
1505738911,21756478,0.07340008,0.39142400,1
1505738856,21756285,0.07340004,0.10000000,1
1505738849,21756253,0.07346019,1.04000000,0
1505738816,21756111,0.07346044,4.53687500,0
1505738814,21756105,0.07346053,2.73000000,1
1505738797,21755995,0.07346043,0.21610100,1
1505738691,21755644,0.07345908,1.08511359,1
1505738680,21755617,0.07342907,3.09831000,1
1505738680,21755616,0.07345900,3.98765000,1
1505738658,21755580,0.07352004,3.77796000,1
1505738650,21755563,0.07352000,0.39047780,1
1505738647,21755560,0.07351004,2.75494700,1
1505738645,21755553,0.07351004,4.45525400,1
1505738644,21755550,0.07351004,0.98639100,1
1505738642,21755546,0.07351003,4.45525400,1
1505738616,21755494,0.07372500,1.08511359,0
1505738596,21755435,0.07345007,1.31969800,1
1505738580,21755414,0.07363600,0.41260514,0
1505738580,21755413,0.07363599,2.73000000,0
1505738580,21755412,0.07363599,0.76230486,0
1505738580,21755411,0.07363598,0.08274000,0
1505738569,21755396,0.07364389,2.74061158,0
1505738551,21755370,0.07348200,3.98765000,0
1505738551,21755368,0.07338900,0.15124687,0
1505738536,21755355,0.07338900,0.27891100,0
1505738528,21755324,0.07338900,0.47542000,0
1505738527,21755313,0.07331120,1.08842056,1
1505738526,21755312,0.07338900,0.37101700,0
1505738523,21755293,0.07331117,0.10000000,1
1505738515,21755283,0.07331117,0.11462795,1
1505738509,21755281,0.07331119,0.28575577,1
1505738492,21755258,0.07338900,2.31692800,1
1505738489,21755257,0.07338900,0.02142700,1
1505738489,21755256,0.07338901,0.42998500,1
1505738489,21755253,0.07338900,1.64929500,1
1505738479,21755246,0.07328204,0.00052961,1
1505738479,21755245,0.07350100,0.75619039,1
1505738470,21755241,0.07350100,0.33223017,0
1505738460,21755230,0.07348000,0.00000500,0
1505738460,21755227,0.07348000,0.43849500,0
1505738458,21755220,0.07325607,0.10000000,1
1505738401,21755144,0.07342100,1.10000000,0
1505738345,21755088,0.07319142,0.10000000,1
1505738341,21755081,0.07338900,0.31741300,0
1505738336,21755072,0.07338299,3.37038160,0
1505738314,21755055,0.07319115,1.08888025,1
1505738291,21755047,0.07346997,1.08888025,0
1505738275,21755014,0.07331400,2.31744991,1
1505738275,21755013,0.07331401,0.31612037,1
1505738275,21755012,0.07331407,0.14910872,1
1505738255,21754981,0.07337000,0.02501600,1
1505738252,21754968,0.07337000,0.41348400,1
1505738218,21754876,0.07337000,2.81194000,1
1505738216,21754839,0.07360098,9.17270082,1
1505738214,21754824,0.07350100,0.42999500,0
1505738201,21754808,0.07349200,0.15539500,1
1505738199,21754800,0.07349200,0.43780000,1
1505738188,21754773,0.07350100,3.83225500,1
1505738188,21754772,0.07350100,0.15539500,1
1505738176,21754738,0.07350800,1.10872287,1
1505738151,21754679,0.07352500,3.22526400,1
1505738151,21754677,0.07352500,0.40743200,1
1505738085,21754508,0.07359700,0.25460408,0
1505738085,21754507,0.07352800,0.00000592,0
1505738074,21754452,0.07342824,0.17743600,1
1505738073,21754442,0.07352800,0.69975804,0
1505738061,21754406,0.07342820,0.17755500,1
1505738060,21754404,0.07352800,0.17743604,0
1505738025,21754316,0.07354000,0.43780000,1
1505738005,21754281,0.07350100,10.25565000,0
1505738005,21754277,0.07350100,3.98765000,1
1505738000,21754244,0.07361754,2.72999998,0
1505738000,21754242,0.07361751,13.50737002,0
1505737982,21754156,0.07361000,0.14037000,1
1505737981,21754152,0.07361000,0.10000000,0
1505737964,21754060,0.07361801,0.81624600,0
1505737957,21754030,0.07342502,0.10000000,1
1505737896,21753874,0.07339458,28.44860000,1
1505737895,21753871,0.07339458,1.09314000,1
1505737879,21753834,0.07339456,0.00883398,1
1505737879,21753833,0.07339459,12.57696602,1
1505737826,21753795,0.07339410,1.68702000,1
1505737811,21753776,0.07339405,0.10000000,1
1505737809,21753767,0.07339405,0.10000000,1
1505737807,21753742,0.07339405,0.10000000,1
1505737805,21753718,0.07339404,0.10000000,1
1505737804,21753703,0.07339401,0.10000000,1
1505737802,21753701,0.07339400,0.10000000,1
1505737800,21753695,0.07339400,0.10000000,1
1505737797,21753692,0.07332818,0.00103613,1
1505737797,21753691,0.07332819,1.47031387,1
1505737796,21753687,0.07332819,1.17192000,1
1505737795,21753681,0.07332819,0.08776613,1
1505737795,21753680,0.07339000,0.01223387,1
1505737793,21753671,0.07339000,0.10000000,1
1505737791,21753662,0.07339006,0.10000000,1
1505737788,21753659,0.07339000,3.87541613,1
1505737777,21753626,0.07360000,3.53253087,1
1505737777,21753625,0.07360000,2.80946607,1
1505737777,21753624,0.07360000,63.17800000,1
1505737777,21753623,0.07360000,1.49115845,1
1505737776,21753622,0.07354912,0.41084461,0
1505737776,21753621,0.07354904,8.57800000,0
1505737770,21753620,0.07331901,0.10000000,1
1505737768,21753616,0.07331900,0.40250000,1
1505737768,21753614,0.07331900,0.10000000,1
1505737765,21753602,0.07330200,0.10000000,1
1505737764,21753596,0.07330200,0.10000000,1
1505737761,21753591,0.07330203,0.10000000,1
1505737759,21753584,0.07330200,0.10000000,1
1505737758,21753581,0.07354920,2.00912563,0
1505737757,21753578,0.07330200,0.10000000,1
1505737755,21753561,0.07329801,0.42071200,1
1505737755,21753557,0.07329801,0.10000000,1
1505737753,21753534,0.07329800,0.10000000,1
1505737750,21753507,0.07329800,0.10000000,1
1505737748,21753483,0.07329800,0.10000000,1
1505737746,21753464,0.07329800,0.10000000,1
1505737743,21753457,0.07328104,0.10000000,1
1505737741,21753454,0.07328101,0.10000000,1
1505737739,21753449,0.07328101,0.10000000,1
1505737738,21753443,0.07328100,0.10000000,1
1505737736,21753441,0.07328100,0.10000000,1
1505737732,21753427,0.07326408,0.10000000,1
1505737729,21753418,0.07326407,0.10000000,1
1505737727,21753408,0.07326401,0.10000000,1
1505737724,21753401,0.07326400,0.10000000,1
1505737722,21753399,0.07324903,0.10000000,1
1505737720,21753397,0.07324902,0.10000000,1
1505737717,21753387,0.07324902,0.10000000,1
1505737714,21753382,0.07324900,0.10000000,1
1505737712,21753377,0.07322414,0.10000000,1
1505737711,21753373,0.07322411,0.10000000,1
1505737709,21753367,0.07322407,0.10000000,1
1505737707,21753359,0.07322405,0.10000000,1
1505737705,21753355,0.07322405,0.10000000,1
1505737703,21753350,0.07322405,0.10000000,1
1505737701,21753344,0.07322405,0.10000000,1
1505737699,21753339,0.07322404,0.10000000,1
1505737696,21753318,0.07322404,0.10000000,1
