date,tid,price,amount,type
1505779280,21805648,251.26,0.20000000,0
1505779271,21805642,251.26,2.05083990,0
1505779270,21805639,251.26,4.36000000,0
1505779255,21805630,250.88,0.00274259,0
1505779254,21805628,250.88,0.04000000,0
1505779246,21805608,250.88,0.04000000,0
1505779233,21805537,250.88,0.00000341,1
1505779233,21805535,251.00,0.28314400,1
1505779233,21805531,251.27,4.60000000,0
1505779219,21805507,251.27,6.24000000,0
1505779207,21805501,251.27,0.04000000,0
1505779193,21805488,251.27,9.76000000,0
1505779177,21805480,251.00,0.45605600,1
1505779176,21805477,251.00,0.26080000,1
1505779173,21805475,251.07,9.76000000,0
1505779168,21805470,251.07,0.32842110,0
1505779167,21805469,251.07,0.32621769,0
1505779164,21805467,251.08,0.32848534,0
1505779162,21805466,251.27,1.72109682,0
1505779162,21805465,251.26,0.62000000,0
1505779161,21805464,251.21,0.10588702,0
1505779161,21805463,251.21,0.22451969,0
1505779161,21805462,251.20,0.12196766,0
1505779161,21805461,251.20,0.12571558,0
1505779161,21805460,251.20,0.08274000,0
1505779160,21805459,251.19,0.33043968,0
1505779160,21805455,251.08,0.33057198,0
1505779160,21805452,251.07,0.31766795,0
1505779154,21805436,250.88,0.30728000,1
1505779153,21805432,251.07,0.01292395,0
1505779153,21805431,251.00,1.02707605,0
1505779133,21805364,251.00,0.03999585,0
1505779133,21805363,250.97,0.00000415,0
1505779123,21805353,250.97,0.31639585,1
1505779119,21805348,251.00,0.32887305,0
1505779112,21805343,250.97,0.31638705,0
1505779112,21805342,250.97,0.00000277,0
1505779112,21805341,250.97,0.00178500,0
1505779112,21805340,250.96,0.00182518,0
1505779098,21805338,250.88,0.30916285,0
1505779098,21805337,250.88,0.33083715,0
1505779074,21805315,250.86,2.76393207,0
1505779064,21805275,250.84,6.32000000,0
1505779051,21805242,250.84,5.12000000,0
1505779044,21805232,250.84,0.04000000,0
1505779032,21805180,250.86,2.29362000,0
1505779032,21805179,250.47,0.50638000,0
1505779029,21805176,250.87,0.32906981,0
1505779029,21805175,250.87,0.32868951,0
1505779027,21805170,250.87,0.48032845,0
1505779027,21805167,250.84,0.02191261,0
1505779024,21805157,250.84,0.30676461,0
1505779024,21805156,250.84,0.00222021,0
1505779024,21805155,250.75,0.01101518,0
1505779017,21805148,250.75,0.31838398,0
1505779016,21805147,250.75,0.00161602,0
1505779008,21805144,250.72,0.84000000,0
1505779002,21805142,250.73,2.99890442,0
1505779002,21805140,250.67,0.00109558,0
1505779000,21805137,250.67,1.24000000,0
1505778991,21805136,250.67,0.00759285,0
1505778991,21805135,250.66,0.03240715,0
1505778976,21805116,250.66,0.04000000,0
1505778964,21805089,250.66,0.02759285,0
1505778964,21805087,250.65,0.01240715,0
1505778955,21805070,250.65,0.08000000,0
1505778947,21805068,250.65,0.00759285,0
1505778947,21805067,250.60,1.19240715,0
1505778902,21805031,250.60,0.48000000,0
1505778852,21805008,250.60,0.32759285,0
1505778852,21805007,250.57,0.07366715,0
1505778850,21805005,250.54,0.10000000,0
1505778735,21804962,250.53,0.88000000,0
1505778636,21804899,250.09,0.02992662,0
1505778624,21804897,250.09,0.08000000,0
1505778614,21804892,250.09,0.01181143,0
1505778614,21804891,250.08,0.66818857,0
1505778592,21804883,250.06,0.08000000,0
1505778319,21804800,249.95,1.17692257,1
1505778318,21804799,249.95,2.50376057,1
1505778317,21804796,249.95,0.18023000,1
1505778283,21804791,249.71,0.31910000,0
1505778230,21804782,249.78,0.31661143,0
1505778230,21804781,249.77,0.08274000,0
1505778122,21804692,250.09,0.08274000,0
1505778121,21804690,250.10,0.00002323,1
1505778120,21804685,250.09,0.08271677,0
1505778119,21804683,250.09,0.20460356,1
1505778118,21804682,250.09,0.08274000,1
1505778117,21804681,250.08,0.29581728,0
1505778117,21804680,250.08,0.31889916,0
1505778117,21804679,250.06,0.08274000,0
1505778112,21804665,250.08,0.08274000,0
1505778111,21804664,250.08,0.29596520,1
1505778109,21804661,250.08,0.02313480,1
1505778106,21804655,250.07,0.05948894,1
1505778076,21804641,250.00,0.08274000,1
1505778075,21804639,250.00,0.49648780,0
1505778075,21804638,250.00,0.06411787,0
1505778075,21804637,249.97,0.15877388,0
1505778075,21804636,249.94,0.08274000,0
1505778071,21804632,249.61,1.47890400,1
1505778056,21804602,250.00,0.49648900,1
1505778052,21804591,250.00,0.19211100,1
1505778052,21804589,250.02,0.08274000,1
1505778040,21804569,250.24,0.08261076,0
1505778038,21804558,250.24,3.86452000,1
1505778037,21804556,250.24,0.08274000,1
1505778036,21804552,250.23,0.08274000,0
1505778026,21804549,250.23,0.06554000,1
1505778025,21804547,250.23,0.98426000,0
1505778025,21804545,250.23,0.15451306,0
1505778007,21804513,249.88,0.56060685,1
1505778007,21804512,249.89,0.08274000,1
1505778005,21804503,249.88,3.30386000,1
1505778005,21804502,249.88,0.98426000,1
1505778004,21804501,249.93,0.08274000,1
1505777840,21804409,250.05,0.08274000,1
1505777781,21804385,249.74,0.06554000,1
1505777713,21804362,250.16,0.32941603,0
1505777709,21804360,250.16,0.12933595,0
1505777709,21804359,249.98,0.20000000,0
1505777706,21804355,250.67,1.77772149,0
1505777705,21804354,250.66,0.33112886,0
1505777705,21804353,250.62,0.33118209,0
1505777705,21804352,250.58,0.33123302,0
1505777704,21804350,250.57,0.24000000,1
1505777704,21804349,250.38,0.33150093,0
1505777704,21804347,250.34,0.33155440,0
1505777703,21804346,250.10,0.33133096,0
1505777703,21804345,250.10,0.33186788,0
1505777703,21804344,250.00,1.00455692,0
1505777703,21804343,250.00,1.72402545,0
1505777703,21804342,250.00,333.00000000,0
1505777702,21804341,250.00,0.30000000,0
1505777702,21804340,249.99,14.85113500,0
1505777702,21804339,249.99,30.00922200,0
1505777702,21804338,249.99,12.84354100,0
1505777700,21804337,249.98,1.22000000,1
1505777700,21804336,249.98,0.71000000,0
1505777694,21804335,249.98,0.61000000,0
1505777694,21804334,249.98,0.09000000,0
1505777694,21804333,249.97,0.30000000,0
1505777663,21804328,249.99,8.54000800,0
1505777663,21804327,249.98,1.45999200,0
1505777662,21804326,249.98,0.10000800,1
1505777657,21804325,249.98,0.06856548,0
1505777657,21804324,249.98,0.50000000,0
1505777656,21804323,249.96,0.20000000,0
1505777656,21804322,249.47,0.00018523,0
1505777656,21804321,249.47,0.33114300,0
1505777655,21804320,249.40,0.50000000,0
1505777552,21804284,249.37,1.18000000,0
1505777551,21804283,249.38,2.85013456,1
1505777551,21804282,249.36,1.17986544,0
1505777550,21804281,249.35,0.60000000,1
1505777550,21804280,249.35,3.43000000,1
1505777543,21804278,249.39,0.90000000,0
1505777543,21804277,249.38,0.10000000,0
1505777508,21804263,249.35,0.50000000,0
1505777508,21804262,249.33,0.10000000,0
1505777504,21804260,249.32,1.79602116,0
1505777488,21804255,249.32,0.33084394,0
1505777486,21804254,249.20,0.10000000,1
1505777483,21804253,249.20,0.50000000,0
1505777483,21804252,249.19,0.10000000,0
1505777483,21804251,249.15,0.24816325,0
1505777467,21804247,249.14,0.10000000,0
1505777467,21804246,249.14,0.10000000,0
1505776978,21804114,249.00,0.99995984,1
1505776972,21804108,249.01,4.12489459,0
1505776966,21804107,249.03,3.00000000,1
1505776882,21804082,249.15,0.08472807,0
1505776882,21804081,249.11,0.23304886,0
1505776880,21804080,248.86,0.08274000,0
1505776873,21804077,249.00,9.71726000,1
1505776873,21804076,249.00,4.03000000,1
1505776873,21804075,248.96,0.08274000,0
1505776841,21804071,248.58,0.23304886,1
1505776829,21804068,249.15,2.45312196,1
1505776829,21804067,249.14,0.00819000,0
1505776828,21804066,249.08,0.08274000,1
1505776827,21804065,249.07,1.37000000,0
1505776693,21804030,249.14,0.09181000,0
1505776692,21804029,249.12,0.50000000,0
1505776692,21804028,248.91,0.10000000,0
1505776692,21804027,248.83,0.32100000,0
1505776690,21804024,248.82,0.98845000,0
1505776494,21803944,248.43,1.94233000,1
1505776494,21803943,248.59,0.08274000,1
1505776494,21803942,248.60,0.89219000,1
1505776493,21803941,248.60,0.08274000,1
1505776442,21803926,248.52,0.09626000,1
1505776442,21803925,248.52,0.32100000,1
1505776442,21803924,248.60,0.08274000,1
1505776415,21803912,248.99,0.25024000,1
1505776381,21803905,248.98,0.16702000,0
1505776381,21803904,248.96,0.08274000,0
1505776363,21803897,248.98,1.87454012,1
1505776325,21803865,248.98,0.20000000,1
1505776167,21803807,249.14,0.23264028,0
1505776146,21803803,248.99,2.44465825,0
1505776100,21803779,248.75,0.34309600,1
1505776099,21803778,249.13,1.10560465,1
1505776099,21803777,248.94,0.23454500,0
1505776099,21803776,248.93,0.10000000,0
1505776099,21803775,248.84,0.10000000,0
1505776098,21803774,248.50,0.46830035,0
1505776095,21803771,248.49,0.46862800,0
1505775999,21803691,248.90,0.39027716,1
1505775997,21803690,248.65,2.31018579,0
1505775997,21803689,248.64,0.10075532,0
1505775997,21803688,248.62,0.10046883,0
1505775997,21803687,248.41,0.09831290,0
1505775898,21803623,248.24,0.08274000,0
1505775869,21803593,248.41,0.17360431,1
1505775869,21803592,248.62,0.14839569,1
1505775869,21803589,248.59,0.32024000,0
1505775869,21803588,248.50,0.34901764,0
1505775868,21803586,248.41,0.10000000,0
1505775868,21803585,248.20,0.50000000,0
1505775868,21803584,247.99,0.50000000,0
1505775866,21803581,247.97,0.08274000,0
1505775639,21803498,248.15,0.02417405,0
1505775626,21803490,247.58,2.77988222,1
1505775625,21803489,247.58,0.00308961,1
1505775625,21803488,247.95,1.51284168,1
1505775625,21803487,248.05,0.50000000,1
1505775617,21803450,248.20,2.00000000,0
1505775458,21803365,248.36,1.12421484,0
1505775457,21803363,248.25,0.08274000,0
1505775278,21803258,247.98,0.32024000,1
1505775277,21803257,247.98,0.08274000,1
1505775276,21803256,247.99,1.42086313,1
1505775217,21803234,247.95,2.76420275,1
1505775217,21803233,247.97,1.07382808,1
1505775195,21803227,247.97,8.56352618,1
1505775195,21803226,248.24,0.08274000,1
1505775096,21803209,247.90,0.78271607,1
1505775027,21803199,248.62,0.16663985,0
1505775026,21803198,248.60,0.30000000,0
1505775026,21803197,248.00,2.00000000,0
1505775026,21803196,247.99,0.19826800,0
1505775025,21803195,247.96,0.20000000,0
1505775025,21803194,247.91,0.99115375,0
1505775023,21803193,247.85,0.08274000,1
1505775023,21803192,247.85,0.08274000,0
1505774934,21803105,247.92,0.04335726,0
1505774829,21803038,247.50,0.03941298,1
1505774777,21803019,247.50,0.15250700,1
1505774678,21803008,247.51,4.00000000,1
1505774632,21802994,247.50,0.39008300,1
1505774616,21802984,247.72,0.00018523,1
1505774607,21802981,247.72,0.33114300,1
1505774588,21802976,247.80,0.29826800,1
1505774279,21802715,247.80,0.03454500,1
1505774279,21802714,247.81,0.08274000,1
1505774279,21802713,247.82,0.08274000,1
1505774249,21802673,248.17,0.32200000,0
1505774248,21802666,248.74,2.56593229,0
1505774248,21802665,248.65,0.18000000,0
1505774248,21802663,248.64,1.09935876,1
1505774248,21802662,248.64,0.08274000,1
1505774246,21802661,248.64,0.08274000,0
1505774225,21802640,248.73,0.08390624,0
1505774225,21802639,247.99,0.10000000,0
1505774225,21802638,247.97,0.33494753,0
1505774223,21802634,247.96,0.32100000,0
1505774132,21802550,247.80,0.16710868,1
1505774130,21802548,247.81,0.33289132,1
1505774076,21802446,248.44,4.03000000,0
1505774075,21802445,248.45,3.70000000,0
1505774075,21802443,248.45,0.33000000,0
1505774073,21802436,248.45,4.03000000,0
1505774071,21802430,248.46,0.33133096,1
1505774070,21802427,248.50,0.00002887,1
1505774070,21802426,248.50,0.99997113,1
1505774070,21802424,248.50,0.53000000,1
1505774070,21802423,248.50,1.00000000,1
1505774070,21802422,248.50,1.49862887,1
1505774042,21802397,248.50,1.00000000,1
1505774040,21802396,248.50,0.44137113,1
1505774040,21802395,248.50,0.09146130,1
1505774035,21802387,248.50,1.00000000,1
1505774020,21802373,248.50,2.93853870,1
1505774020,21802372,248.50,0.50000000,1
1505773964,21802305,248.45,0.35184727,1
1505773964,21802304,248.46,0.32100000,0
1505773964,21802303,248.47,0.08274000,0
1505773962,21802302,248.92,0.08274000,1
1505773948,21802288,248.42,1.50000000,1
1505773948,21802287,248.60,1.00000000,1
1505773948,21802286,248.80,0.50000000,1
1505773918,21802246,249.25,0.44433300,0
1505773898,21802244,249.27,3.60000000,0
1505773887,21802240,249.22,0.08274000,0
1505773885,21802239,249.23,0.08274000,0
1505773615,21802138,248.67,0.55331976,1
1505773615,21802137,248.78,0.08209590,1
1505773615,21802136,248.88,0.08274000,1
1505773608,21802135,248.78,0.09869410,1
1505773608,21802134,248.82,0.08274000,1
1505773548,21802100,249.34,0.18039625,0
1505773354,21802027,249.83,1.60950000,0
1505773353,21802026,249.52,0.32050000,1
1505773353,21802024,249.39,0.08274000,0
1505773308,21802008,249.16,0.08274000,1
1505773286,21801993,248.48,0.55676227,1
1505773281,21801985,248.43,0.67950000,1
1505773281,21801984,248.43,0.32050000,1
1505773275,21801981,248.39,0.95000000,1
1505773275,21801980,248.90,1.00000000,1
1505773274,21801979,248.91,0.05000000,1
1505773261,21801966,249.34,0.08274000,0
1505773233,21801957,248.94,0.06358526,1
1505773204,21801938,248.99,3.61799597,0
1505773192,21801934,249.00,0.08274000,0
1505773191,21801933,249.07,0.99076000,1
1505773191,21801932,249.10,10.95000000,1
1505773191,21801931,249.10,0.08274000,1
1505773013,21801847,249.30,0.33075000,0
1505772985,21801797,249.20,1.00000000,0
1505772841,21801753,249.21,3.00196621,0
1505772830,21801748,249.24,0.05998235,0
1505772727,21801635,249.50,0.12196766,0
1505772726,21801633,249.02,0.12571558,0
1505772726,21801632,248.73,0.08274000,0
1505772721,21801626,249.57,0.07225893,0
1505772721,21801625,249.56,0.48000000,0
1505772721,21801624,249.54,0.10589175,0
1505772721,21801623,249.23,0.10127004,0
1505772721,21801622,248.76,0.24057928,0
1505772716,21801610,248.76,1.33781350,0
1505772716,21801608,248.75,0.08274000,0
1505772713,21801603,249.08,0.32867722,1
1505772710,21801600,249.23,0.08274000,0
1505772708,21801593,249.23,0.00716306,1
1505772708,21801591,249.24,0.08274000,0
1505772706,21801585,249.23,0.18410565,1
1505772701,21801565,249.50,0.10588702,1
1505772662,21801514,249.65,0.32892989,1
1505772654,21801483,249.57,0.67107011,0
1505772646,21801475,249.62,0.32892989,1
1505772646,21801474,249.70,1.00000000,1
1505772629,21801448,249.78,0.50000000,0
1505772581,21801379,249.79,14.55831500,0
1505772576,21801374,249.80,1.80000000,0
1505772569,21801366,249.85,0.63999500,0
1505772528,21801336,249.89,1.91846100,0
1505772525,21801335,249.95,0.00003024,1
1505772525,21801334,249.95,2.79720000,1
1505772518,21801329,249.99,1.18011422,0
1505772518,21801328,249.99,1.94169078,0
1505772518,21801327,249.98,0.76000000,0
1505772504,21801321,249.99,0.67000000,0
1505772497,21801310,249.99,2.56025200,0
1505772497,21801309,249.98,0.90000000,0
1505772497,21801308,249.98,0.50000000,0
1505772497,21801307,249.95,0.00000500,0
1505772468,21801238,249.62,0.00000277,1
1505772468,21801237,249.76,0.33043968,1
1505772468,21801236,249.76,0.23850013,1
1505772467,21801235,249.80,0.28029742,1
1505772467,21801234,249.85,1.00000000,1
1505772449,21801188,249.95,2.99999500,0
1505772442,21801168,249.99,0.90000000,0
1505772438,21801153,249.99,18.74591022,0
1505772438,21801152,249.99,16.71113300,0
1505772438,21801150,249.98,1.26000000,0
1505772438,21801149,249.98,0.66989078,0
1505772420,21801086,249.99,0.90000000,0
1505772397,21801070,249.90,2.66989078,0
1505772388,21801059,249.98,0.33010922,1
1505772362,21800973,249.99,9.09900000,0
1505772353,21800943,249.99,0.17601552,0
1505772348,21800926,249.99,1.34083867,0
1505772348,21800925,249.99,0.20000000,0
1505772348,21800923,249.98,0.89000000,0
1505772342,21800893,249.90,0.16779581,0
1505772342,21800890,249.90,0.02692921,0
1505772339,21800867,249.90,0.16806722,0
1505772339,21800863,249.86,0.33218828,0
1505772337,21800847,249.80,0.04980000,0
1505772331,21800820,249.76,0.24067900,0
1505772331,21800817,249.67,0.24970229,0
1505772331,21800815,249.67,0.08274000,0
1505772329,21800804,249.64,0.00189973,0
1505772315,21800715,249.50,0.10815700,0
1505772314,21800711,249.47,0.33271700,0
1505772314,21800709,249.42,1.25470981,0
1505772313,21800708,249.42,1.77170011,0
1505772313,21800707,249.36,0.30971700,0
1505772313,21800706,249.36,0.02300000,0
1505772313,21800705,249.28,0.33296344,0
1505772312,21800704,249.25,0.00182145,0
1505772274,21800557,248.94,0.00019512,0
1505772274,21800555,248.94,0.05134510,0
1505772274,21800554,248.94,0.13188490,0
1505772273,21800552,248.94,0.15000000,0
1505772268,21800520,248.90,2.50057526,0
1505772265,21800500,248.90,0.16566000,0
1505772264,21800498,248.90,11.76833763,0
1505772257,21800479,248.90,10.00000000,0
1505772253,21800461,248.90,0.33123302,0
1505772246,21800449,248.90,4.79095728,0
1505772246,21800448,248.90,1.44323681,0
1505772246,21800447,248.74,0.00000508,0
1505772238,21800424,248.74,4.79403400,0
1505772234,21800415,248.74,0.36326200,0
1505772234,21800414,248.67,0.08274000,0
1505772227,21800389,248.74,0.34269892,0
1505772227,21800387,248.73,0.49000000,0
1505772227,21800385,248.72,0.16730108,0
1505772209,21800341,248.72,0.03276000,0
1505772119,21800242,248.20,0.91726000,0
1505772118,21800240,248.23,0.08274000,1
1505772078,21800203,248.72,1.00000000,1
1505772047,21800165,248.72,0.33186788,0
1505772047,21800164,248.72,0.33150093,0
1505772043,21800159,248.73,2.58079041,0
1505772043,21800158,248.58,0.33390110,0
1505772043,21800157,248.37,0.48534469,0
1505772042,21800156,248.16,2.55463200,0
1505772041,21800155,248.15,1.49301285,0
1505771992,21800135,248.15,0.96590569,0
1505771992,21800134,248.15,0.09626931,0
1505771981,21800122,248.00,11.52758892,0
1505771980,21800121,248.00,6.30185408,0
1505771980,21800120,248.00,0.40298000,0
1505771979,21800119,248.02,1.00000000,1
1505771979,21800118,248.03,0.76757700,1
1505771978,21800117,248.15,0.08562267,0
1505771978,21800116,248.15,0.31635194,0
1505771788,21800076,248.15,1.47539794,0
1505771694,21800024,248.15,0.00879975,0
1505771694,21800023,248.11,0.31405453,0
1505771638,21799986,248.10,2.93696500,0
1505771638,21799982,248.10,3.50109482,0
1505771637,21799981,248.06,0.13030918,0
1505771637,21799976,248.06,2.86969082,0
1505771637,21799975,248.06,0.04000000,0
1505771636,21799974,248.05,0.13030418,0
1505771636,21799973,248.05,0.63727800,0
1505771625,21799966,248.05,0.22726000,0
1505771625,21799965,247.88,0.08274000,0
1505771117,21799678,248.10,0.38576000,0
1505771117,21799677,247.85,1.00000000,0
1505771115,21799675,247.60,1.61550000,0
1505771090,21799659,247.41,0.03944198,1
1505771080,21799657,247.40,0.47000000,1
1505770988,21799544,247.60,1.61550000,1
1505770962,21799525,247.86,0.04022432,1
1505770947,21799521,247.92,0.97208777,1
1505770946,21799520,247.92,1.00000000,0
1505770877,21799449,247.71,0.42762971,1
1505770872,21799444,247.71,0.12720029,1
1505770872,21799443,247.72,0.08274000,1
1505770757,21799317,248.11,0.07807577,0
1505770757,21799316,248.11,0.08274000,0
1505770741,21799304,247.35,0.02517570,1
1505770739,21799296,247.34,0.33835365,1
1505770739,21799292,247.34,0.17973430,1
1505770738,21799291,247.37,0.08274000,1
1505770730,21799276,248.11,1.27982736,1
1505770729,21799275,248.11,1.17909118,1
1505770702,21799263,248.11,0.10000000,0
1505770659,21799238,248.15,7.30563166,1
1505770658,21799234,248.15,0.32220000,0
1505770658,21799233,248.14,0.35705651,0
1505770621,21799117,248.16,0.13910123,0
1505770620,21799116,248.15,0.08274000,0
1505770614,21799111,248.00,1.81350793,0
1505770614,21799110,247.98,0.08274000,0
1505770609,21799091,248.12,0.00891016,1
1505770607,21799087,248.16,0.33267669,0
1505770604,21799084,248.14,0.25175315,0
1505770604,21799083,248.14,0.08274000,0
1505770604,21799082,248.14,0.53698454,0
1505770604,21799081,248.13,0.75160654,0
1505770600,21799072,248.12,0.08274000,1
1505770600,21799071,248.12,0.24067900,0
1505770598,21799060,247.00,0.99745698,0
1505770597,21799058,247.00,0.06048583,0
1505770596,21799053,247.00,2.69944076,0
1505770595,21799052,247.01,0.21052739,1
1505770595,21799050,247.02,0.10351761,1
1505770593,21799047,247.19,0.60716163,1
1505770593,21799046,247.19,0.32220000,1
1505770593,21799045,247.62,0.33161937,1
1505770593,21799044,247.63,0.24067900,1
1505770592,21799042,247.67,0.08274000,1
1505770578,21798990,247.63,0.75160100,1
1505770578,21798988,247.64,0.08274000,1
1505770569,21798977,247.66,0.08274000,1
1505770559,21798971,248.13,9.91726000,0
1505770559,21798970,248.06,0.08274000,0
1505770546,21798957,247.67,0.08274000,1
1505770544,21798953,248.00,0.10080645,0
1505770537,21798949,248.00,0.33249163,0
1505770535,21798944,248.00,1.03365051,0
1505770535,21798942,248.00,0.30802257,0
1505770535,21798941,247.63,0.00221796,0
1505770523,21798909,247.62,0.00057693,0
1505770523,21798907,247.56,0.33528391,0
1505770521,21798903,247.54,1.24662683,0
1505770482,21798801,247.54,2.43421800,1
1505770481,21798799,247.54,1.81923000,1
1505770481,21798798,247.54,1.24655200,1
1505770479,21798791,247.54,0.37000000,0
1505770479,21798790,247.53,4.02000000,0
1505770479,21798789,247.53,0.11000000,0
1505770467,21798778,247.54,0.20000000,0
1505770467,21798777,247.54,0.80000000,0
1505770454,21798760,247.18,0.08071041,0
1505770445,21798740,247.01,0.50200396,1
1505770443,21798727,247.18,0.33390110,0
1505770442,21798723,247.25,0.05154022,1
1505770442,21798720,247.25,0.13188490,0
1505770442,21798719,247.17,0.15000000,0
1505770441,21798716,247.25,1.63894843,0
1505770440,21798715,247.18,0.33520657,0
1505770440,21798714,247.01,0.10000000,0
1505770440,21798711,246.98,0.18000000,0
1505770440,21798710,246.86,0.03622358,0
1505770439,21798709,246.86,0.30000000,0
1505770439,21798708,246.62,0.04997501,0
1505770439,21798707,246.60,0.33432595,0
1505770438,21798706,246.55,0.04051916,0
1505770438,21798703,246.30,0.04056029,0
1505770438,21798701,246.27,0.33702958,0
1505770436,21798696,246.03,0.24287856,0
1505770419,21798637,245.58,4.80000000,0
1505770410,21798618,246.00,1.49284541,0
1505770383,21798596,245.55,0.20000000,1
1505770377,21798593,246.00,0.38098378,0
1505770372,21798588,246.00,0.33518140,0
1505770368,21798587,246.00,0.33519649,0
1505770366,21798585,245.99,0.20000000,0
1505770366,21798584,245.60,4.13988566,0
1505770313,21798549,245.60,0.86011434,0
1505770290,21798531,245.53,0.80000000,1
1505770044,21798390,245.50,1.00704000,0
1505769932,21798291,245.59,5.96262484,0
1505769924,21798286,245.59,1.45887092,0
1505769924,21798285,245.58,1.00000000,0
1505769923,21798283,245.57,0.30000000,0
1505769923,21798282,245.55,0.24112908,0
1505769840,21798218,245.17,0.08274000,1
1505769839,21798217,245.17,0.03620544,0
1505769839,21798215,245.16,0.08296978,0
1505769680,21798128,245.16,0.11703022,0
1505769680,21798126,245.00,1.00000000,0
1505769678,21798124,244.99,0.08274000,0
1505769608,21797995,245.17,0.08274000,0
1505769607,21797988,245.17,0.03622358,1
1505769607,21797987,245.19,0.04652000,1
1505769607,21797985,245.19,0.03622000,1
1505769601,21797972,245.55,0.05887092,0
1505769601,21797971,245.55,0.21239766,1
1505769600,21797966,245.49,1.16727012,1
1505769599,21797965,245.49,2.00000000,0
1505769598,21797962,245.17,0.30000000,0
1505769551,21797893,244.53,0.25367184,0
1505769548,21797873,244.54,0.67956500,0
1505769440,21797738,244.79,0.07332816,0
1505769419,21797723,244.82,0.24968301,1
1505769418,21797721,244.82,0.15780004,0
1505769384,21797707,244.87,16.39965301,0
1505769310,21797668,245.31,5.91810028,0
1505769310,21797667,245.30,2.08189972,0
1505769273,21797641,244.52,0.32524946,1
1505769271,21797640,244.50,0.08274000,0
1505769202,21797565,244.03,0.15780004,1
1505769202,21797564,244.20,0.32700000,1
1505769201,21797563,244.28,1.00482000,1
1505769192,21797545,245.41,34.53767165,1
1505769192,21797542,245.40,0.64000000,0
1505769191,21797541,245.34,0.30000000,0
1505769191,21797540,245.34,12.43851842,1
1505769191,21797539,245.17,0.30000000,0
1505769190,21797538,245.00,7.72948460,0
1505769190,21797537,245.00,0.50000000,0
1505769190,21797535,244.99,3.20000000,0
1505769190,21797534,244.99,30.18499800,0
1505769189,21797532,244.87,0.30000000,0
1505769189,21797531,244.86,1.00245255,0
1505769189,21797530,244.63,0.32700000,0
1505769188,21797529,244.53,0.08274000,1
1505769156,21797512,244.60,5.50000000,1
1505769124,21797502,243.92,1.54526995,1
1505769123,21797501,244.51,0.07487000,1
1505769097,21797496,244.51,0.41726000,1
1505769097,21797495,244.52,0.08274000,1
1505769085,21797490,244.85,0.39996148,0
1505769049,21797450,243.91,0.51032255,1
1505769049,21797449,243.95,0.08274000,1
1505769037,21797437,244.43,0.32700000,1
1505769037,21797436,244.60,0.08274009,1
1505769033,21797433,244.86,0.11668177,1
1505769033,21797432,244.86,0.08274000,0
1505769018,21797419,244.60,2.74671800,1
1505769018,21797418,244.61,0.08274000,1
1505768972,21797385,244.95,10.00000000,1
1505768947,21797325,244.97,5.82616371,0
1505768947,21797324,244.96,4.02000000,0
1505768947,21797323,244.96,3.74486244,0
1505768947,21797321,244.95,3.44688285,0
1505768932,21797305,244.98,0.30000000,0
1505768932,21797304,244.95,0.79000000,0
1505768931,21797303,244.80,0.30000000,0
1505768931,21797302,244.43,0.34044298,0
1505768931,21797301,244.42,4.30000000,0
1505768931,21797300,244.29,0.02864883,0
1505768931,21797299,244.10,1.00000000,0
1505768931,21797298,244.10,1.00000000,0
1505768931,21797297,244.08,3.95000000,0
1505768818,21797235,244.07,0.50126000,0
1505768705,21797182,243.85,0.32632295,1
1505768705,21797180,243.85,0.08274000,0
1505768702,21797179,243.52,0.08274000,1
1505768701,21797178,243.42,0.14565940,0
1505768701,21797177,243.39,0.08274000,0
1505768633,21797151,243.10,0.79617622,1
1505768633,21797150,243.11,0.08274000,1
1505768603,21797137,243.42,4.85963057,0
1505768603,21797136,243.41,1.00572843,0
1505768602,21797135,243.39,0.08274000,0
1505768593,21797126,243.42,5.05126018,0
1505768535,21797092,243.00,0.00339440,1
1505768535,21797091,243.69,1.00000000,1
1505768315,21796989,244.09,0.20022000,1
1505768271,21796961,243.80,0.34044298,1
1505768266,21796954,242.84,4.24612244,0
1505768264,21796951,242.82,0.02852838,1
1505768263,21796950,242.88,1.77083333,1
1505768263,21796949,243.39,0.33888616,1
1505768263,21796948,243.43,0.33872020,1
1505768262,21796947,243.50,0.48000000,1
1505768262,21796946,243.50,1.00000000,1
1505768262,21796945,243.50,1.64204476,1
1505768262,21796944,243.50,0.50000000,1
1505768262,21796943,243.50,2.00000000,1
1505768262,21796942,243.55,0.50000000,1
1505768261,21796941,243.60,5.00000000,1
1505768261,21796940,243.64,0.02864883,1
1505768261,21796939,243.70,0.87233834,1
1505768259,21796938,243.79,1.00000000,1
1505768207,21796923,243.90,1.00000000,0
1505768192,21796913,243.85,3.00000000,0
1505768192,21796911,243.85,1.02000000,0
1505768189,21796907,243.85,3.00000000,1
1505768180,21796896,243.90,1.00000000,0
1505768178,21796895,243.90,0.08274000,0
1505768177,21796893,243.90,1.00000000,1
1505768177,21796892,243.93,0.08274000,1
1505768163,21796885,243.96,3.63963655,0
1505768163,21796884,243.96,0.08274000,1
1505768141,21796873,244.57,0.82446000,1
1505768116,21796871,244.85,6.64029063,1
1505768115,21796870,244.85,0.08274000,0
1505768115,21796869,244.84,0.32700000,0
1505768107,21796866,244.57,0.97240230,1
1505768101,21796864,244.54,0.18126843,1
1505768094,21796860,244.51,0.08274000,0
1505768083,21796856,244.14,0.10877334,1
1505768083,21796855,244.14,0.68101940,1
1505768083,21796854,244.48,0.32700000,1
1505768064,21796848,244.94,2.46004800,0
1505768036,21796835,244.81,1.00000000,0
1505768035,21796834,244.80,2.13159428,1
1505767969,21796810,244.70,1.00000000,0
1505767873,21796753,244.81,2.00126000,0
1505767863,21796751,244.84,0.03079562,1
1505767863,21796750,244.66,0.54832018,0
1505767863,21796749,244.56,1.00568000,0
1505767862,21796748,244.50,1.41158000,1
1505767862,21796747,244.50,1.00000000,0
1505767861,21796745,244.49,0.08274000,0
1505767750,21796661,243.71,1.41158000,0
1505767750,21796659,243.80,1.00000000,1
1505767749,21796658,243.82,0.50000000,1
1505767749,21796655,243.95,1.00000000,1
1505767749,21796654,244.20,1.00568000,0
1505767748,21796653,244.20,0.08274000,1
1505767716,21796641,244.68,0.40372960,0
1505767715,21796640,244.67,0.59753040,0
1505767649,21796611,244.66,0.20305000,0
1505767649,21796610,244.66,0.08274000,0
1505767579,21796577,244.40,0.82675941,0
1505767579,21796576,244.39,0.08759000,0
1505767578,21796575,244.35,0.08274000,1
1505767469,21796494,244.42,0.91726000,0
1505767469,21796493,244.31,0.08274000,0
1505767380,21796479,243.70,0.12766166,1
1505767380,21796478,244.00,0.50000000,1
1505767380,21796477,244.30,0.08274000,1
1505767369,21796474,244.53,0.99000000,1
1505767360,21796467,244.65,0.80066119,1
1505767359,21796463,244.65,0.19933881,1
1505767359,21796460,244.66,0.80062032,1
1505767356,21796457,244.66,0.20422968,1
1505767356,21796456,244.68,0.08274000,1
1505767354,21796454,244.95,0.91726000,0
1505767354,21796453,244.94,0.08274000,0
1505767216,21796426,244.95,0.08274000,1
1505767215,21796425,245.28,0.18915241,1
1505767214,21796424,244.94,0.17207479,0
1505767214,21796423,244.80,1.00000000,0
1505767214,21796422,244.80,0.44003280,0
1505767212,21796420,244.79,0.20000000,0
1505767167,21796411,244.65,2.69606919,1
1505767097,21796379,244.80,0.55996720,0
1505767097,21796378,244.79,1.00433000,1
1505767097,21796377,244.79,0.32530000,0
1505767096,21796376,244.75,0.08274000,0
1505767095,21796375,244.42,0.41964087,1
1505767095,21796374,244.46,0.08274000,1
1505767084,21796367,244.41,1.00433000,1
1505767084,21796365,244.41,0.32530000,1
1505767084,21796364,244.44,0.08274000,1
1505767046,21796322,244.94,0.02792521,0
1505767032,21796320,244.95,0.33702958,0
1505767024,21796312,246.51,4.70739523,1
1505767024,21796310,246.31,0.18137445,0
1505767024,21796309,246.03,0.08684552,0
1505767024,21796308,246.03,0.79000000,1
1505767023,21796306,245.50,2.81874429,0
1505767023,21796304,245.36,0.33765663,0
1505767023,21796303,245.36,3.95000000,1
1505767022,21796302,244.89,4.84628150,0
1505767022,21796301,244.72,0.10525739,0
1505767022,21796300,244.72,0.08274000,1
1505767020,21796299,243.97,0.58904000,0
1505767020,21796298,243.95,0.08274000,0
1505767009,21796292,243.99,0.41706000,0
1505767009,21796291,243.98,0.32420000,0
1505767009,21796290,243.98,0.17600000,0
1505767009,21796289,243.96,0.08274000,0
1505766995,21796277,243.67,0.13017485,0
1505766993,21796276,244.00,1.00000000,1
1505766978,21796254,244.00,1.52049321,1
1505766978,21796252,244.00,0.03850679,1
1505766978,21796249,244.01,6.11000000,1
1505766978,21796248,244.04,1.00000000,1
1505766974,21796239,244.42,0.15000000,0
1505766969,21796220,244.00,2.50570029,1
1505766969,21796219,244.04,0.33765663,1
1505766944,21796193,244.50,0.02683027,0
1505766942,21796190,244.61,0.32600000,1
1505766921,21796154,245.20,0.90000000,0
1505766919,21796152,245.25,0.04065240,1
1505766919,21796150,245.26,1.00000000,1
1505766919,21796148,245.30,0.86316041,1
1505766889,21796114,245.42,1.58900507,1
1505766889,21796113,245.43,0.08274000,1
1505766884,21796108,245.45,0.08269864,0
1505766880,21796083,245.42,0.99950024,1
1505766864,21796062,245.42,0.23023898,1
1505766864,21796060,245.43,1.00610000,1
1505766825,21796026,246.00,0.29863445,1
1505766822,21796025,245.96,0.08274000,0
1505766789,21796007,245.30,1.18287352,1
1505766789,21796006,245.31,0.32420000,1
1505766789,21796005,246.03,0.62100000,1
1505766788,21796001,246.03,0.50000000,1
1505766784,21795993,246.60,0.25175315,1
1505766782,21795992,246.60,0.08274000,0
1505766779,21795991,245.45,7.26084419,1
1505766777,21795989,245.46,0.08274000,1
1505766773,21795986,246.85,12.26003645,1
1505766773,21795985,246.65,0.27636051,0
1505766773,21795984,246.65,0.05000000,0
1505766773,21795983,246.65,0.01015676,0
1505766772,21795982,246.62,0.48752052,0
1505766772,21795981,246.40,1.00000000,0
1505766771,21795979,246.30,1.00000000,0
1505766771,21795978,246.21,0.08274000,0
1505766771,21795977,246.09,0.75687679,0
1505766771,21795976,246.05,0.06000000,0
1505766770,21795974,246.04,0.16852000,0
1505766770,21795972,246.03,1.00365000,0
1505766769,21795971,246.01,2.98800000,1
1505766768,21795970,246.01,0.08274000,0
1505766757,21795964,245.47,0.74097712,1
1505766757,21795963,245.47,4.32084615,1
1505766756,21795962,245.48,0.08274000,1
1505766749,21795959,245.70,0.05907077,1
1505766749,21795958,245.72,0.08274000,1
1505766744,21795955,245.74,0.08274000,0
1505766744,21795954,245.74,3.79000000,0
1505766744,21795953,245.74,4.84628150,1
1505766658,21795916,246.00,0.08274000,1
1505766604,21795893,245.70,0.00092923,1
1505766604,21795892,245.71,1.00365000,1
1505766603,21795891,245.77,0.08274000,1
1505766602,21795890,245.78,3.64172483,0
1505766554,21795838,246.09,0.04332300,0
1505766554,21795837,246.08,0.12519700,0
1505766552,21795836,246.04,0.08274000,0
1505766540,21795834,246.07,2.44269681,0
1505766528,21795832,245.61,0.12519700,1
1505766528,21795831,245.66,0.08274000,1
1505766516,21795827,246.09,0.04068154,0
1505766511,21795826,246.09,0.05911867,0
1505766511,21795825,246.08,0.08274000,0
1505766469,21795786,245.91,1.48500000,1
1505766452,21795770,245.90,1.00000000,0
1505766452,21795769,245.85,0.08274000,0
1505766452,21795768,245.85,4.02000000,0
1505766433,21795760,245.87,7.09967466,0
1505766329,21795722,245.27,0.60000000,1
1505766317,21795674,245.27,0.09901433,0
1505766317,21795673,245.26,0.91170781,0
1505766317,21795672,245.26,0.20000000,0
1505766310,21795669,245.11,0.20000000,1
1505766295,21795666,245.10,0.10000000,1
1505766169,21795638,245.02,18.64500000,1
1505766083,21795604,245.28,0.09352577,0
1505766064,21795594,245.00,16.40373998,1
1505766014,21795570,245.29,1.43072858,0
1505766014,21795569,245.26,0.08274000,0
1505766008,21795568,244.82,1.00000000,1
1505766000,21795562,245.49,0.33520657,1
1505766000,21795561,245.56,0.25044078,1
1505765987,21795560,245.56,0.74955922,1
1505765987,21795559,245.58,0.08274000,1
1505765985,21795555,245.59,0.08273000,1
1505765985,21795554,245.59,0.08274000,1
1505765962,21795540,245.57,0.89445588,1
1505765962,21795539,245.64,0.08274000,1
1505765923,21795509,245.80,0.29312079,1
1505765901,21795499,245.80,0.60687921,1
1505765865,21795491,246.04,2.00000000,0
1505765821,21795477,246.29,1.00000000,0
1505765771,21795457,246.54,0.60687921,0
1505765712,21795418,246.38,0.39608464,0
1505765614,21795350,246.55,0.99776922,0
1505765475,21795234,246.54,1.00000000,0
1505765460,21795226,246.61,0.33696930,1
1505765460,21795225,246.47,0.20000000,0
1505765460,21795224,246.24,0.20000000,0
1505765459,21795223,246.20,0.25958209,0
1505765444,21795208,246.20,3.37787251,0
1505765414,21795182,246.20,2.00126000,0
1505765399,21795171,246.00,6.00000000,0
1505765399,21795170,245.98,2.62755747,0
1505765399,21795169,245.97,0.19153740,0
1505765399,21795168,245.96,0.08274000,0
1505765342,21795122,245.90,2.80554055,0
1505765326,21795115,245.90,0.01419276,0
1505765324,21795110,245.88,1.00000000,0
1505765259,21795095,245.97,0.80846260,0
1505765259,21795094,245.95,0.10879740,0
1505765258,21795092,245.94,0.08274000,1
1505765209,21795069,245.55,0.02804770,1
1505765190,21795066,245.91,0.66428061,1
1505765190,21795065,245.91,1.00385000,1
1505765188,21795064,245.89,0.08274000,1
1505765188,21795063,245.89,1.90000000,0
1505765180,21795052,245.75,0.68191251,0
1505765053,21794983,245.82,0.39790629,0
1505765008,21794960,245.70,0.08274000,1
1505765008,21794959,245.75,0.00846260,1
1505764946,21794925,245.75,0.99153740,1
1505764902,21794906,245.70,0.91726000,1
1505764901,21794904,245.75,0.08274000,1
1505764851,21794831,245.88,3.93726000,1
1505764851,21794830,245.89,0.08274000,1
1505764833,21794813,245.87,3.51093418,0
1505764832,21794812,245.88,0.10522876,1
1505764832,21794811,245.93,1.00385000,1
1505764830,21794810,246.00,0.08274000,0
1505764830,21794809,246.00,14.29724706,0
1505764815,21794803,246.56,0.32320726,0
1505764813,21794802,246.50,0.67805274,0
1505764790,21794791,246.50,5.32194726,0
1505764788,21794790,246.48,3.34080643,0
1505764783,21794787,246.49,7.12954200,0
1505764738,21794772,246.53,0.02924593,1
1505764736,21794770,246.50,4.02000000,0
1505764733,21794765,246.50,3.00000000,0
1505764711,21794747,246.59,0.84841858,0
1505764703,21794745,246.00,0.66335638,0
1505764702,21794744,245.38,2.00000000,1
1505764698,21794741,246.00,1.86020515,0
1505764698,21794740,246.00,0.30000000,0
1505764698,21794739,245.98,0.20000000,0
1505764698,21794738,245.83,0.10000000,0
1505764698,21794737,245.63,1.00000000,0
1505764698,21794736,245.50,2.65925979,0
1505764688,21794727,245.50,0.45000000,0
1505764630,21794689,245.20,4.02000000,1
1505764630,21794688,245.50,1.29074021,0
1505764630,21794687,245.50,0.52147974,0
1505764628,21794684,245.49,0.17931745,0
1505764617,21794678,245.49,0.14648255,0
1505764602,21794668,245.50,1.60895316,0
1505764601,21794666,245.50,1.00000000,0
1505764596,21794663,244.99,4.00000000,1
1505764588,21794661,245.48,0.91736483,0
1505764588,21794660,245.48,0.30000000,0
1505764588,21794659,245.47,0.08274000,0
1505764583,21794654,245.19,0.08274000,0
1505764577,21794649,245.32,1.00636000,0
1505764574,21794646,244.80,9.91726000,1
1505764574,21794644,244.90,0.08274000,1
1505764547,21794589,244.86,1.00636000,1
1505764546,21794584,244.88,2.80770500,0
1505764518,21794532,244.79,0.31509949,0
1505764517,21794531,244.80,0.32580000,1
1505764517,21794530,245.21,0.27636051,1
1505764516,21794529,245.21,0.05000000,1
1505764515,21794528,245.22,0.08274000,1
1505764511,21794523,245.22,0.05000000,0
1505764508,21794522,245.40,0.95743464,1
1505764508,21794521,245.40,0.04256536,1
1505764506,21794520,245.40,1.00000000,0
1505764476,21794472,245.49,0.53969600,0
1505764476,21794471,245.48,1.00000000,0
1505764476,21794470,245.42,1.00000000,0
1505764476,21794469,245.40,0.20000000,0
1505764426,21794438,245.21,0.01015676,0
1505764422,21794437,245.21,0.17184324,0
1505764421,21794436,244.98,0.20000000,0
1505764421,21794435,244.88,0.01131458,0
1505764421,21794434,244.88,0.32728443,0
1505764421,21794433,244.80,0.09145017,0
1505764417,21794429,244.80,0.82305147,0
1505764410,21794422,244.79,3.64000000,0
1505764396,21794417,244.79,3.60000000,0
1505764366,21794406,244.80,0.08549836,0
1505764365,21794405,244.72,0.83186647,0
1505764362,21794403,244.67,0.09000000,0
1505764340,21794393,244.67,0.81000000,0
1505764333,21794389,244.72,0.16813353,0
1505764333,21794388,244.69,0.20000000,0
1505764332,21794387,244.68,0.20120157,0
1505764261,21794344,244.68,0.79879843,0
1505764260,21794342,244.64,0.20000000,0
1505764244,21794335,244.62,0.86226876,0
1505764244,21794334,244.61,2.69000000,0
1505764232,21794329,244.61,1.90226350,0
1505764227,21794325,244.61,1.53469722,0
1505764222,21794317,244.62,3.15905973,0
1505764222,21794316,244.61,2.84094027,0
1505764218,21794314,244.61,0.99905973,0
1505764175,21794295,244.62,4.03760490,0
1505764175,21794294,244.60,0.20851754,0
1505764160,21794289,244.64,0.69587965,1
1505764160,21794288,244.59,0.20000000,0
1505764158,21794287,244.58,0.08274000,0
1505764081,21794200,244.30,0.19961400,1
1505764080,21794198,244.33,0.08274000,0
1505764064,21794184,244.68,0.07626287,0
1505764041,21794166,244.75,0.57393258,1
1505764039,21794165,244.44,1.00000000,0
1505764039,21794164,244.43,0.20000000,0
1505764009,21794151,243.98,0.71726000,0
1505764009,21794150,243.96,0.08274000,0
1505763919,21794132,243.98,0.21522914,0
1505763919,21794130,243.97,0.08274000,0
1505763882,21794110,243.98,0.06477732,0
1505763854,21794103,244.53,1.73013536,1
1505763854,21794102,244.46,0.34079244,0
1505763854,21794101,244.44,0.33956551,0
1505763852,21794100,243.99,0.32650000,0
1505763852,21794099,243.99,0.08274000,0
1505763791,21794070,243.54,0.25000000,1
1505763784,21794065,243.54,0.30284142,1
1505763730,21794035,243.59,1.64768575,1
1505763718,21794032,243.55,0.01131458,1
1505763709,21794029,243.55,0.32728443,1
1505763709,21794027,243.81,0.33664934,1
1505763708,21794023,244.43,0.23018162,1
1505763698,21794008,243.55,0.34080643,1
1505763697,21794007,243.80,0.33825087,1
1505763695,21794006,243.80,1.00000000,1
1505763695,21794005,244.16,1.00000000,1
1505763690,21794003,244.17,3.85283300,1
1505763673,21793994,244.56,1.00126000,0
1505763647,21793977,244.17,1.51783696,0
1505763646,21793976,244.17,2.04263423,1
1505763646,21793975,244.17,0.43952881,1
1505763630,21793972,244.18,0.91726000,1
1505763630,21793971,244.22,0.08274000,1
1505763619,21793965,244.79,0.91852000,0
1505763617,21793964,244.78,0.08274000,0
1505763507,21793900,244.17,0.06047119,1
1505763507,21793899,244.33,1.68330437,1
1505763506,21793898,244.34,0.32650000,1
1505763500,21793890,244.33,2.74918640,1
1505763500,21793888,244.33,0.25081360,1
1505763447,21793830,244.33,0.74918640,1
1505763446,21793829,244.39,0.24738506,1
1505763446,21793828,244.50,1.00000000,1
1505763446,21793826,244.50,1.00000000,1
1505763444,21793824,244.52,1.00000000,1
1505763390,21793751,245.32,7.87889502,0
1505763390,21793750,245.31,3.26000000,0
1505763389,21793749,245.31,0.32600000,1
1505763389,21793748,244.77,0.08274000,0
1505763389,21793747,244.73,0.35000000,0
1505763388,21793743,244.72,0.24400000,0
1505763388,21793742,244.72,0.09422400,0
1505763375,21793737,244.72,0.30000000,0
1505763355,21793724,244.76,0.08200000,0
1505763348,21793717,244.62,0.50577600,1
1505763347,21793712,244.62,0.39422400,1
1505763347,21793711,244.63,0.32600000,1
1505763346,21793710,244.75,0.08274000,1
1505763346,21793709,244.76,0.09766600,1
1505763337,21793702,244.76,0.90976400,1
1505763337,21793701,244.77,0.08274000,1
1505763245,21793653,244.70,0.33452000,1
1505763245,21793652,244.75,0.08274000,1
1505763234,21793650,244.67,0.08274000,0
1505763160,21793613,244.95,0.05225964,1
1505763160,21793612,244.95,4.02000000,0
1505763080,21793531,245.17,0.06018839,0
1505763072,21793520,245.19,1.00714000,0
1505763057,21793510,245.23,1.22028300,0
1505763033,21793485,245.29,1.03289983,0
1505762871,21793381,244.39,0.00128441,0
1505762871,21793379,244.39,0.25559668,0
1505762869,21793374,244.39,0.08274000,0
1505762866,21793371,245.42,2.76558552,0
1505762866,21793370,245.41,0.33825087,1
1505762865,21793369,245.38,0.08274000,0
1505762833,21793365,244.23,0.25710359,0
1505762822,21793357,244.23,0.08274000,1
1505762820,21793353,245.48,12.06550431,0
1505762820,21793352,245.21,1.00000000,0
1505762819,21793351,245.10,1.00000000,0
1505762819,21793350,245.10,0.33888616,1
1505762819,21793349,245.00,1.00642034,0
1505762818,21793348,244.92,0.03552042,0
1505762811,21793347,244.92,0.04721958,0
1505762730,21793316,243.99,0.32620000,0
1505762723,21793314,243.91,2.85668032,0
1505762717,21793309,243.88,3.71671161,1
1505762717,21793308,244.10,1.00000000,1
1505762717,21793307,244.11,1.00642000,1
1505762717,21793306,244.19,0.32620000,1
1505762716,21793305,244.20,0.08274000,1
1505762635,21793207,245.42,2.02310574,1
1505762634,21793206,245.42,12.55969109,1
1505762634,21793205,244.73,1.00000000,0
1505762634,21793204,244.36,10.03587571,0
1505762632,21793203,244.35,0.87946360,0
1505762585,21793180,244.35,0.12053640,0
1505762584,21793178,244.10,0.00000045,0
1505762573,21793164,244.10,8.30000000,0
1505762572,21793163,244.10,1.08654500,0
1505762563,21793144,243.65,0.07062494,1
1505762561,21793142,244.08,0.06662800,1
1505762525,21793121,244.04,3.87353200,0
1505762523,21793120,244.06,1.00663600,0
1505762455,21793061,243.50,13.83018467,0
1505762455,21793060,243.54,3.02640992,1
1505762454,21793059,244.00,1.00000000,1
1505762454,21793058,244.00,0.50000000,1
1505762454,21793057,244.00,1.13106539,1
1505762454,21793056,244.01,0.46000000,1
1505762452,21793052,244.25,0.05234002,1
1505762425,21793035,244.35,0.20409249,0
1505762412,21793029,244.56,0.22528257,1
1505762411,21793028,244.56,0.08274000,0
1505762399,21793019,244.62,0.03262069,0
1505762382,21793013,244.25,0.05000000,1
1505762381,21793011,244.25,0.89765998,1
1505762381,21793010,244.34,0.50000000,1
1505762381,21793009,244.35,0.70439000,1
1505762380,21793007,244.38,0.08274000,0
1505762380,21793006,244.38,11.14000000,1
1505762366,21792965,244.72,0.39817001,1
1505762365,21792964,244.61,0.10000000,1
1505762311,21792940,244.61,0.83832727,0
1505762276,21792925,244.58,0.40181000,1
1505762276,21792924,244.58,3.60000000,1
1505762274,21792923,244.57,0.08274000,0
1505762243,21792910,244.00,1.38545100,1
1505762243,21792909,244.04,0.08274000,1
1505762238,21792906,244.74,0.43221366,1
1505762238,21792904,244.74,0.27106934,0
1505762236,21792903,244.03,0.63000000,1
1505762234,21792901,244.03,9.59401335,0
1505762234,21792900,244.17,4.84628150,1
1505762234,21792899,244.44,0.65505396,1
1505762233,21792898,244.45,0.73446000,1
1505762213,21792889,244.34,0.02292604,0
1505762177,21792879,244.14,4.68223400,1
1505762087,21792816,245.04,0.26744356,0
1505762087,21792815,244.75,0.39154585,0
1505762087,21792814,244.44,0.32600000,0
1505762087,21792812,244.44,0.08274000,0
1505762039,21792794,244.55,0.05831487,0
1505761958,21792708,244.68,0.73261066,0
1505761958,21792707,244.62,0.08274000,0
1505761935,21792691,244.01,0.02292604,0
1505761908,21792677,244.00,0.34016393,1
1505761905,21792673,244.01,0.31722395,1
1505761904,21792672,244.01,0.00877605,1
1505761904,21792671,244.50,3.59324847,1
1505761898,21792669,244.50,1.44324667,1
1505761876,21792660,244.50,56.96200000,1
1505761869,21792659,244.50,4.73660015,1
1505761866,21792657,244.50,0.52559000,1
1505761865,21792655,244.60,0.44285000,1
1505761865,21792654,244.62,0.08274000,1
1505761863,21792647,244.60,0.44285000,1
1505761862,21792646,244.61,0.08274000,1
1505761855,21792641,244.50,5.90176521,1
1505761855,21792640,244.50,1.00000000,1
1505761855,21792639,244.55,1.91658379,1
1505761827,21792617,245.47,1.66974299,1
1505761827,21792615,244.93,0.08274000,0
1505761825,21792604,244.92,0.11043373,0
1505761814,21792582,244.59,1.51532900,1
1505761774,21792556,244.55,0.08341621,1
1505761774,21792555,244.69,1.00000000,1
1505761774,21792554,244.69,0.80307569,1
1505761706,21792517,245.12,0.08274000,0
1505761706,21792516,245.20,0.89261766,0
1505761705,21792515,245.20,0.00726000,1
1505761705,21792513,245.20,0.81000000,1
1505761704,21792511,245.20,0.08274000,1
1505761703,21792510,245.18,11.10000000,0
1505761702,21792509,245.20,0.40241600,0
1505761689,21792501,245.31,4.96000000,0
1505761687,21792500,245.32,0.14136638,0
1505761687,21792499,245.21,0.14150000,0
1505761684,21792498,245.32,0.14149025,1
1505761684,21792496,245.32,0.08274000,0
1505761683,21792495,245.29,1.84604531,0
1505761664,21792487,244.70,6.00000000,0
1505761634,21792471,244.69,12.00124296,1
1505761633,21792470,244.72,0.20385986,1
1505761633,21792469,244.73,1.00000000,1
1505761633,21792468,245.00,2.52356153,1
1505761632,21792466,245.01,0.08274000,0
1505761590,21792392,245.04,3.22000000,0
1505761573,21792377,245.06,1.41852000,1
1505761572,21792376,245.06,0.08274000,0
1505761495,21792335,244.72,0.06026014,1
1505761493,21792333,244.72,0.04000000,1
1505761486,21792327,244.98,0.24126000,0
1505761481,21792322,244.98,0.08274000,0
1505761468,21792310,244.69,8.52385781,1
1505761467,21792308,244.70,6.52000000,0
1505761467,21792307,244.72,3.53070558,0
1505761466,21792306,245.00,0.30000000,1
1505761466,21792305,245.00,0.50000000,1
1505761466,21792304,245.05,4.02000000,1
1505761457,21792300,245.04,0.33872020,1
1505761452,21792297,246.04,0.04046663,0
1505761446,21792291,245.33,1.00854775,1
1505761446,21792290,245.77,0.18558230,1
1505761437,21792274,245.77,0.81441770,1
1505761437,21792273,245.77,0.19199230,1
1505761415,21792252,245.77,3.44644490,1
1505761395,21792226,245.91,1.25641217,1
1505761395,21792225,245.91,2.76358783,0
1505761395,21792224,245.91,0.33528391,0
1505761393,21792221,245.91,1.41340500,0
1505761392,21792219,246.23,1.00368000,0
1505761387,21792199,246.45,4.80927527,0
1505761387,21792196,246.50,0.00002473,1
1505761386,21792194,246.50,4.80930000,1
1505761381,21792174,246.50,2.04288600,1
1505761381,21792172,246.50,16.60529200,1
1505761380,21792170,246.51,0.32400000,1
1505761380,21792168,246.50,1.40385500,1
1505761377,21792165,246.50,1.00372000,1
1505761377,21792164,246.50,2.37093886,0
1505761376,21792163,246.49,0.32270000,0
1505761376,21792162,246.49,0.38300000,0
1505761369,21792153,246.51,1.00000000,1
1505761350,21792140,246.50,1.42454700,1
1505761349,21792139,246.50,1.70280000,1
1505761349,21792138,246.50,6.87265300,1
1505761342,21792131,246.51,2.19951600,1
1505761341,21792130,246.51,0.03654800,1
1505761298,21792062,246.99,0.08274000,1
1505761298,21792061,247.01,0.06000000,1
1505761287,21792049,246.91,1.00372000,1
1505761286,21792048,246.94,0.32300000,1
1505761286,21792047,246.96,0.32270000,1
1505761286,21792046,246.99,0.08274000,1
1505761280,21792041,246.95,2.78700040,0
1505761254,21791973,247.68,0.21273740,1
1505761225,21791948,247.75,2.09767911,0
1505761209,21791943,247.75,2.06343297,0
1505761160,21791932,247.70,1.00000000,1
1505761145,21791925,247.70,0.30750589,0
1505761142,21791924,247.68,0.59726260,0
1505761134,21791912,247.68,0.40273740,0
1505761112,21791889,247.44,1.00157000,0
1505761112,21791888,247.43,0.13160305,0
1505760913,21791819,247.48,0.06137869,0
1505760913,21791817,247.44,2.27341123,0
1505760911,21791814,247.42,10.99000000,1
1505760875,21791798,246.80,0.08274000,0
1505760869,21791792,246.81,0.08274000,0
1505760859,21791783,246.86,1.64310237,1
1505760858,21791776,247.21,0.02769074,1
1505760856,21791772,247.21,0.94781254,1
1505760853,21791755,247.21,1.29789366,1
1505760849,21791733,247.21,2.88464208,1
1505760849,21791732,247.22,1.00157000,1
1505760848,21791731,247.25,0.08274000,0
1505760847,21791730,247.25,0.08274000,1
1505760709,21791661,247.70,2.78700040,0
1505760702,21791658,247.70,14.38029874,0
1505760702,21791657,247.68,0.20000000,0
1505760702,21791655,247.50,2.96856455,0
1505760701,21791654,247.25,1.00000000,0
1505760701,21791653,247.25,2.89409226,0
1505760701,21791652,247.10,5.41390339,0
1505760699,21791651,247.00,3.37829846,0
1505760649,21791634,247.10,6.07041683,0
1505760612,21791622,247.10,0.50126000,0
1505760607,21791620,247.25,1.85483800,0
1505760585,21791608,247.25,1.07766190,0
1505760579,21791606,247.00,1.00000000,1
1505760556,21791602,247.25,2.67340784,0
1505760556,21791601,247.24,1.00149000,1
1505760554,21791600,247.21,0.08274000,1
1505760542,21791596,247.01,1.00000000,1
1505760540,21791593,247.15,0.14120300,0
1505760521,21791548,247.15,1.27082700,0
1505760518,21791544,247.22,2.42100000,1
1505760517,21791543,247.23,1.00149000,1
1505760517,21791542,247.24,0.08274000,1
1505760488,21791501,247.50,0.22525363,0
1505760485,21791498,247.50,2.48000000,0
1505760477,21791488,247.50,2.70000000,0
1505760465,21791481,247.50,0.02618182,0
1505760460,21791477,247.50,3.60000000,0
1505760440,21791467,247.68,0.32190000,0
1505760418,21791456,247.67,0.90000000,0
1505760410,21791450,247.69,2.00000000,0
1505760394,21791436,247.67,3.60000000,0
1505760373,21791425,247.69,0.13137058,0
1505760373,21791424,247.68,1.86862942,0
1505760362,21791419,247.70,3.60000000,0
1505760313,21791402,247.70,0.96431166,0
1505760311,21791401,247.65,0.08274000,0
1505760304,21791396,247.69,0.71763000,1
1505760304,21791392,247.69,0.99963000,1
1505760298,21791390,247.69,0.08274000,1
1505760293,21791383,247.70,1.80000000,0
1505760292,21791382,247.70,4.02000000,1
1505760292,21791381,247.70,1.00000000,1
1505760261,21791363,246.96,1.81257046,0
1505760261,21791362,246.98,1.00000000,1
1505760259,21791361,246.98,1.46082465,0
1505760258,21791360,247.01,4.02000000,0
1505760258,21791359,247.01,3.60000000,0
1505760258,21791358,247.30,0.06020903,1
1505760258,21791357,247.40,0.00000010,1
1505760257,21791356,247.45,4.02000000,1
1505760257,21791355,247.60,0.09534712,1
1505760255,21791354,247.64,0.08274000,1
1505760228,21791349,248.07,0.05373483,1
1505760211,21791343,248.05,0.08274000,1
1505760150,21791325,247.40,0.53698454,1
1505760150,21791324,247.46,0.99963000,1
1505760150,21791323,247.50,2.81257046,1
1505760150,21791322,247.51,4.02000000,1
1505760150,21791321,247.66,0.08274000,1
1505760140,21791318,248.19,1.00000000,0
1505760138,21791317,247.45,20.81943035,1
1505760138,21791316,247.61,4.02000000,1
1505760137,21791315,247.67,0.32190000,0
1505760136,21791313,247.67,0.08274000,0
1505760136,21791312,247.67,9.27000000,1
1505760090,21791302,248.09,1.72156203,0
1505760047,21791287,248.37,0.53488746,0
1505760047,21791285,248.15,0.91726000,0
1505760047,21791284,248.15,0.99685000,1
1505760046,21791283,248.00,0.07125563,0
1505760046,21791282,247.99,1.50000000,1
1505760027,21791277,248.00,0.64130066,0
1505760025,21791275,248.00,12.00000000,1
1505759964,21791245,248.08,5.57139896,0
1505759964,21791243,248.04,0.08274000,0
1505759954,21791241,248.11,6.42216220,1
1505759954,21791240,248.12,1.02023215,1
1505759954,21791239,248.13,0.99685000,1
1505759919,21791225,248.16,0.08274000,1
1505759864,21791163,248.46,0.88714481,1
1505759863,21791160,248.44,3.04628885,1
1505759862,21791159,248.44,0.08274000,0
1505759851,21791155,248.17,0.91726000,1
1505759851,21791154,248.22,0.08274000,1
1505759846,21791149,248.49,0.20069218,0
1505759827,21791139,248.63,7.08088815,0
1505759827,21791138,248.63,5.37549281,1
1505759827,21791137,248.62,0.80000000,0
1505759826,21791136,248.58,0.08274000,1
1505759818,21791094,248.61,0.02783476,1
1505759813,21791089,248.11,4.69288780,1
1505759813,21791088,248.12,0.08274000,1
1505759810,21791084,248.74,13.06930931,1
1505759809,21791083,248.65,0.22336539,0
1505759809,21791082,248.65,0.61023641,0
1505759809,21791081,248.65,0.18446485,0
1505759808,21791080,248.50,0.20000000,0
1505759808,21791077,248.48,0.25000000,0
1505759808,21791076,248.17,0.20000000,0
1505759806,21791075,248.13,3.88000000,0
1505759801,21791067,248.11,1.24000000,1
1505759801,21791065,248.11,0.08274000,1
1505759800,21791060,248.11,1.24000000,0
1505759800,21791059,247.79,0.99821000,0
1505759800,21791057,247.78,0.32400000,0
1505759787,21791044,246.72,1.50166931,0
1505759787,21791043,246.72,0.32400000,1
1505759787,21791042,246.86,0.99821000,0
1505759782,21791038,246.77,0.22676457,0
1505759782,21791037,247.35,0.08274000,1
1505759774,21791030,248.12,1.53126000,0
1505759772,21791027,248.11,1.47000000,0
1505759740,21791011,248.12,0.33271700,0
1505759737,21791008,248.12,13.61087377,0
1505759737,21791007,248.11,1.75000000,1
1505759737,21791006,248.11,0.33401790,0
1505759735,21791005,247.87,0.11651268,0
1505759691,21790988,247.87,0.12070844,0
1505759678,21790977,247.87,0.16593376,0
1505759604,21790946,247.87,0.39435995,0
1505759600,21790942,247.87,0.20248517,0
1505759598,21790939,247.81,0.20000000,0
1505759514,21790883,247.80,3.37829846,0
1505759498,21790876,247.80,1.00633575,0
1505759375,21790807,247.73,0.19686660,0
1505759312,21790778,247.40,0.73139626,1
1505759312,21790777,247.40,14.26860374,0
1505759238,21790747,247.40,0.37938400,0
1505759237,21790746,247.40,0.03668041,0
1505759235,21790744,247.39,0.20000000,0
1505759234,21790743,247.39,1.75004801,0
1505759230,21790742,247.39,0.30000000,0
1505759222,21790733,247.37,2.01781138,1
1505759222,21790732,247.37,0.20000000,0
1505759208,21790725,247.40,1.21046888,0
1505759032,21790575,246.33,4.52143010,1
1505759032,21790574,246.65,0.33401790,1
1505759032,21790573,247.03,0.42290000,1
1505759028,21790569,247.03,0.42285900,0
1505759024,21790567,247.30,0.42256369,1
1505759023,21790564,247.30,2.80428629,0
1505758991,21790547,247.91,0.92314923,0
1505758991,21790546,247.91,0.08274000,0
1505758946,21790499,248.19,4.84999423,0
1505758946,21790497,248.17,0.43000000,0
1505758946,21790496,248.01,0.32220000,0
1505758946,21790495,247.30,2.15000000,0
1505758944,21790492,245.51,7.01204820,0
1505758944,21790491,245.81,1.00000000,1
1505758944,21790490,245.81,3.80166441,0
1505758944,21790488,245.81,8.05917900,0
1505758943,21790487,246.72,0.46000000,1
1505758943,21790486,246.72,22.47589100,0
1505758943,21790484,247.24,14.78406000,1
1505758942,21790483,247.29,0.32220000,1
1505758942,21790481,247.30,2.80428629,1
1505758940,21790478,247.31,0.08274000,0
1505758926,21790471,248.17,0.44996800,0
1505758885,21790438,248.18,0.73442662,0
1505758884,21790437,247.99,0.20000000,0
1505758884,21790432,247.98,0.99368000,0
1505758882,21790428,247.95,0.08274000,0
1505758793,21790274,247.17,7.99526142,1
1505758752,21790230,246.57,0.79441400,1
1505758752,21790228,247.30,0.99368000,1
1505758752,21790227,247.32,14.80342800,1
1505758752,21790226,247.32,0.08274000,1
1505758752,21790225,247.34,4.38000000,1
1505758749,21790219,248.57,2.15839931,1
1505758748,21790217,248.57,0.08274000,1
1505758748,21790214,248.55,0.50000000,0
1505758747,21790212,248.54,0.08274000,1
1505758699,21790183,248.79,0.35718198,0
1505758657,21790134,247.65,0.08274000,1
1505758649,21790119,249.02,3.98765000,0
1505758633,21790108,247.46,0.08274000,1
1505758632,21790107,249.10,0.08274394,0
1505758632,21790106,247.80,0.08274510,0
1505758632,21790105,247.64,0.40308096,0
1505758630,21790101,247.64,0.58926404,0
1505758629,21790100,247.40,0.40300000,0
1505758628,21790097,246.88,2.80313489,1
1505758628,21790096,246.89,0.04000000,1
1505758623,21790091,246.85,0.83071440,1
1505758622,21790089,245.58,2.99064985,0
1505758621,21790085,245.59,9.18795780,1
1505758621,21790084,246.62,0.45000000,1
1505758620,21790083,246.79,1.28228800,1
1505758620,21790082,246.79,0.65999500,1
1505758620,21790081,246.82,1.49000000,1
1505758620,21790080,246.82,0.33272824,0
1505758619,21790078,247.65,10.90000000,0
1505758619,21790077,247.65,3.85714057,1
1505758616,21790076,247.65,3.59285943,1
1505758616,21790075,247.82,0.47000000,1
1505758616,21790074,248.00,0.20000000,1
1505758616,21790073,248.02,4.25879518,1
1505758616,21790072,248.32,0.22336539,1
1505758616,21790071,248.52,0.99234000,1
1505758610,21790066,248.32,0.48637126,1
1505758609,21790062,248.32,0.12386515,1
1505758609,21790061,248.34,0.18446485,1
1505758608,21790060,248.53,0.08274000,1
1505758607,21790054,248.52,0.08274000,1
1505758605,21790045,249.20,5.90375432,1
1505758605,21790044,249.20,0.63000000,0
1505758605,21790043,249.20,0.10000000,0
1505758603,21790038,248.50,3.36750568,0
1505758595,21790033,248.53,0.58308343,0
1505758585,21790027,248.53,0.58748632,1
1505758584,21790016,248.53,0.02170878,1
1505758545,21789976,248.92,4.75000000,0
1505758541,21789969,248.93,0.22084900,0
1505758541,21789968,248.93,0.92000000,0
1505758541,21789967,248.78,0.08274000,0
1505758536,21789962,248.38,1.06683384,1
1505758529,21789953,248.94,2.84313489,0
1505758529,21789951,248.34,0.30359410,1
1505758528,21789949,248.35,0.08274000,1
1505758527,21789944,248.93,0.45263510,0
1505758526,21789942,248.93,0.27736490,0
1505758492,21789896,248.94,0.05396685,0
1505758463,21789883,249.03,0.44581342,0
1505758463,21789882,249.00,3.35218658,0
1505758460,21789880,249.00,0.33155440,0
1505758457,21789878,249.00,0.33115135,0
1505758451,21789875,249.13,0.58282824,1
1505758451,21789874,249.12,10.49600000,1
1505758451,21789873,249.12,26.22752400,1
1505758451,21789872,249.11,0.37639894,0
1505758450,21789871,249.11,0.05568839,0
1505758450,21789870,249.11,0.06791267,0
1505758450,21789869,249.05,0.00003000,0
1505758450,21789868,249.05,0.33324272,0
1505758450,21789867,249.05,0.33327272,0
1505758449,21789866,249.00,0.65000000,0
1505758449,21789864,248.93,0.50000000,0
1505758449,21789863,248.74,0.08822900,0
1505758449,21789862,248.74,0.41177100,0
1505758447,21789860,248.51,0.00000549,0
1505758423,21789850,248.51,0.18435000,0
1505758397,21789839,248.50,0.24237000,0
1505758383,21789790,248.51,0.64843500,0
1505758383,21789789,248.50,0.08274000,0
1505758379,21789782,248.50,0.68527100,0
1505758379,21789780,248.50,0.06477400,0
1505758379,21789779,248.49,0.08274000,0
1505758367,21789769,248.51,0.18395669,0
1505758367,21789768,248.26,0.14770486,0
1505758362,21789766,248.26,3.69902521,0
1505758361,21789764,248.26,2.79400700,0
1505758356,21789753,248.26,2.29633720,0
1505758354,21789748,248.26,0.08274000,0
1505758354,21789747,248.26,14.61674100,0
1505758353,21789746,248.26,1.01674718,0
1505758353,21789745,248.26,0.08274000,0
1505758352,21789744,248.35,0.99242000,1
1505758352,21789743,248.36,1.59131905,1
1505758352,21789742,248.39,0.33394200,1
1505758352,21789741,248.39,0.49999500,1
1505758352,21789740,248.39,4.84628150,1
1505758348,21789735,248.64,0.56165541,0
1505758348,21789734,248.64,0.13583000,0
1505758327,21789720,248.64,0.33163082,0
1505758326,21789719,248.64,0.19252200,0
1505758317,21789708,248.64,0.05594042,0
1505758316,21789707,248.63,0.50000000,0
1505758316,21789706,248.55,0.33394758,0
1505758316,21789705,248.50,0.05010700,0
1505758315,21789703,248.50,3.98765000,0
1505758292,21789693,248.50,2.00000000,0
1505758285,21789687,248.50,0.49069900,0
1505758258,21789645,248.48,0.30919281,0
1505758257,21789644,248.49,0.05000000,0
1505758255,21789642,248.48,0.95000000,0
1505758201,21789616,248.50,3.47154400,0
1505758194,21789607,248.48,1.24514587,0
1505758192,21789604,248.48,1.18058988,0
1505758187,21789596,248.48,1.75192600,0
1505758184,21789592,248.48,1.75811700,0
1505758184,21789589,248.48,1.74600361,0
1505758183,21789588,248.47,5.65865087,0
1505758183,21789587,248.27,4.69854552,0
1505758176,21789578,248.27,3.01333226,0
1505758175,21789576,248.27,2.00000000,0
1505758169,21789563,248.27,1.55555900,0
1505758169,21789557,248.27,0.92280200,0
1505758109,21789504,248.16,4.00000000,1
1505758109,21789503,248.48,0.18602860,0
1505758107,21789498,248.45,0.81397140,0
1505758103,21789496,248.45,0.18602860,0
1505758076,21789473,248.00,2.78676214,1
1505758073,21789470,248.00,9.40347664,0
1505758065,21789463,248.00,6.03326613,0
1505758061,21789461,248.00,3.25326535,0
1505758025,21789445,248.50,0.17737773,1
1505758022,21789440,248.50,0.15434862,0
1505758014,21789435,248.50,0.33218828,0
1505758009,21789430,248.50,0.51130784,0
1505758009,21789428,248.36,0.33407987,0
1505758007,21789425,248.33,0.00179178,0
1505757992,21789410,247.00,0.02444789,0
1505757985,21789400,248.28,0.79036818,1
1505757984,21789399,248.28,0.20962620,1
1505757978,21789387,248.28,0.00000562,0
1505757978,21789381,248.28,0.33429964,0
1505757978,21789377,248.28,1.06778536,0
1505757958,21789342,248.27,0.22303541,1
1505757957,21789338,248.28,0.33210004,0
1505757955,21789336,248.28,0.33251590,0
1505757953,21789334,248.19,0.33433356,0
1505757953,21789333,248.16,0.97966589,0
1505757948,21789326,248.16,2.04674403,0
1505757948,21789325,248.16,0.50000000,0
1505757948,21789324,248.14,0.33449000,0
1505757946,21789320,248.06,0.33460635,0
1505757918,21789301,248.00,2.42000000,1
1505757917,21789300,248.00,2.49294989,0
1505757917,21789299,248.00,0.25000000,0
1505757917,21789298,248.00,1.16782621,0
1505757873,21789278,247.99,0.33250337,0
1505757870,21789272,248.00,0.03497427,0
1505757870,21789271,248.00,0.16384206,0
1505757869,21789269,248.00,0.48615794,0
1505757869,21789268,248.00,0.14719952,0
1505757863,21789258,247.98,0.65800761,0
1505757863,21789257,247.97,0.33471825,0
1505757861,21789250,247.13,0.83189069,0
1505757859,21789243,247.13,0.19006330,0
1505757855,21789212,246.80,214.75670425,0
1505757855,21789210,246.80,4.03961800,0
1505757854,21789205,246.80,0.18990000,0
1505757854,21789200,246.80,4.04173400,0
1505757852,21789192,246.80,8.27003174,0
1505757851,21789190,246.80,1.64846171,0
1505757851,21789189,246.79,0.44000000,0
1505757846,21789178,246.80,1.28233292,0
1505757844,21789168,246.80,1.27021880,0
1505757841,21789159,246.80,3.71839546,0
1505757837,21789153,246.80,11.87253900,0
1505757837,21789152,246.79,0.47000000,0
1505757828,21789142,246.80,1.34633702,0
1505757826,21789141,246.80,0.10000000,0
1505757824,21789137,246.80,0.66320600,0
1505757823,21789136,246.79,0.56000000,0
1505757817,21789126,246.80,4.99000000,0
1505757817,21789125,246.79,0.66000000,0
1505757800,21789094,246.80,0.89136952,0
1505757797,21789085,246.80,2.75949900,0
1505757796,21789080,246.80,1.96949900,0
1505757796,21789077,246.79,0.79000000,0
1505757794,21789073,246.80,14.51033200,0
1505757792,21789072,246.80,2.05000000,0
1505757792,21789071,246.80,3.02949900,0
1505757789,21789069,246.80,9.39431000,0
1505757789,21789068,246.79,0.99869000,0
1505757787,21789062,246.79,0.93000000,0
1505757787,21789061,246.77,0.08274000,0
1505757774,21789044,246.80,1.46977309,0
1505757769,21789034,246.79,0.27000000,1
1505757765,21789024,246.80,0.42584981,0
1505757763,21789016,246.80,2.94349100,0
1505757763,21789015,246.80,16.99090000,0
1505757763,21789014,246.80,4.31247300,0
1505757762,21789010,246.80,2.61882900,0
1505757756,21788992,246.79,1.00000000,0
1505757754,21788985,246.20,0.10000000,0
1505757754,21788983,246.20,6.72408135,0
1505757753,21788978,246.20,2.36387645,0
1505757751,21788964,246.20,10.64902518,0
1505757750,21788959,246.20,1.12168392,0
1505757749,21788955,246.20,16.98890465,0
1505757744,21788945,246.20,7.03311430,0
1505757743,21788941,246.20,0.65836805,0
1505757740,21788930,246.20,0.44000000,0
1505757738,21788919,246.20,2.02640130,0
1505757733,21788900,246.20,4.49017059,0
1505757731,21788889,246.20,3.26254000,0
1505757730,21788886,246.20,4.52196000,0
1505757730,21788884,246.20,13.31150600,0
1505757730,21788882,246.20,0.52468800,0
1505757729,21788881,246.20,5.18777000,0
1505757729,21788880,246.20,4.44816100,0
1505757728,21788875,246.20,0.49000000,0
1505757727,21788870,246.20,24.34949400,0
1505757726,21788868,246.20,0.38368100,0
1505757725,21788864,246.20,2.86683000,0
1505757725,21788862,246.20,0.70850100,0
1505757724,21788861,246.20,0.08840000,0
1505757724,21788860,246.20,4.71718887,0
1505757724,21788859,246.20,6.78653979,0
1505757723,21788855,246.20,1.00000000,0
1505757722,21788854,246.20,17.42315603,0
1505757721,21788849,246.20,0.13134100,0
1505757720,21788843,246.20,1.83525588,0
1505757720,21788841,246.20,7.73200649,0
1505757718,21788839,246.20,0.80577263,0
1505757716,21788829,246.20,1.18012325,0
1505757714,21788823,246.20,28.88418874,0
1505757712,21788814,246.20,0.06969000,0
1505757709,21788811,246.20,1.93784931,0
1505757706,21788797,246.20,0.70935845,0
1505757705,21788794,246.20,0.78574108,0
1505757703,21788786,246.20,0.02997563,0
1505757697,21788776,246.20,1.25241883,0
1505757696,21788773,246.20,6.41316003,0
1505757694,21788771,246.20,18.66003249,0
1505757690,21788767,246.20,5.40077153,0
1505757690,21788766,246.20,8.98471336,0
1505757685,21788751,246.20,0.19024600,0
1505757684,21788749,246.20,0.05004492,0
1505757643,21788611,246.19,0.14999500,0
1505757631,21788591,246.20,0.13776259,0
1505757631,21788590,246.19,0.19656928,0
1505757631,21788589,246.19,0.12603072,0
1505757631,21788588,246.19,0.22000000,0
1505757618,21788577,246.56,0.33433356,1
1505757618,21788576,246.65,101.90917275,1
1505757618,21788575,246.70,1.00000000,1
1505757616,21788567,246.80,0.68126000,0
1505757614,21788563,246.79,0.32000000,0
1505757610,21788560,246.80,1.79200175,0
1505757609,21788559,246.71,0.01573225,0
1505757603,21788546,246.71,10.03587571,1
1505757602,21788545,246.71,0.33407987,1
1505757602,21788544,246.79,0.02431217,1
1505757602,21788539,246.80,1.54667533,0
1505757601,21788538,246.79,0.47000000,0
1505757596,21788528,246.80,0.33382266,0
1505757589,21788525,246.80,0.55262144,0
1505757589,21788524,246.79,0.00000500,0
1505757588,21788521,246.79,0.55999500,0
1505757574,21788512,246.79,0.65999500,0
1505757562,21788498,246.80,0.12233151,0
1505757562,21788497,246.79,0.78000000,0
1505757551,21788489,246.88,1.02195399,1
1505757550,21788488,246.94,0.32260000,1
1505757550,21788487,246.95,1.09000000,1
1505757550,21788486,247.01,0.99869000,1
1505757550,21788485,247.11,0.08274000,1
1505757529,21788473,247.94,0.32124707,1
1505757529,21788472,247.76,1.47015270,0
1505757527,21788468,247.73,0.06491000,0
1505757520,21788461,247.49,0.12093418,0
1505757507,21788435,247.76,1.56768647,0
1505757506,21788433,247.73,10.43274050,1
1505757505,21788431,247.73,0.08274000,0
1505757447,21788401,247.76,5.91726000,0
1505757447,21788400,247.72,0.08274000,0
1505757436,21788394,247.23,0.08274000,0
1505757435,21788391,247.42,0.00003000,1
1505757435,21788390,247.44,0.08274000,1
1505757432,21788388,247.76,0.33281537,0
1505757430,21788383,247.42,0.33324272,1
1505757429,21788382,247.76,0.70580400,0
1505757428,21788381,247.59,0.49000000,0
1505757428,21788380,247.42,0.33546923,0
1505757428,21788379,247.13,0.29404466,0
1505757427,21788377,247.00,0.96144425,0
1505757426,21788376,247.00,3.63461538,0
1505757422,21788373,247.00,6.56616688,0
1505757422,21788372,247.00,0.08274000,1
1505757421,21788369,246.99,15.00000000,0
1505757338,21788317,247.00,3.18274000,0
1505757338,21788316,246.63,0.81726000,0
1505757337,21788315,246.63,0.08274000,1
1505757331,21788313,247.00,1.94137261,0
1505757324,21788307,247.00,1.96910931,0
1505757324,21788306,246.99,0.93000000,0
1505757311,21788301,246.99,1.00963602,0
1505757303,21788296,246.99,3.80110900,0
1505757303,21788295,246.99,1.30000000,0
1505757282,21788282,246.99,0.95294989,0
1505757282,21788281,246.99,1.54000000,0
1505757277,21788271,247.00,0.03795166,0
1505757277,21788269,247.00,0.33327272,0
1505757272,21788252,247.24,0.60503964,0
1505757253,21788221,247.24,0.99815000,0
1505757250,21788215,247.14,0.99815000,0
1505757245,21788207,247.24,1.02046534,0
1505757245,21788206,247.16,0.08274000,0
1505757245,21788205,247.15,1.99310053,0
1505757225,21788176,246.27,0.29404466,1
1505757225,21788175,246.27,1.02046534,1
1505757225,21788174,246.28,0.08274000,1
1505757225,21788173,246.29,0.91541000,1
1505757205,21788139,247.26,0.40342150,0
1505757203,21788132,247.25,2.42135490,0
1505757200,21788127,246.92,0.08274000,1
1505757195,21788120,246.64,0.33460635,0
1505757194,21788119,246.63,0.08274000,0
1505757193,21788117,246.91,0.50625734,1
1505757190,21788116,246.92,4.40380000,1
1505757190,21788115,247.37,11.71916562,1
1505757190,21788114,247.32,0.33559775,0
1505757189,21788113,247.31,0.44000000,1
1505757189,21788112,247.02,0.33601208,0
1505757188,21788107,246.92,3.02640992,0
1505757176,21788089,246.90,0.20196825,0
1505757176,21788086,246.90,0.83071440,0
1505757172,21788077,246.76,1.99331526,0
1505757172,21788076,246.75,3.00668474,0
1505757152,21788047,246.25,0.21150676,0
1505757152,21788043,246.80,0.33394758,0
1505757147,21788038,246.28,0.33471825,0
1505757146,21788033,246.28,0.01479575,0
1505757145,21788032,246.27,0.03184438,0
1505757145,21788031,246.24,0.28788987,0
1505757127,21788002,246.24,0.21211013,0
1505757125,21787998,245.27,0.18000000,1
1505757125,21787997,246.01,0.32480000,1
1505757124,21787996,245.26,3.00668474,1
1505757124,21787995,245.26,0.32480000,1
1505757124,21787994,246.24,0.50763482,1
1505757124,21787992,246.24,0.18088044,1
1505757123,21787990,246.00,0.34334534,0
1505757120,21787987,246.00,0.33559775,0
1505757115,21787981,246.00,0.32105691,0
1505757115,21787979,246.00,0.25000000,0
1505757115,21787978,245.99,1.00000000,0
1505757115,21787977,245.99,1.53000000,1
1505757114,21787976,245.98,0.33743725,0
1505757114,21787974,245.93,0.33750479,0
1505757114,21787972,245.93,0.33740823,0
1505757114,21787970,245.81,2.49000000,1
1505757112,21787969,245.80,1.53000000,0
1505757112,21787967,245.80,2.49030106,0
1505757105,21787959,245.80,1.52969894,0
1505757105,21787958,245.80,0.50000000,0
1505757085,21787939,245.79,0.33546923,0
1505757083,21787931,245.07,1.00000000,0
1505757083,21787930,245.00,0.30032388,0
1505757079,21787920,245.00,1.99559184,0
1505757075,21787916,245.00,0.21742300,0
1505757071,21787911,244.70,0.25000000,0
1505757069,21787907,244.69,0.08282033,0
1505757069,21787905,244.69,0.69420655,0
1505757067,21787900,244.69,0.05839000,0
1505757067,21787897,244.67,0.45636711,0
1505757065,21787895,244.69,0.15979402,0
1505757063,21787889,244.65,0.03184438,0
1505757048,21787869,244.61,1.06556044,1
1505757047,21787866,244.59,3.93443956,0
1505757036,21787844,244.59,0.01681484,0
1505757036,21787843,244.58,0.10386459,0
1505757033,21787839,244.58,0.22303541,0
1505756949,21787743,244.61,0.06874560,1
1505756948,21787741,244.59,4.02000000,0
1505756948,21787740,244.59,0.91125440,0
1505756931,21787727,244.60,3.36750568,0
1505756914,21787710,244.64,0.83784336,0
1505756914,21787708,244.20,0.58926000,0
1505756913,21787706,244.15,0.08274000,1
1505756894,21787672,244.18,1.91852000,1
1505756893,21787671,244.18,0.08274000,0
1505756824,21787649,244.00,1.52879111,1
1505756824,21787647,244.01,0.32690000,1
1505756823,21787645,244.00,0.57726000,1
1505756823,21787643,244.01,0.08274000,1
1505756809,21787621,244.00,0.21630400,1
1505756796,21787611,244.00,0.19098361,1
1505756775,21787577,244.01,0.33801850,0
1505756763,21787568,244.01,0.06758944,0
1505756763,21787567,244.01,0.75000000,0
1505756754,21787561,244.18,0.75160819,0
1505756747,21787558,244.19,1.73358642,0
1505756747,21787557,244.05,0.32800000,0
1505756745,21787554,243.45,0.58926000,1
1505756745,21787553,243.45,0.32800000,1
1505756745,21787552,243.46,0.08274000,1
1505756744,21787551,244.00,0.75944590,0
1505756744,21787550,244.00,0.29992282,0
1505756743,21787545,244.00,0.41717592,0
1505756743,21787544,244.00,3.81470420,0
1505756736,21787536,244.00,0.70875116,0
1505756736,21787535,243.90,6.00000000,0
1505756735,21787533,243.86,0.50291872,0
1505756654,21787456,244.03,0.50322128,0
1505756654,21787455,244.00,0.32800000,0
1505756654,21787454,244.00,0.08274000,1
1505756652,21787453,243.99,0.08274000,0
1505756643,21787449,243.29,2.42041237,0
1505756643,21787448,243.51,0.32800000,1
1505756642,21787447,243.63,0.08274000,1
1505756592,21787421,244.19,0.39841781,0
1505756549,21787401,244.13,1.96133207,0
1505756548,21787397,244.11,0.08274000,0
1505756523,21787374,243.76,1.00691654,1
1505756501,21787347,244.22,0.40844321,1
1505756500,21787340,243.76,7.23184200,1
1505756478,21787319,244.39,1.68680506,1
1505756476,21787318,243.83,0.25000000,0
1505756476,21787317,243.83,3.17625193,0
1505756470,21787310,243.76,1.75496000,1
1505756469,21787309,243.80,0.25000000,1
1505756469,21787308,243.81,0.75614000,1
1505756469,21787307,243.81,0.25000000,1
1505756453,21787298,243.83,0.08274000,1
1505756452,21787296,243.83,3.26110000,1
1505756437,21787284,244.00,3.02812400,0
1505756434,21787282,244.00,2.97187600,0
1505756383,21787244,244.10,3.29077982,1
1505756383,21787243,244.11,0.08274000,1
1505756382,21787239,244.50,0.99546012,0
1505756334,21787177,244.54,2.83115237,0
1505756294,21787146,244.61,0.33750479,0
1505756291,21787142,244.61,0.33743725,0
1505756289,21787139,244.60,7.64028078,0
1505756289,21787138,244.15,0.33990262,0
1505756274,21787084,244.00,0.50000000,0
1505756274,21787083,244.00,0.50000000,0
1505756274,21787082,243.98,0.50000000,0
1505756254,21787053,243.98,2.04250348,1
1505756254,21787051,243.61,1.47000000,0
1505756252,21787050,243.34,4.48275794,0
1505756249,21787047,243.37,1.22269055,1
1505756248,21787044,243.36,1.74000000,0
1505756235,21787029,243.37,1.43562916,0
1505756235,21787028,242.87,0.00000438,0
1505756149,21786953,242.87,0.02716000,0
1505756136,21786938,242.87,0.08214271,0
1505756118,21786932,242.87,0.33293771,0
1505756117,21786931,242.69,0.00060489,0
1505756117,21786930,242.66,1.01090740,0
1505756116,21786929,242.57,0.08274000,1
1505756115,21786927,242.57,0.08274000,0
1505756102,21786918,242.16,0.08274000,1
1505756080,21786897,242.14,2.92443753,0
1505756076,21786895,242.41,0.44938948,0
1505756076,21786894,242.39,0.08274000,0
1505756061,21786890,242.40,1.45704407,0
1505756061,21786889,242.40,7.09000000,0
1505756061,21786888,242.39,1.99898312,0
1505756061,21786887,242.30,1.45397281,0
1505756051,21786882,242.29,4.02000000,0
1505756045,21786869,242.30,3.64635593,0
1505756044,21786868,242.29,0.17700000,0
1505756044,21786867,242.29,1.59300000,0
1505756008,21786839,242.20,0.41189100,0
1505755994,21786820,242.30,0.04411300,1
1505755945,21786788,242.39,1.00187312,0
1505755934,21786784,242.32,2.68388764,1
1505755922,21786775,242.32,0.34252228,1
1505755913,21786770,242.40,0.34016393,1
1505755911,21786768,242.41,0.34014999,1
1505755911,21786767,242.42,4.04000000,1
1505755893,21786745,242.55,1.95213358,1
1505755890,21786744,242.55,1.33304473,1
1505755878,21786740,242.55,0.34219748,1
1505755874,21786737,242.64,0.00003627,1
1505755874,21786736,242.64,0.34015554,1
1505755866,21786731,242.65,0.33990262,1
1505755855,21786724,242.88,0.33950996,1
1505755852,21786722,243.03,1.66981172,1
1505755848,21786720,243.03,0.34152162,1
1505755845,21786716,243.03,1.57755166,1
1505755844,21786715,243.09,0.33938501,1
1505755839,21786703,243.10,36.55556959,1
1505755838,21786702,243.10,11.61272194,1
1505755838,21786701,243.10,5.15318943,1
1505755838,21786700,243.10,9.68830428,1
1505755838,21786699,243.10,6.88973300,1
1505755838,21786698,243.10,2.57917400,1
1505755838,21786697,243.10,3.37950400,1
1505755838,21786696,243.10,5.30341164,1
1505755834,21786688,243.10,0.84011569,1
1505755833,21786686,243.10,1.31743783,1
1505755828,21786682,243.10,2.10000000,1
1505755822,21786677,243.10,4.59651066,1
1505755816,21786672,243.10,0.50987565,1
1505755815,21786671,243.10,2.50000000,1
1505755810,21786669,243.10,0.34253252,1
1505755810,21786668,243.10,2.19885839,1
1505755802,21786661,243.10,2.97000000,1
1505755799,21786656,243.10,0.98312362,1
1505755799,21786655,243.10,9.24720432,1
1505755797,21786652,243.10,1.77292142,1
1505755796,21786651,243.11,1.00000000,1
1505755796,21786650,243.11,0.33210000,1
1505755770,21786610,243.10,2.16193726,1
1505755770,21786609,243.10,3.97912298,1
1505755770,21786608,243.10,0.18831976,1
1505755761,21786595,243.10,1.69125546,1
1505755761,21786594,243.10,4.62647005,1
1505755746,21786566,243.10,0.18602700,1
1505755742,21786558,243.10,11.25000000,1
1505755741,21786556,243.10,3.29272441,1
1505755740,21786555,243.10,10.85402254,1
1505755740,21786554,243.10,4.84916110,1
1505755740,21786553,243.10,0.09507436,1
1505755738,21786540,243.10,2.54921564,1
1505755738,21786539,243.10,1.63064016,1
1505755738,21786538,243.10,0.25872990,1
1505755738,21786536,243.10,4.03161598,1
1505755738,21786533,243.10,7.73894532,1
1505755737,21786531,243.10,0.96940636,1
1505755728,21786508,243.10,5.03954550,1
1505755719,21786500,243.10,4.33702900,1
1505755716,21786488,243.10,0.78922255,1
1505755714,21786487,243.10,1.09500000,1
1505755711,21786474,243.10,0.44977376,1
1505755710,21786466,243.10,4.11580385,1
1505755704,21786417,243.10,3.90331513,1
1505755704,21786414,243.11,0.08274000,1
1505755699,21786387,243.11,0.33933934,1
1505755699,21786385,243.11,0.33946806,1
1505755696,21786381,243.10,0.60399013,1
1505755695,21786378,243.10,1.25979840,1
1505755695,21786375,243.10,1.16696376,1
1505755695,21786374,243.10,0.12680284,1
1505755693,21786358,243.10,0.28867095,1
1505755692,21786357,243.11,0.08274000,1
1505755688,21786338,243.10,0.61549443,1
1505755688,21786337,243.10,0.59226957,1
1505755687,21786334,243.53,0.67184926,0
1505755687,21786333,243.53,0.33733010,1
1505755686,21786330,243.52,0.08274000,1
1505755685,21786327,243.52,1.54524200,0
1505755685,21786326,243.52,0.08274000,0
1505755685,21786324,243.10,7.07752219,1
1505755682,21786321,243.10,1.12399600,1
1505755681,21786320,243.10,3.05139100,1
1505755681,21786319,243.10,1.54250075,1
1505755681,21786318,243.10,0.49000000,1
1505755681,21786317,243.10,0.19722267,1
1505755681,21786316,243.10,0.13878458,1
1505755680,21786315,243.10,1.39353200,1
1505755679,21786314,243.10,2.46707300,1
1505755661,21786275,243.10,9.93638500,1
1505755660,21786274,243.10,2.68638886,1
1505755660,21786273,243.11,1.03294714,1
1505755659,21786272,243.11,1.12425800,1
1505755657,21786268,243.11,0.25279486,1
1505755646,21786252,243.11,0.83115339,1
1505755643,21786247,243.10,5.88624000,1
1505755643,21786246,243.14,0.08274000,1
1505755637,21786237,243.10,0.40293974,1
1505755637,21786236,243.11,2.58000000,1
1505755635,21786230,243.24,1.02520145,0
1505755634,21786229,243.12,0.21318600,0
1505755624,21786212,243.10,0.21493960,1
1505755624,21786210,243.10,1.18201842,1
1505755624,21786207,243.10,0.63439426,1
1505755623,21786206,243.10,0.35219018,1
1505755620,21786197,243.10,8.07642409,1
1505755620,21786196,243.11,2.75504441,1
1505755619,21786194,243.10,2.29686987,1
1505755619,21786193,243.10,2.54427013,1
1505755618,21786186,243.11,1.31220674,0
1505755614,21786172,243.10,2.67698190,1
1505755614,21786171,243.10,0.09043022,1
1505755614,21786170,243.11,0.00004266,1
1505755612,21786162,243.11,2.16573416,1
1505755609,21786145,243.11,0.84422318,1
1505755604,21786117,243.12,0.23242757,1
1505755596,21786094,243.13,1.72449969,0
1505755596,21786093,243.12,0.17328887,0
1505755593,21786080,243.13,5.31168240,1
1505755591,21786075,243.11,1.19618071,1
1505755590,21786068,243.10,0.22875356,1
1505755590,21786066,243.10,1.16579766,1
1505755585,21786057,243.10,0.33938501,1
1505755585,21786053,243.10,3.58888500,1
1505755583,21786049,243.10,1.54793665,1
1505755583,21786047,243.10,3.35843835,1
1505755582,21786044,243.10,7.01931300,1
1505755580,21786030,243.10,1.84676185,1
1505755580,21786029,243.10,0.00090000,1
1505755580,21786027,243.10,3.63150615,1
1505755580,21786026,243.10,1.63136900,1
1505755579,21786021,243.10,0.84796685,1
1505755579,21786018,243.10,1.42320415,1
1505755579,21786017,243.10,0.91035900,1
1505755579,21786016,243.11,1.53144200,1
1505755579,21786014,243.11,1.80855800,1
1505755574,21786000,243.11,2.52302100,1
1505755574,21785998,243.11,0.50000000,1
1505755569,21785990,243.13,3.38926376,1
1505755550,21785933,243.11,0.73232279,1
1505755550,21785932,243.11,6.73727770,1
1505755539,21785924,243.14,1.06875176,1
1505755532,21785909,243.11,0.92317465,1
1505755524,21785905,243.39,1.93594642,0
1505755505,21785880,243.11,0.28904607,1
1505755499,21785865,243.44,0.04104013,0
1505755499,21785864,243.44,3.88563163,0
1505755499,21785863,243.44,0.08274000,0
1505755478,21785822,243.11,1.00000000,1
1505755473,21785820,243.12,1.77250473,1
1505755467,21785814,243.11,0.70741173,1
1505755467,21785813,243.12,2.58506050,1
1505755463,21785809,243.12,0.63352112,1
1505755463,21785808,243.31,0.15511076,1
1505755463,21785807,243.40,3.38926376,1
1505755461,21785804,243.43,0.08274000,1
1505755430,21785727,243.96,3.47146788,0
1505755430,21785726,243.83,0.08274000,0
1505755337,21785590,244.21,0.21988371,0
1505755323,21785570,243.31,0.32570517,0
1505755322,21785567,243.31,0.84000000,1
1505755322,21785565,243.31,1.00000000,1
1505755322,21785563,243.31,1.83429483,1
1505755321,21785561,243.31,0.34112860,1
1505755321,21785560,243.31,0.84457657,1
1505755318,21785552,243.31,1.00000000,0
1505755311,21785539,243.10,3.76935685,1
1505755311,21785538,243.10,0.60938263,1
1505755311,21785537,243.11,4.31000000,1
1505755311,21785536,243.60,0.48752052,1
1505755311,21785535,243.75,1.00000000,1
1505755311,21785534,244.00,4.00000000,1
1505755311,21785533,244.02,0.08274000,1
1505755306,21785514,244.01,0.34014999,1
1505755303,21785511,244.01,0.44870000,1
1505755276,21785431,244.31,1.69729799,1
1505755275,21785425,244.30,1.52504600,1
1505755275,21785424,244.48,0.05400000,1
1505755274,21785422,244.49,0.52000000,0
1505755274,21785420,244.49,0.60000000,1
1505755274,21785418,244.49,0.47659411,1
1505755273,21785417,244.49,0.67340589,1
1505755273,21785415,244.49,0.51082182,1
1505755272,21785413,244.49,0.60917818,1
1505755270,21785407,244.49,1.15000000,0
1505755270,21785405,244.49,1.12000000,0
1505755270,21785403,244.48,0.32600000,1
1505755269,21785401,244.30,0.81615367,1
1505755269,21785398,244.48,0.31957633,1
1505755268,21785395,244.48,0.80042367,1
1505755268,21785394,244.48,0.33000000,1
1505755268,21785393,244.48,0.05581740,1
1505755267,21785388,244.48,1.12018260,1
1505755266,21785386,244.48,0.32400000,1
1505755265,21785382,244.30,0.31654834,1
1505755265,21785381,244.30,1.18345166,1
1505755232,21785260,244.30,2.83654834,1
1505755130,21784940,244.60,1.00000000,1
1505755130,21784938,244.96,0.92784043,1
1505755105,21784897,245.11,0.41000000,0
1505755103,21784896,245.13,9.76347245,0
1505755102,21784894,245.12,0.40856393,1
1505755099,21784885,245.13,1.33640400,1
1505755013,21784824,245.08,5.39659118,0
1505755013,21784823,245.07,4.19484489,0
1505755011,21784822,245.11,1.00819000,1
1505755011,21784821,245.12,0.32600000,1
1505755011,21784820,245.13,0.32400000,1
1505755011,21784819,245.14,4.73000000,1
1505754963,21784784,245.10,6.57800000,0
1505754963,21784783,244.96,1.75000000,0
1505754962,21784781,244.96,2.26401100,0
1505754961,21784776,244.96,1.75598900,0
1505754949,21784771,245.08,1.00000000,0
1505754949,21784770,244.96,2.72000000,0
1505754949,21784769,244.96,0.37000000,0
1505754948,21784767,244.96,0.92885480,0
1505754945,21784765,244.96,2.72114520,1
1505754945,21784764,244.96,0.36935937,0
1505754944,21784763,244.96,3.29064063,0
1505754944,21784761,244.96,0.35835000,0
1505754944,21784760,244.95,0.25094337,0
1505754938,21784752,244.96,3.66165000,0
1505754938,21784751,244.95,0.32600000,0
1505754753,21784655,244.84,1.00930064,0
1505754584,21784590,244.65,0.31876860,0
1505754584,21784589,244.65,1.00000000,1
1505754584,21784588,244.65,0.34062266,1
1505754584,21784587,244.66,0.34060874,1
1505754561,21784554,244.65,0.25094337,1
1505754561,21784553,244.66,0.32600000,1
1505754561,21784552,244.84,0.08274000,1
1505754561,21784551,244.87,0.34031663,1
1505754434,21784459,244.92,4.00000000,1
1505754375,21784438,245.07,1.30908275,0
1505754375,21784437,245.08,2.30343325,0
1505754374,21784436,245.06,0.08274000,0
1505754371,21784432,245.09,3.78310662,1
1505754369,21784431,245.10,0.08114666,0
1505754366,21784428,245.08,1.67000000,0
1505754366,21784426,244.31,5.85965338,0
1505754365,21784423,244.31,0.25518903,0
1505754365,21784422,244.31,3.84896009,0
1505754364,21784417,244.30,0.32600000,0
1505754350,21784396,244.31,0.08274000,0
1505754345,21784383,244.58,0.25437274,0
1505754345,21784382,244.52,0.08274000,0
1505754327,21784373,244.64,5.38375606,0
1505754327,21784372,244.63,1.92000000,0
1505754327,21784371,244.62,0.08274000,0
1505754323,21784362,244.64,0.32600000,0
1505754322,21784360,244.64,1.37921939,0
1505754322,21784359,244.65,0.34062266,1
1505754322,21784358,244.66,1.01029000,1
1505754322,21784357,245.05,0.60705978,1
1505754315,21784352,245.08,1.91000000,0
1505754310,21784338,244.81,0.66623095,0
1505754299,21784326,244.80,0.65000000,1
1505754297,21784322,244.81,0.08274000,0
1505754254,21784290,245.03,0.33722607,1
1505754248,21784289,244.83,0.34037223,1
1505754239,21784272,245.03,0.50978584,0
1505754231,21784266,245.08,0.40700995,1
1505754206,21784254,245.10,1.07409000,0
1505754206,21784253,245.08,0.92591000,0
1505754184,21784237,245.09,0.02031907,0
1505754123,21784204,244.81,0.92591000,1
1505754123,21784203,244.90,0.08274000,1
1505754032,21784093,245.07,0.31778176,0
1505754000,21784056,244.92,0.34024716,1
1505753995,21784054,245.10,8.40852713,0
1505753993,21784053,245.09,2.58000000,1
1505753991,21784052,245.10,0.25654834,0
1505753991,21784051,245.09,2.58000000,0
1505753973,21784043,245.10,0.88879571,0
1505753971,21784041,245.09,3.07000000,0
1505753947,21784026,245.09,1.73407100,0
1505753926,21784019,245.08,2.00537853,0
1505753897,21783991,245.08,1.58442669,0
1505753893,21783982,245.07,2.26414500,0
1505753884,21783967,244.31,0.00029850,0
1505753874,21783963,244.31,0.34109669,0
1505753863,21783953,244.30,0.00003627,0
1505753862,21783952,244.30,0.34015554,0
1505753771,21783869,244.27,1.35736971,0
1505753771,21783868,244.26,0.08274000,0
1505753769,21783865,244.27,0.80189063,0
1505753769,21783864,244.27,0.55624667,0
1505753768,21783863,244.27,0.64227875,0
1505753768,21783862,244.27,2.04502485,0
1505753768,21783860,244.29,0.84007489,1
1505753768,21783858,244.28,1.01084000,0
1505753761,21783846,244.27,23.39456339,0
1505753755,21783832,244.28,1.49856721,1
1505753755,21783831,244.29,0.35210864,0
1505753754,21783830,244.29,5.44767681,0
1505753754,21783829,244.26,1.96535687,0
1505753754,21783827,244.26,2.88092463,0
1505753754,21783825,244.10,0.08274000,0
1505753683,21783747,244.31,0.24699671,0
1505753683,21783746,243.12,0.00000329,0
1505753682,21783744,243.11,0.34140923,1
1505753682,21783743,243.12,0.07981000,0
1505753681,21783740,243.12,0.24700000,0
1505753680,21783738,243.12,0.08274000,0
1505753680,21783737,243.12,0.81696199,0
1505753679,21783734,243.51,0.50000000,1
1505753679,21783733,243.54,3.02640992,1
1505753679,21783732,243.65,0.29802965,1
1505753679,21783731,243.66,1.24704258,1
1505753679,21783730,243.81,0.34065257,1
1505753679,21783729,243.92,0.08274000,1
1505753628,21783661,244.51,1.11058593,0
1505753546,21783570,245.03,0.75822572,0
1505753535,21783560,244.79,0.08274000,0
1505753535,21783559,243.71,1.06191667,0
1505753535,21783557,243.81,1.48000000,0
1505753529,21783547,244.82,0.71724600,0
1505753529,21783546,244.82,0.08274000,0
1505753524,21783538,243.65,0.04034533,1
1505753524,21783537,243.65,0.34065257,1
1505753524,21783535,243.79,0.46000000,1
1505753524,21783534,244.19,0.98537000,1
1505753524,21783532,244.19,4.02000000,1
1505753524,21783531,244.19,1.91689210,1
1505753524,21783530,244.22,0.08274000,1
1505753480,21783470,245.03,0.98200000,0
1505753479,21783467,244.03,0.09741124,0
1505753478,21783463,244.00,2.06306447,0
1505753478,21783461,244.00,1.85545196,1
1505753478,21783460,244.01,0.34151606,1
1505753474,21783450,244.00,0.34016393,1
1505753473,21783447,245.03,0.09217000,0
1505753473,21783446,244.97,0.08274000,0
1505753472,21783445,244.00,0.80438411,1
1505753472,21783443,244.00,0.27872766,1
1505753472,21783442,244.55,0.00008550,1
1505753472,21783441,244.55,0.33725802,1
1505753471,21783440,244.60,0.08141105,1
1505753471,21783439,244.61,0.33740823,1
1505753471,21783437,244.62,0.34066443,1
1505753461,21783404,244.72,0.62889916,1
1505753460,21783403,244.68,1.05344766,0
1505753459,21783401,244.68,0.47951405,1
1505753459,21783400,244.68,0.50934585,1
1505753458,21783399,244.68,0.10949370,1
1505753458,21783397,244.74,0.32710000,1
1505753458,21783396,244.75,0.34048349,1
1505753448,21783381,244.92,5.71949286,0
1505753448,21783380,244.92,3.01103914,1
1505753445,21783379,244.92,0.33923006,1
1505753445,21783378,245.00,0.42436065,1
1505753444,21783377,245.02,0.34010829,1
1505753443,21783376,245.00,3.35026900,1
1505753443,21783375,245.00,0.22537035,1
1505753442,21783374,245.00,1.20280048,1
1505753442,21783373,245.01,0.34012217,1
1505753415,21783356,245.00,0.65000000,1
1505753411,21783355,245.00,0.14719952,1
1505753402,21783341,245.01,1.78000000,1
1505753401,21783340,245.01,2.23139831,1
1505753401,21783339,245.12,0.08274000,1
1505753396,21783338,245.01,1.78860169,1
1505753396,21783337,245.09,0.08274000,1
1505753385,21783327,245.34,0.40661939,0
1505753367,21783266,245.38,0.10000000,0
1505753363,21783262,245.40,0.10000000,0
1505753361,21783259,245.42,15.51352273,0
1505753361,21783257,245.41,3.06000000,0
1505753361,21783255,245.40,0.08274000,0
1505753357,21783250,245.42,0.10000000,0
1505753340,21783244,245.31,3.69500000,1
1505753339,21783243,245.63,1.66373905,1
1505753339,21783242,245.63,4.02000000,1
1505753338,21783237,245.63,0.32500000,1
1505753337,21783236,245.63,0.08274000,0
1505753328,21783229,245.01,0.00731398,1
1505753328,21783228,245.31,0.50000000,1
1505753328,21783227,245.31,3.51964900,1
1505753326,21783226,245.31,0.00035100,1
1505753326,21783225,245.31,0.49702000,1
1505753324,21783224,245.31,3.52298000,1
1505753225,21783147,246.00,0.08274000,0
1505753224,21783145,246.01,1.00747000,1
1505753140,21783000,246.00,0.08274000,1
1505753140,21782999,245.95,0.75081733,0
1505753140,21782998,245.94,1.00776723,0
1505753106,21782975,246.00,4.26003249,0
1505753081,21782946,245.35,13.51748629,1
1505753011,21782914,245.84,0.32500000,1
1505753011,21782913,245.89,0.08274000,1
1505752962,21782889,246.18,0.08274000,0
1505752907,21782862,246.55,0.03033867,0
1505752899,21782860,246.62,0.33430526,0
1505752897,21782855,246.63,5.58014502,0
1505752897,21782854,246.48,0.33837498,0
1505752895,21782850,245.98,0.08274000,0
1505752892,21782839,246.62,4.70746168,1
1505752892,21782838,246.62,3.59000000,0
1505752892,21782837,246.48,0.12392411,0
1505752892,21782836,246.48,0.21132721,0
1505752891,21782835,246.36,2.05268768,0
1505752891,21782834,246.16,0.32500000,0
1505752891,21782832,246.00,0.12247610,0
1505752890,21782830,245.33,0.78115600,0
1505752890,21782825,245.31,0.08274000,1
1505752889,21782823,245.31,0.20142212,1
1505752888,21782817,245.31,0.13690488,1
1505752888,21782815,245.31,0.33832200,1
1505752888,21782814,245.31,0.33837498,1
1505752888,21782813,245.31,0.33836900,1
1505752887,21782811,245.50,0.33601208,1
1505752887,21782810,245.51,0.23032207,1
1505752887,21782809,245.56,11.61272194,1
1505752887,21782808,245.56,0.26837305,1
1505752887,21782806,245.57,1.07000000,1
1505752887,21782805,245.69,0.78061000,1
1505752831,21782754,245.67,0.01726000,1
1505752831,21782752,245.70,0.08274000,1
1505752815,21782722,245.64,0.10000000,1
1505752813,21782714,245.64,0.10989723,1
1505752813,21782713,245.65,0.08274000,1
1505752745,21782660,245.56,4.09056163,1
1505752745,21782659,245.96,0.32500000,1
1505752744,21782658,245.97,5.58443837,1
1505752692,21782644,246.35,0.10007452,0
1505752653,21782564,246.17,3.89708000,1
1505752647,21782559,246.35,0.41384329,0
1505752642,21782550,246.13,0.00070000,1
1505752641,21782549,246.30,1.00000000,1
1505752623,21782498,246.26,0.55769860,1
1505752623,21782497,246.26,9.48222403,1
1505752622,21782496,246.26,0.08274000,1
1505752622,21782495,246.26,1.00000000,1
1505752575,21782482,246.20,0.00007815,0
1505752567,21782476,246.00,0.08274000,1
1505752562,21782464,246.20,11.99992185,0
1505752536,21782454,246.36,0.41717450,0
1505752536,21782452,246.23,0.00008550,0
1505752535,21782451,246.22,0.08274000,0
1505752483,21782414,246.23,0.33725802,0
1505752482,21782413,245.63,0.01726000,1
1505752480,21782410,245.64,0.08274000,0
1505752471,21782402,246.05,3.60000000,0
1505752471,21782401,246.03,0.32500000,0
1505752471,21782400,246.00,13.72200979,0
1505752455,21782385,245.57,0.37843458,1
1505752454,21782384,245.83,0.32500000,1
1505752454,21782382,245.84,0.33897386,1
1505752450,21782372,246.00,9.99427540,1
1505752450,21782371,246.01,11.02000000,1
1505752438,21782353,246.36,0.13748585,0
1505752438,21782351,246.29,0.94480500,0
1505752438,21782348,246.24,0.08274000,0
1505752428,21782305,246.02,3.51726000,0
1505752427,21782302,246.02,0.08274000,1
1505752424,21782290,246.27,0.08274000,0
1505752396,21782267,246.03,2.74705600,0
1505752395,21782266,246.03,0.08274000,1
1505752395,21782265,246.20,0.77020400,1
1505752382,21782262,246.20,1.80081100,0
1505752328,21782221,246.29,1.05519500,0
1505752328,21782219,246.29,0.05052900,0
1505752326,21782215,246.29,1.09947100,0
1505752311,21782204,246.30,0.01847340,0
1505752311,21782202,246.29,0.00000500,0
1505752311,21782201,246.29,0.79999500,0
1505752310,21782199,246.29,1.00523000,0
1505752309,21782197,246.26,0.08274000,0
1505752290,21782190,246.00,0.21072460,1
1505752279,21782176,246.02,1.00523000,1
1505752279,21782175,246.07,0.08274000,1
1505752267,21782161,246.36,0.99265197,0
1505752260,21782151,246.00,1.79500000,0
1505752256,21782146,246.19,0.08274000,1
1505752256,21782145,246.19,0.95000000,0
1505752253,21782142,246.18,0.10155171,0
1505752244,21782135,246.33,0.50338976,0
1505752244,21782134,246.33,0.51962814,0
1505752234,21782121,245.83,0.07653706,1
1505752187,21782033,245.56,36.55556959,0
1505752187,21782032,245.56,11.61272194,0
1505752185,21782027,245.56,5.15318943,0
1505752185,21782026,245.55,1.13000000,0
1505752184,21782021,245.56,9.68830428,0
1505752182,21782019,245.56,6.88973300,0
1505752181,21782018,245.56,2.57917400,0
1505752180,21782017,245.56,3.37950400,0
1505752180,21782016,245.56,23.66186600,0
1505752180,21782015,245.56,13.18206300,0
1505752178,21782013,245.56,3.97912298,0
1505752172,21782006,245.55,0.05015033,1
1505752172,21782005,245.55,1.00931967,1
1505752172,21782004,245.55,0.28053000,1
1505752170,21782001,245.56,1.87957522,0
1505752159,21781983,245.56,30.20924400,0
1505752159,21781981,245.55,1.59000000,0
1505752146,21781951,245.55,0.20309509,0
1505752145,21781943,245.56,4.84916110,0
1505752139,21781918,245.56,2.64429000,0
1505752137,21781906,245.56,1.63064016,0
1505752135,21781896,245.56,0.25872990,0
1505752134,21781890,245.56,4.03161598,0
1505752134,21781888,245.55,0.65000000,0
1505752132,21781875,245.56,30.30183000,0
1505752132,21781873,245.56,1.16696376,0
1505752132,21781870,245.56,1.03096822,0
1505752130,21781862,245.56,13.38767951,0
1505752130,21781860,245.56,0.49000000,0
1505752129,21781857,245.56,0.19722267,0
1505752129,21781850,245.56,23.12628278,0
1505752128,21781845,245.56,1.81641268,0
1505752126,21781812,245.56,10.72548414,0
1505752124,21781791,245.56,12.18244013,0
1505752122,21781777,245.56,12.22451320,0
1505752122,21781776,245.55,1.00931967,0
1505752121,21781767,245.55,0.08068033,0
1505752118,21781761,245.55,0.38517654,0
1505752098,21781719,245.56,0.00090000,0
1505752098,21781717,245.55,1.29000000,0
1505752089,21781700,245.55,0.91290552,0
1505752084,21781679,245.55,0.50566053,0
1505752083,21781675,245.54,0.24158012,0
1505752074,21781667,245.56,6.11084200,0
1505752073,21781664,245.56,6.10292000,0
1505752073,21781663,245.55,1.81000000,0
1505752065,21781650,245.56,0.60938263,0
1505752063,21781646,245.55,0.00000500,0
1505752057,21781642,245.55,2.13999500,0
1505752044,21781624,245.55,0.45314599,0
1505752044,21781623,245.51,0.00794702,0
1505752044,21781620,245.50,0.20000000,0
1505752042,21781617,245.49,0.33833292,0
1505752040,21781609,245.49,0.46166708,0
1505752040,21781608,245.33,0.33832792,0
1505752036,21781588,245.30,4.87294500,1
1505752030,21781576,245.31,2.14162502,0
1505752030,21781575,245.30,0.33837498,0
1505752007,21781548,245.31,1.71347063,0
1505752006,21781547,245.31,0.59576043,0
1505751996,21781540,245.04,0.08274000,1
1505751994,21781538,245.05,3.31797322,0
1505751969,21781509,245.22,2.15343995,0
1505751969,21781508,245.21,0.57775748,0
1505751969,21781507,244.94,0.25681113,0
1505751967,21781503,244.93,0.17407000,0
1505751967,21781502,244.93,0.08274000,0
1505751964,21781492,244.93,3.28477524,1
1505751963,21781488,244.93,1.47907565,0
1505751956,21781476,244.93,0.08274000,0
1505751955,21781473,244.98,0.08274000,1
1505751951,21781467,245.26,0.49482178,0
1505751950,21781465,245.25,0.08274000,0
1505751947,21781463,244.95,0.08274000,1
1505751941,21781452,245.29,2.51722900,0
1505751932,21781437,245.28,0.31165625,1
1505751930,21781429,244.75,0.33938501,0
1505751929,21781425,244.74,0.32710000,0
1505751914,21781352,244.56,0.00261020,0
1505751913,21781347,244.56,0.51943057,0
1505751798,21781165,243.65,0.01355257,0
1505751798,21781164,243.65,0.32710000,1
1505751796,21781157,244.50,1.13019051,0
1505751796,21781156,244.50,2.47001300,0
1505751796,21781154,244.48,0.33950996,1
1505751794,21781151,244.48,1.00126000,1
1505751786,21781134,244.50,1.54998700,0
1505751786,21781133,244.49,0.32670000,0
1505751758,21781098,244.55,0.50271928,0
1505751732,21781080,244.58,0.19921975,0
1505751732,21781079,244.58,1.05742449,0
1505751721,21781070,244.59,0.08274000,0
1505751721,21781069,244.58,0.08274000,0
1505751690,21781015,243.46,0.34091842,1
1505751688,21781012,243.74,0.32203208,0
1505751688,21781011,243.74,0.01849471,1
1505751687,21781008,243.46,0.05779913,0
1505751686,21781007,244.18,0.44220087,0
1505751686,21781006,244.00,3.76623600,0
1505751686,21781005,243.74,0.50000000,0
1505751682,21781001,243.04,0.50000000,0
1505751682,21781000,243.04,12.84542642,0
1505751681,21780999,243.39,0.33866492,1
1505751681,21780998,243.39,0.33876168,1
1505751681,21780997,243.39,0.33877551,1
1505751681,21780996,243.40,0.33876168,1
1505751681,21780995,243.40,0.33876168,1
1505751680,21780994,243.40,0.33877551,1
1505751680,21780993,243.40,3.76608171,0
1505751680,21780992,243.41,0.33874785,1
1505751680,21780991,243.41,0.10611932,1
1505751680,21780990,243.41,0.23264236,1
1505751680,21780989,243.41,1.73027109,0
1505751679,21780988,243.44,0.33870638,1
1505751679,21780987,243.46,0.33862347,1
1505751678,21780986,243.49,0.33863729,1
1505751678,21780985,243.78,0.10226434,1
1505751678,21780984,243.78,0.33832792,0
1505751678,21780983,243.91,1.20582281,1
1505751678,21780982,243.91,0.52657849,1
1505751677,21780980,244.00,1.39594495,1
1505751677,21780979,244.00,1.15000000,1
1505751677,21780978,244.00,0.32670000,0
1505751676,21780977,244.01,0.20000000,1
1505751676,21780976,244.61,0.33708321,1
1505751676,21780975,244.64,0.33709690,1
1505751674,21780969,244.77,2.62659645,1
1505751673,21780967,244.77,0.39981347,1
1505751673,21780965,244.83,0.33676864,1
1505751670,21780964,245.00,0.89424489,1
1505751670,21780963,245.00,2.20074531,1
1505751669,21780962,245.00,11.04024486,1
1505751667,21780951,245.04,0.50499859,1
1505751667,21780950,245.04,3.09500141,1
1505751667,21780946,245.10,0.00001896,1
1505751666,21780938,245.10,0.13590692,1
1505751666,21780935,245.10,0.83789965,1
1505751654,21780916,245.10,3.47844257,1
1505751575,21780853,245.10,7.80287000,1
1505751574,21780851,245.10,0.33896400,1
1505751571,21780846,245.10,3.58771900,1
1505751570,21780845,245.10,7.56405500,1
1505751524,21780799,245.10,1.23192111,1
1505751523,21780796,245.10,0.33863729,1
1505751522,21780794,245.20,1.07017905,1
1505751520,21780793,245.20,6.67194800,1
1505751518,21780780,245.20,6.80999181,1
1505751516,21780767,245.20,1.76998365,1
1505751515,21780762,245.20,1.17461064,1
1505751494,21780747,245.20,0.34166311,1
1505751469,21780723,245.20,1.80056000,1
1505751469,21780722,245.21,0.89624500,1
1505751458,21780711,245.22,4.02000000,1
1505751446,21780706,245.51,1.58145695,0
1505751440,21780683,245.21,0.63000000,1
1505751440,21780682,245.21,2.41000000,1
1505751440,21780680,245.21,0.98000000,1
1505751439,21780679,245.77,1.65037500,0
1505751439,21780676,245.21,0.63000000,1
1505751438,21780675,245.21,2.32625000,1
1505751438,21780674,245.77,1.06375000,1
1505751437,21780667,245.21,0.63000000,0
1505751437,21780665,245.21,0.14000000,0
1505751437,21780663,245.21,3.16625000,0
1505751431,21780648,245.20,0.32500000,1
1505751425,21780645,245.21,0.08274000,0
1505751424,21780644,245.21,0.63101000,1
