date,tid,price,amount,type
1505779272,21805643,298.32,2.00000000,0
1505779265,21805634,298.32,0.06069569,0
1505779259,21805631,298.32,0.27640210,0
1505779253,21805627,298.32,2.74874627,0
1505779250,21805620,298.33,3.55271348,0
1505779249,21805619,298.28,0.05000000,0
1505779248,21805617,298.27,0.24438878,0
1505779248,21805616,298.27,0.03388514,0
1505779248,21805615,298.15,1.00000000,0
1505779248,21805614,298.08,0.14829398,0
1505779248,21805613,298.08,0.13015919,0
1505779242,21805596,298.00,3.07929412,0
1505779242,21805593,298.00,1.27763061,0
1505779242,21805591,298.00,0.64307527,0
1505779242,21805590,298.00,0.43345258,0
1505779185,21805484,298.00,0.38664429,0
1505779183,21805483,297.99,1.95653000,0
1505779169,21805472,297.99,0.30777000,0
1505779157,21805441,297.99,5.00000000,0
1505779152,21805424,298.00,1.17990313,0
1505779152,21805422,298.00,20.89593365,0
1505779147,21805411,298.00,0.26080000,0
1505779130,21805362,297.98,0.27671610,0
1505779125,21805360,297.99,2.00000000,0
1505779116,21805347,298.00,0.62969798,0
1505779116,21805346,297.99,0.74000000,0
1505779116,21805345,297.99,1.04286147,0
1505779114,21805344,297.98,0.93490712,0
1505779071,21805312,297.69,0.03590000,1
1505779070,21805310,297.00,0.89900148,0
1505779070,21805305,297.00,9.26430000,0
1505779069,21805298,297.01,0.72070776,1
1505779069,21805297,297.40,1.00000000,1
1505779069,21805294,297.43,0.22722224,1
1505779069,21805292,297.47,1.04286147,1
1505779069,21805290,297.56,2.28992759,1
1505779069,21805288,297.66,9.00339301,1
1505779069,21805286,297.66,0.27708711,1
1505779069,21805285,297.67,5.00000000,1
1505779068,21805284,297.82,0.27549934,1
1505779063,21805273,298.00,2.00000000,0
1505779054,21805260,298.00,3.58688221,0
1505779054,21805258,297.99,8.70085937,0
1505779054,21805256,297.99,0.27670167,0
1505779054,21805254,297.99,0.27697609,0
1505779052,21805249,298.00,7.95561980,0
1505779052,21805248,297.99,0.88000000,0
1505779052,21805247,297.98,0.27854583,0
1505779052,21805246,297.97,0.27855143,0
1505779052,21805245,297.92,0.27860633,0
1505779051,21805244,297.84,0.27867661,0
1505779051,21805243,297.83,0.05000000,0
1505779044,21805234,297.78,0.10670651,0
1505779044,21805233,297.78,0.01525201,0
1505779044,21805231,297.78,0.15631122,0
1505779044,21805230,297.68,0.17882844,0
1505779044,21805229,297.66,0.27885068,0
1505779035,21805193,297.54,0.27896275,0
1505779035,21805192,297.50,0.00000560,0
1505779035,21805189,297.50,4.44353300,0
1505779029,21805174,297.50,0.27750268,0
1505779027,21805169,297.50,0.27895872,0
1505779027,21805168,297.50,0.22742128,0
1505779001,21805139,297.50,0.05145417,0
1505779001,21805138,297.49,0.05000000,0
1505778968,21805096,297.43,0.05000000,0
1505778967,21805094,297.08,0.05000000,0
1505778961,21805082,297.05,0.00182370,0
1505778937,21805054,297.01,0.27929224,0
1505778870,21805013,296.80,3.05000543,0
1505778836,21805003,296.80,0.99999457,0
1505778830,21805001,296.80,0.95000000,0
1505778830,21805000,296.78,0.05000000,0
1505778824,21804999,296.77,0.00000543,0
1505778819,21804996,296.77,1.48918400,0
1505778749,21804970,296.52,4.27276569,1
1505778736,21804963,296.52,0.72723431,1
1505778731,21804958,296.51,3.37088874,1
1505778730,21804957,296.51,1.56378800,1
1505778729,21804955,296.51,0.06532326,1
1505778723,21804950,296.54,0.67723431,0
1505778723,21804949,296.53,0.05000000,0
1505778719,21804944,296.50,5.00000000,0
1505778719,21804943,296.48,0.10238480,0
1505778703,21804928,296.31,0.00004079,0
1505778700,21804925,296.31,0.94444500,0
1505778698,21804922,296.00,0.00000564,0
1505778697,21804919,295.99,1.00000000,1
1505778696,21804917,295.98,1.00000000,1
1505778695,21804915,295.98,41.99500000,1
1505778617,21804895,296.00,1.70349400,0
1505778612,21804889,296.00,0.69367700,0
1505778604,21804886,296.00,0.73020000,0
1505778604,21804885,295.96,0.26980000,0
1505778570,21804879,296.00,0.20219595,0
1505778493,21804865,295.68,0.17672200,1
1505778480,21804863,296.00,0.19152341,0
1505778317,21804797,295.87,0.18023000,0
1505778195,21804772,295.91,0.36769300,0
1505778125,21804694,295.88,1.00000000,0
1505778124,21804693,295.88,1.00000000,0
1505778121,21804689,295.89,0.20450128,0
1505778114,21804674,295.89,1.77001451,0
1505778114,21804673,295.89,0.09816084,0
1505778114,21804672,295.88,1.42556621,0
1505778113,21804670,295.88,1.16510222,0
1505778113,21804666,295.88,0.29581728,0
1505778110,21804662,295.89,0.40163916,0
1505778107,21804656,295.90,0.05948894,0
1505778071,21804633,296.05,1.47890400,0
1505778071,21804631,296.11,0.13074391,0
1505778071,21804629,295.99,1.03234600,0
1505778061,21804612,296.07,1.49970000,1
1505778059,21804610,295.51,9.87000000,0
1505778057,21804606,295.52,0.06411787,0
1505778057,21804604,295.53,0.49648780,1
1505778057,21804603,296.08,0.52736800,1
1505778054,21804595,295.53,0.10294800,1
1505778052,21804587,295.53,4.63705200,1
1505778050,21804583,295.59,0.10294800,1
1505778050,21804581,295.59,2.50000050,1
1505778049,21804580,295.60,0.94448579,1
1505778049,21804579,295.64,0.49999971,1
1505778049,21804578,295.64,0.50000029,1
1505778049,21804577,295.65,0.26980000,1
1505778049,21804576,295.66,0.52325871,1
1505778048,21804575,295.70,0.50000000,1
1505778017,21804536,295.69,2.36322700,1
1505778015,21804534,295.67,2.63773577,1
1505778002,21804498,296.45,1.42309845,1
1505778002,21804497,296.46,1.44882400,1
1505778002,21804496,296.45,0.94180588,0
1505778000,21804493,295.94,0.70000000,1
1505778000,21804492,296.05,0.30000000,1
1505777999,21804491,296.05,1.00000000,1
1505777995,21804484,296.04,4.60908300,1
1505777994,21804483,295.99,0.89548692,0
1505777994,21804482,295.99,1.77229333,1
1505777994,21804481,295.99,0.04631896,1
1505777994,21804480,295.99,0.89548692,1
1505777993,21804477,296.33,0.05000000,0
1505777993,21804475,296.04,6.87000000,1
1505777970,21804456,295.99,0.10238480,1
1505777970,21804455,296.00,0.89761520,1
1505777969,21804454,296.01,0.75243000,1
1505777969,21804453,296.03,0.87192245,1
1505777969,21804452,296.03,1.00000000,1
1505777968,21804450,296.03,1.00000000,1
1505777928,21804428,296.25,2.70153587,0
1505777878,21804415,296.25,2.29846413,0
1505777878,21804414,296.18,0.05000000,0
1505777876,21804413,296.17,0.64845205,0
1505777855,21804411,296.17,0.08290000,0
1505777825,21804389,296.17,2.00000000,0
1505777776,21804384,296.17,0.06554000,0
1505777706,21804356,296.17,0.07366715,0
1505777575,21804291,295.87,1.78811500,1
1505777554,21804285,296.05,3.08845290,0
1505777537,21804273,296.03,6.87000000,0
1505777531,21804270,296.04,2.12015268,0
1505777501,21804259,295.86,0.15187200,0
1505777500,21804258,295.86,0.00045300,0
1505777499,21804257,295.81,0.64674900,0
1505777412,21804233,295.85,0.75430500,1
1505777412,21804232,295.85,0.24569000,0
1505777411,21804231,295.75,0.00000500,0
1505777411,21804230,295.75,0.23999500,0
1505777321,21804202,295.75,4.76000000,0
1505777315,21804201,295.74,4.76000000,0
1505777295,21804191,295.73,1.59049159,0
1505777279,21804179,295.01,2.01788544,1
1505777269,21804174,295.54,1.00000000,0
1505776746,21804035,295.34,0.00052800,0
1505776746,21804034,295.27,0.75431000,0
1505776685,21804023,294.56,0.25696464,1
1505776685,21804022,294.57,13.45224351,1
1505776519,21803953,295.36,1.00000000,1
1505776519,21803952,295.55,0.64674900,1
1505776511,21803950,295.55,0.15232500,1
1505776491,21803939,295.55,0.24569000,1
1505776491,21803938,295.66,0.75431000,1
1505776490,21803937,295.66,1.00000000,1
1505776488,21803936,295.66,0.24569000,1
1505776488,21803935,295.67,0.75431000,1
1505776416,21803916,296.05,1.27279100,0
1505776416,21803915,296.04,1.55000000,0
1505776416,21803914,296.04,5.31400000,0
1505776389,21803908,296.04,1.55600000,0
1505776329,21803866,296.05,0.27885068,0
1505776318,21803863,296.05,0.35990542,0
1505776318,21803862,296.03,0.03933344,0
1505776318,21803861,296.03,0.24100000,0
1505776316,21803860,295.99,0.00000500,0
1505776307,21803855,295.99,0.75347500,0
1505776139,21803801,295.91,0.88215916,1
1505776138,21803799,295.84,0.04372835,0
1505776138,21803798,295.84,1.00000000,0
1505776137,21803795,295.36,0.53095662,1
1505776137,21803794,295.40,0.75348000,1
1505776136,21803793,295.83,1.00327891,1
1505776024,21803731,295.88,4.38140081,0
1505776022,21803730,295.88,0.70096877,0
1505776022,21803729,295.52,0.29724002,0
1505776022,21803728,295.52,0.70275998,0
1505776015,21803726,295.32,0.07411249,0
1505776012,21803720,295.32,1.93175874,0
1505776012,21803718,295.31,0.06824126,0
1505775957,21803678,294.63,0.06824126,1
1505775956,21803677,294.64,0.99999500,1
1505775951,21803674,295.27,2.80000000,1
1505775949,21803673,295.27,5.48000000,0
1505775946,21803671,294.95,1.00210200,1
1505775935,21803667,295.03,2.03369149,0
1505775913,21803650,294.85,0.75488812,1
1505775910,21803644,295.31,0.61142528,0
1505775910,21803643,295.30,5.50000000,0
1505775909,21803642,295.29,0.49000000,0
1505775909,21803641,295.29,1.00000000,1
1505775909,21803640,295.25,4.84000000,0
1505775907,21803637,294.83,1.00000000,0
1505775902,21803630,294.56,2.00000000,1
1505775885,21803609,294.35,1.99000000,0
1505775880,21803605,294.34,0.27080000,0
1505775871,21803595,294.36,1.42000000,0
1505775870,21803594,294.36,0.31000000,0
1505775694,21803521,294.16,0.15262500,1
1505775646,21803500,294.26,0.16716300,1
1505775646,21803499,294.50,1.37976400,1
1505775607,21803433,294.50,0.62023600,1
1505775607,21803432,294.50,0.75900000,1
1505775593,21803402,294.50,1.00000000,0
1505775593,21803401,294.49,0.24100000,0
1505775590,21803399,294.17,4.72266600,1
1505775560,21803394,294.16,0.38000000,1
1505775545,21803392,294.17,3.61513235,0
1505775545,21803391,294.17,2.84000000,1
1505775529,21803387,294.16,1.39733428,0
1505775527,21803386,294.25,3.60266572,1
1505775442,21803356,294.25,1.69920000,1
1505775441,21803355,294.28,3.13000000,1
1505775441,21803354,294.33,0.27080000,1
1505775439,21803353,294.34,9.90000000,1
1505775433,21803350,294.31,0.90093286,1
1505775389,21803335,294.25,0.09906714,1
1505775389,21803334,294.25,0.09906714,1
1505775382,21803333,294.34,0.90093286,1
1505775379,21803329,294.34,0.09906714,1
1505775376,21803313,294.54,0.02268960,1
1505775374,21803296,294.54,12.00000000,1
1505775365,21803287,294.54,0.15000000,1
1505775361,21803283,294.54,1.30604300,1
1505775357,21803282,294.54,1.04955400,1
1505775327,21803276,294.55,0.15069500,1
1505775319,21803273,294.54,0.08903200,1
1505775319,21803272,294.55,0.23000000,1
1505775304,21803265,294.54,0.46000000,1
1505775294,21803264,294.54,2.21507500,1
1505775281,21803260,294.54,0.47386000,1
1505775281,21803259,294.55,0.09614000,1
1505775244,21803246,294.55,0.19035817,1
1505775233,21803242,294.55,0.37068098,1
1505775217,21803235,294.55,1.07342933,1
1505774996,21803163,295.00,2.00000000,0
1505774996,21803162,294.96,1.00000000,0
1505774953,21803124,294.28,0.46838995,1
1505774942,21803113,294.33,1.00000000,1
1505774942,21803112,294.77,0.24100000,1
1505774935,21803107,295.27,0.75896071,0
1505774934,21803106,295.26,1.00000000,0
1505774920,21803101,295.00,1.00000000,1
1505774919,21803100,294.72,0.05000000,0
1505774919,21803099,294.71,0.65920815,0
1505774919,21803098,294.71,1.01099385,0
1505774914,21803097,294.49,0.19726000,0
1505774914,21803096,294.48,0.04377929,0
1505774911,21803093,294.48,0.19725500,0
1505774835,21803043,293.75,0.28356995,1
1505774807,21803026,293.71,0.28274370,1
1505774582,21802967,293.44,0.19726000,1
1505774582,21802966,293.45,0.23000000,1
1505774558,21802959,294.08,2.00000000,0
1505774524,21802945,294.16,0.42544873,0
1505774522,21802944,294.13,0.10022732,0
1505774522,21802943,294.13,0.15256891,0
1505774478,21802936,294.25,0.06433305,0
1505774478,21802935,294.08,0.75498000,0
1505774476,21802932,293.90,0.02947339,0
1505774460,21802927,294.09,0.10022732,1
1505774403,21802877,294.24,0.01103429,1
1505774403,21802876,294.44,1.00000000,1
1505774403,21802874,294.50,0.00007571,1
1505774402,21802872,294.50,1.86167600,1
1505774393,21802862,294.50,3.98764500,1
1505774384,21802845,294.50,4.18765000,1
1505774381,21802843,294.50,1.29430200,1
1505774381,21802842,294.56,0.75498000,1
1505774380,21802839,294.50,8.66865129,1
1505774380,21802838,294.51,1.45174171,1
1505774379,21802837,294.51,0.58551488,1
1505774379,21802835,294.52,1.00000000,1
1505774379,21802834,294.55,0.01342512,1
1505774375,21802831,294.55,0.69907588,1
1505774316,21802757,294.33,1.30183000,1
1505774313,21802751,294.59,0.28749300,0
1505774288,21802728,294.63,2.03645250,0
1505774275,21802707,294.61,0.46737700,0
1505774275,21802706,294.60,1.00000000,0
1505774264,21802685,294.09,0.00052800,1
1505774263,21802684,294.10,0.75487000,1
1505774249,21802667,294.10,1.00000000,0
1505774237,21802654,293.84,0.41157788,0
1505774235,21802650,294.02,0.34375212,1
1505774235,21802647,293.92,0.28316048,0
1505774234,21802646,293.83,0.24100000,0
1505774147,21802570,293.09,4.00000000,1
1505774147,21802569,293.18,1.00000000,1
1505774146,21802568,293.31,0.05000000,1
1505774141,21802557,293.94,1.96000000,0
1505774139,21802554,293.98,0.19117310,1
1505774116,21802533,294.22,1.96488249,0
1505774103,21802476,294.40,6.87000000,0
1505774094,21802463,294.44,0.03933344,1
1505774078,21802449,294.44,0.24100000,1
1505774075,21802442,294.43,0.75900000,1
1505774075,21802440,294.49,0.24100000,1
1505774070,21802428,294.61,0.67723431,1
1505774065,21802415,294.75,0.32016963,1
1505774065,21802412,294.78,0.75533000,1
1505774039,21802394,294.77,1.52764500,1
1505774039,21802393,294.77,0.56000000,1
1505774039,21802391,294.77,1.82000000,1
1505774039,21802390,294.77,0.08000000,1
1505774030,21802381,294.77,0.56000000,1
1505774030,21802380,294.77,1.82000000,1
1505774026,21802378,295.08,0.64000000,0
1505774026,21802377,295.07,1.82000000,0
1505774025,21802375,294.76,2.46000000,1
1505774015,21802368,295.13,2.06000000,0
1505774014,21802366,295.14,3.30792100,0
1505774014,21802365,295.13,2.06207900,0
1505774013,21802361,295.14,1.39000000,0
1505774013,21802360,295.19,3.98000000,0
1505774012,21802359,295.20,0.63573000,0
1505774012,21802358,295.19,0.75427000,0
1505774011,21802357,294.75,3.98761663,1
1505774011,21802355,295.15,1.39000000,0
1505774010,21802353,295.16,1.39000000,0
1505774009,21802352,295.16,0.75000000,0
1505774009,21802351,295.16,0.64000000,0
1505774008,21802350,294.75,0.74601600,1
1505774008,21802349,295.19,0.64000000,0
1505774007,21802346,294.75,0.63542500,1
1505773984,21802332,294.75,1.00000000,1
1505773978,21802321,294.75,0.25943396,1
1505773929,21802255,295.02,2.06207900,0
1505773929,21802254,295.55,1.00000000,1
1505773929,21802253,295.62,0.75427000,1
1505773929,21802252,295.63,0.99999500,1
1505773850,21802229,296.59,0.25943396,0
1505773841,21802226,296.58,5.00000000,1
1505773831,21802222,295.95,0.68612778,1
1505773831,21802221,296.21,1.00000000,1
1505773831,21802220,296.44,19.24626000,1
1505773831,21802219,296.45,2.02395818,1
1505773819,21802214,296.45,1.00000000,0
1505773815,21802197,296.44,0.75374000,0
1505773372,21802031,296.45,0.09299500,0
1505773372,21802030,296.00,0.23000500,0
1505773301,21802005,295.81,0.22999500,1
1505773300,21802004,296.00,2.65475700,0
1505773299,21802003,295.81,0.23000000,0
1505773282,21801989,296.00,2.11523800,0
1505773282,21801988,295.85,1.00000000,0
1505773281,21801987,295.83,0.75374000,0
1505773281,21801986,295.82,9.72927800,0
1505773269,21801973,295.35,0.05000000,0
1505773259,21801963,295.32,0.00000500,0
1505773257,21801962,295.32,0.26919500,0
1505773230,21801956,295.23,0.05000000,1
1505773230,21801955,295.23,0.05000000,1
1505773116,21801920,295.00,10.97854921,0
1505773115,21801919,295.13,1.00000000,1
1505773115,21801918,295.16,5.00000000,1
1505773066,21801899,296.29,0.75374000,1
1505773064,21801897,296.27,0.00152200,1
1505773063,21801896,296.27,1.90456700,1
1505773058,21801890,294.88,1.45891262,1
1505773058,21801889,295.12,0.05000000,1
1505773058,21801887,295.32,0.05000000,1
1505773058,21801886,295.47,0.05000000,1
1505773057,21801885,295.50,0.28000000,1
1505773027,21801873,295.51,9.73080000,1
1505773027,21801872,296.17,0.26920000,1
1505773005,21801836,296.82,0.27963571,0
1505773005,21801835,296.66,1.53860230,0
1505773003,21801832,296.66,2.71000000,1
1505773003,21801831,296.66,0.58383215,1
1505773002,21801828,296.66,3.91616785,1
1505773001,21801827,296.66,1.00000000,0
1505772998,21801808,296.29,0.23000000,1
1505772996,21801807,296.29,1.00000000,0
1505772992,21801804,295.94,2.02743799,0
1505772988,21801800,295.88,0.75478000,0
1505772938,21801776,295.80,0.10670651,1
1505772933,21801775,295.94,5.50000000,1
1505772932,21801774,295.80,0.01525201,1
1505772932,21801773,295.88,5.50000000,1
1505772932,21801772,295.94,4.84000000,1
1505772898,21801765,295.95,0.30219413,1
1505772898,21801764,295.95,1.72292762,1
1505772895,21801763,295.95,0.30219413,1
1505772865,21801760,295.95,4.48671122,1
1505772821,21801745,296.62,0.27731900,0
1505772808,21801732,295.80,0.15631122,0
1505772806,21801729,296.30,0.24438878,1
1505772780,21801690,296.44,0.15631839,1
1505772772,21801681,296.44,0.12183802,0
1505772769,21801679,296.43,0.27798607,0
1505772767,21801677,296.44,0.27816198,0
1505772765,21801675,296.30,0.03388514,0
1505772763,21801673,294.98,2.03403621,0
1505772762,21801671,296.03,2.23000000,1
1505772762,21801670,296.04,4.77049917,0
1505772762,21801669,296.04,0.27950083,0
1505772759,21801666,295.58,0.44290274,1
1505772759,21801665,296.03,0.27854583,1
1505772758,21801664,296.03,0.27855143,1
1505772754,21801659,294.86,0.72036429,0
1505772745,21801655,294.86,0.27963571,0
1505772741,21801644,294.11,0.00008358,0
1505772740,21801643,294.11,0.99991642,0
1505772718,21801614,294.10,14.06189284,1
1505772718,21801613,294.10,0.27950083,1
1505772718,21801612,294.11,10.24000000,1
1505772717,21801611,294.11,0.23000000,1
1505772715,21801606,294.89,0.69000000,0
1505772710,21801599,295.03,0.27941446,1
1505772709,21801596,295.61,0.69042658,0
1505772709,21801595,295.60,0.30000000,0
1505772707,21801587,293.98,1.90707292,0
1505772706,21801583,293.98,0.18410565,0
1505772704,21801577,295.04,1.00000000,1
1505772702,21801571,295.05,1.16590779,0
1505772702,21801570,295.05,0.10589175,0
1505772701,21801569,295.05,0.10589175,1
1505772701,21801567,295.06,0.27929224,1
1505772697,21801561,293.81,35.25578132,0
1505772696,21801557,295.47,0.23000000,1
1505772694,21801555,295.94,0.67412313,0
1505772688,21801539,295.43,0.12718554,1
1505772687,21801538,295.45,14.46398602,1
1505772687,21801537,295.57,0.17882844,1
1505772687,21801536,295.58,0.23000000,1
1505772670,21801525,295.86,0.27867661,1
1505772670,21801524,295.86,0.27896275,1
1505772669,21801523,295.87,0.03388514,0
1505772667,21801522,295.87,0.27857546,1
1505772667,21801521,295.87,0.27887545,1
1505772647,21801477,296.00,5.50000000,0
1505772646,21801476,296.00,4.84000000,0
1505772645,21801473,296.00,5.50000000,0
1505772644,21801470,296.28,0.27860633,1
1505772644,21801469,296.41,1.00000000,1
1505772644,21801468,296.50,20.00000000,1
1505772636,21801458,296.55,1.00000000,1
1505772633,21801453,296.55,0.04779600,1
1505772630,21801452,296.73,0.33616419,0
1505772629,21801449,296.55,3.97909000,1
1505772628,21801446,296.65,1.00000000,0
1505772625,21801441,296.56,5.50000000,1
1505772625,21801440,296.69,1.00000000,1
1505772623,21801439,296.73,0.11520000,0
1505772622,21801437,296.79,2.23300000,1
1505772612,21801430,297.41,1.02038514,0
1505772601,21801412,296.82,8.13234905,1
1505772597,21801407,296.82,1.00000000,1
1505772595,21801403,296.81,0.38737238,1
1505772591,21801394,296.79,2.60700000,1
1505772590,21801392,296.95,0.27795546,1
1505772590,21801391,297.00,0.10000000,1
1505772590,21801389,297.04,0.22758205,1
1505772585,21801384,297.06,1.00000000,1
1505772584,21801383,297.06,0.00068808,1
1505772584,21801382,297.25,1.02205547,1
1505772581,21801377,297.26,0.36506844,1
1505772580,21801376,297.26,1.02099800,1
1505772551,21801356,297.25,2.48143613,1
1505772550,21801355,297.25,9.28340000,1
1505772549,21801354,297.25,5.92842000,1
1505772549,21801353,297.26,0.75478000,1
1505772549,21801352,297.26,0.17980000,1
1505772524,21801333,297.13,0.20941054,1
1505772524,21801332,297.19,0.64059458,1
1505772500,21801318,297.28,0.92571245,0
1505772499,21801317,297.28,2.87055920,1
1505772499,21801316,297.29,1.04372835,1
1505772495,21801302,297.68,0.61132000,1
1505772487,21801276,297.62,1.24000000,0
1505772484,21801271,297.69,0.14948436,1
1505772482,21801263,297.64,2.86700579,0
1505772468,21801239,297.18,0.64060000,1
1505772467,21801233,297.19,0.17970000,0
1505772466,21801231,297.19,0.17970000,1
1505772466,21801228,297.20,1.19000000,0
1505772466,21801226,297.20,0.05505742,0
1505772465,21801225,297.20,1.15325850,0
1505772463,21801223,297.20,2.86700579,0
1505772463,21801222,297.20,0.17970000,0
1505772463,21801221,297.21,1.24497829,1
1505772462,21801219,297.19,3.47030000,1
1505772461,21801218,297.20,0.17970000,1
1505772453,21801207,297.68,0.03590000,0
1505772453,21801204,297.68,59.85650000,0
1505772453,21801203,297.67,0.14350000,0
1505772446,21801185,297.69,0.31000000,0
1505772446,21801184,297.69,1.00000000,0
1505772446,21801181,297.43,1.00000000,0
1505772444,21801173,297.72,0.03590000,1
1505772444,21801172,297.78,0.03590000,1
1505772443,21801171,297.98,0.27702598,0
1505772443,21801169,297.99,0.03590000,1
1505772441,21801167,298.00,4.59106636,0
1505772441,21801166,297.99,1.26000000,0
1505772441,21801165,297.99,5.50000000,0
1505772441,21801164,297.93,0.27859102,0
1505772441,21801163,297.89,0.27862847,0
1505772441,21801162,297.80,0.25000000,0
1505772441,21801161,297.70,17.84556151,0
1505772441,21801160,297.68,0.05000000,0
1505772440,21801159,297.68,0.05000000,0
1505772440,21801157,297.63,1.04254675,0
1505772440,21801156,297.62,1.00000000,0
1505772440,21801155,297.61,0.30819750,0
1505772428,21801119,297.42,2.55659100,0
1505772422,21801095,297.43,0.23413000,0
1505772422,21801091,297.43,0.03590000,1
1505772421,21801088,297.56,2.16000000,0
1505772421,21801087,297.56,2.84000000,0
1505772420,21801085,297.56,2.00000000,1
1505772416,21801081,297.57,1.00000000,1
1505772415,21801080,297.57,0.96410000,1
1505772415,21801079,297.58,0.03590000,1
1505772390,21801063,297.56,1.93000000,1
1505772382,21801052,297.62,0.27731308,0
1505772382,21801050,297.12,2.60782330,1
1505772382,21801049,297.13,1.80809270,1
1505772378,21801040,297.64,0.23156687,0
1505772378,21801038,297.56,0.00172313,0
1505772376,21801034,297.13,0.21120000,1
1505772376,21801032,297.27,0.17737423,1
1505772375,21801031,297.32,1.04254675,1
1505772375,21801029,297.33,1.45216300,1
1505772366,21800987,297.50,15.73554604,1
1505772364,21800977,297.50,0.21120000,1
1505772364,21800976,297.51,0.03580000,1
1505772362,21800971,297.47,0.03602417,0
1505772362,21800969,297.47,0.24300000,0
1505772361,21800965,297.45,0.05000000,0
1505772348,21800921,297.30,0.70277900,1
1505772347,21800918,297.32,0.03590000,1
1505772347,21800917,297.32,2.86478316,1
1505772337,21800846,297.27,0.05000000,0
1505772337,21800845,297.27,0.05000000,0
1505772336,21800834,297.21,0.00000534,0
1505772325,21800787,297.21,0.27926100,0
1505772322,21800762,297.04,0.05000000,0
1505772319,21800726,297.03,0.27943417,0
1505772318,21800725,297.00,0.30000000,0
1505772318,21800724,297.00,0.50000000,0
1505772318,21800723,296.95,0.05000000,0
1505772315,21800719,296.88,0.27618624,1
1505772315,21800718,296.93,0.27958219,1
1505772315,21800716,296.93,1.00000000,0
1505772314,21800714,296.92,0.27954381,0
1505772311,21800702,296.86,1.27848810,0
1505772310,21800701,296.86,0.22151190,0
1505772310,21800700,296.77,0.01127810,0
1505772309,21800698,296.77,0.03872190,0
1505772309,21800696,296.77,0.05000000,0
1505772309,21800695,296.69,0.00214261,0
1505772308,21800694,296.69,0.27761397,0
1505772308,21800691,296.67,0.27977428,0
1505772308,21800690,296.61,0.27981645,0
1505772307,21800689,296.60,0.05000000,0
1505772307,21800688,296.60,0.05000000,0
1505772307,21800687,296.55,0.33000000,0
1505772306,21800686,296.54,0.05000000,0
1505772306,21800685,296.54,0.27989791,0
1505772306,21800684,296.51,0.27991832,0
1505772304,21800674,296.50,0.05000000,0
1505772296,21800658,296.32,0.03584239,0
1505772294,21800649,296.32,1.00000000,0
1505772294,21800645,296.32,1.00000000,0
1505772292,21800639,296.32,0.27813959,0
1505772290,21800633,296.46,0.27997394,0
1505772290,21800632,296.44,0.04564530,0
1505772290,21800631,296.40,1.79000000,0
1505772290,21800630,296.33,17.37000000,0
1505772289,21800627,296.32,4.00272700,0
1505772289,21800625,296.32,0.16566000,0
1505772266,21800506,296.32,1.00000000,1
1505772265,21800501,296.32,1.00000000,1
1505772261,21800491,296.33,2.63000000,0
1505772261,21800490,296.32,1.12000000,0
1505772261,21800487,296.32,1.00000000,1
1505772257,21800478,296.32,0.27859102,0
1505772255,21800469,296.32,1.42000000,0
1505772255,21800468,296.32,2.52000000,0
1505772255,21800467,296.32,0.05000000,0
1505772255,21800465,296.32,0.05000000,0
1505772252,21800460,296.28,0.28014222,0
1505772252,21800458,296.28,0.28014148,0
1505772249,21800453,296.19,0.28023437,0
1505772246,21800446,296.12,0.28029103,0
1505772243,21800441,296.10,0.05000000,0
1505772243,21800440,296.10,0.05000000,0
1505772243,21800439,296.10,0.05000000,0
1505772242,21800436,296.09,0.85170602,1
1505772242,21800435,296.09,0.14829398,1
1505772238,21800425,296.09,0.13015919,0
1505772235,21800419,296.09,0.32984081,0
1505772235,21800418,296.09,0.05000000,0
1505772235,21800417,296.08,0.05410790,0
1505772227,21800388,296.00,0.26169138,0
1505772227,21800386,295.96,0.23045117,0
1505772227,21800384,295.96,0.05000000,0
1505772224,21800373,295.92,0.05000000,0
1505772224,21800372,295.92,0.05000000,0
1505772223,21800371,295.86,0.18054687,0
1505772223,21800369,295.86,0.05000000,0
1505772222,21800368,295.86,0.05000000,0
1505772222,21800367,295.86,0.00152270,0
1505772221,21800366,295.85,0.18000000,1
1505772218,21800364,295.85,0.00935647,0
1505772217,21800362,295.85,0.27120000,0
1505772217,21800361,295.79,0.27899203,0
1505772217,21800360,295.79,0.00162027,0
1505772217,21800359,295.75,0.05000000,0
1505772217,21800358,295.69,0.05000000,0
1505772217,21800357,295.68,0.15228437,1
1505772216,21800356,295.65,0.05000000,0
1505772216,21800355,295.65,0.05000000,0
1505772216,21800354,295.61,0.28078156,0
1505772213,21800349,295.57,0.05000000,0
1505772213,21800348,295.57,0.05000000,0
1505772212,21800347,295.56,0.11000000,1
1505772210,21800343,295.54,0.23084281,0
1505772210,21800342,295.54,0.05000000,0
1505772205,21800337,295.45,0.05000000,0
1505772194,21800324,295.37,0.73857458,1
1505772194,21800323,295.37,0.26142542,1
1505772194,21800322,295.37,1.00000000,1
1505772190,21800319,295.38,3.59686807,1
1505772189,21800318,295.38,3.12197300,1
1505772187,21800313,295.37,0.57857458,0
1505772184,21800311,295.24,5.50000000,0
1505772180,21800307,295.14,0.76019000,1
1505772178,21800306,295.15,5.50000000,0
1505772177,21800305,295.14,2.89331590,0
1505772172,21800304,295.14,2.52000000,0
1505772172,21800303,295.12,0.48000000,0
1505772170,21800302,294.88,0.58121152,1
1505772170,21800301,294.90,5.00000000,1
1505772170,21800300,294.98,0.43116648,1
1505772170,21800299,294.99,0.76019000,1
1505772154,21800294,294.99,2.46214942,1
1505772154,21800293,295.00,0.68120000,1
1505772154,21800292,295.07,0.57857458,1
1505772152,21800291,295.38,0.46864949,0
1505772152,21800290,295.37,2.03135051,0
1505772143,21800278,295.27,0.17958171,1
1505772136,21800261,295.38,0.26314527,1
1505772135,21800258,295.38,5.23685473,1
1505772135,21800256,295.38,3.42314527,1
1505772131,21800253,295.38,2.02685473,0
1505772130,21800252,295.35,4.75849400,1
1505772130,21800251,295.38,0.90314527,0
1505772130,21800250,295.38,2.88685473,0
1505772127,21800249,295.34,0.05000000,0
1505772123,21800244,295.27,0.05000000,0
1505772123,21800243,295.27,0.05000000,0
1505772117,21800239,295.25,0.05000000,0
1505772117,21800238,295.25,0.05000000,0
1505772117,21800237,295.25,0.00185776,0
1505772109,21800234,295.20,1.00000000,0
1505772105,21800232,295.00,1.85486497,0
1505772105,21800231,295.00,7.24904345,0
1505772100,21800227,294.99,0.27080000,0
1505772091,21800209,294.63,1.00000000,1
1505772087,21800208,295.00,0.33000000,0
1505772085,21800207,295.00,5.50000000,0
1505772084,21800206,295.00,1.97000000,0
1505772080,21800204,295.00,0.27977040,0
1505772069,21800197,295.00,0.05540500,0
1505772069,21800195,295.00,9.61578115,0
1505772069,21800194,294.99,7.03827621,0
1505772069,21800193,294.98,5.74194264,0
1505772065,21800184,294.99,0.71871534,0
1505772065,21800183,294.99,1.00000000,0
1505772063,21800182,294.99,0.27943417,0
1505772063,21800181,294.99,0.27977428,0
1505772058,21800179,295.21,0.28116445,0
1505772058,21800178,295.20,0.05000000,0
1505772058,21800177,295.19,0.28114809,0
1505772057,21800176,295.19,0.28097451,0
1505772057,21800175,295.19,0.28117826,0
1505772056,21800174,295.08,0.28128466,0
1505772051,21800169,294.99,2.67412000,0
1505772050,21800168,295.04,0.05000000,0
1505772050,21800167,295.02,0.05000000,0
1505772047,21800163,295.02,0.05000000,0
1505772047,21800162,295.00,0.05000000,0
1505772047,21800161,294.97,0.29577600,0
1505772046,21800160,294.96,0.13777839,0
1505772037,21800154,294.96,0.03795116,0
1505772036,21800153,294.85,0.02965067,0
1505772003,21800141,294.85,0.02034933,0
1505771935,21800108,294.56,3.16000000,1
1505771849,21800093,294.96,0.57876600,0
1505771848,21800092,294.90,0.05000000,0
1505771838,21800089,294.85,1.29055100,0
1505771835,21800088,294.85,0.12677632,1
1505771834,21800087,294.82,0.05000000,0
1505771829,21800086,294.82,0.05000000,0
1505771828,21800085,294.79,0.05000000,0
1505771817,21800081,294.34,0.24550445,1
1505771817,21800080,294.60,0.75449555,1
1505771781,21800074,294.78,2.21681627,1
1505771766,21800068,294.78,0.37957800,1
1505771764,21800066,294.78,0.53342900,1
1505771762,21800063,294.78,2.69244000,1
1505771760,21800060,294.78,2.50702000,1
1505771742,21800057,294.78,1.50500000,1
1505771738,21800054,294.78,1.00000000,1
1505771738,21800052,294.78,1.00000000,1
1505771735,21800050,294.78,0.19994573,1
1505771733,21800045,294.78,1.79083900,1
1505771732,21800044,294.78,0.37688100,1
1505771730,21800041,294.78,0.18805100,1
1505771727,21800039,294.60,0.29577600,1
1505771727,21800038,294.68,0.27080000,1
1505771714,21800035,294.67,0.05000000,0
1505771714,21800034,294.67,0.05000000,0
1505771708,21800032,294.59,1.43186500,1
1505771692,21800022,294.59,0.05000000,0
1505771688,21800020,294.44,10.00000000,1
1505771683,21800018,294.44,0.05000000,0
1505771681,21800017,294.27,0.90000000,0
1505771634,21799969,294.27,5.50000000,0
1505771634,21799968,294.27,4.84000000,0
1505771618,21799964,294.27,1.00000000,0
1505771617,21799963,294.27,1.00000000,0
1505771610,21799960,294.27,1.76000000,0
1505771606,21799958,294.26,1.00000000,1
1505771605,21799957,294.26,1.00000000,1
1505771605,21799956,294.26,0.17130000,0
1505771599,21799955,294.26,0.05000000,1
1505771599,21799954,294.26,0.05000000,1
1505771590,21799949,294.27,5.38283896,1
1505771590,21799948,294.28,0.27130000,1
1505771507,21799906,294.31,0.46220389,1
1505771500,21799905,294.44,0.22135361,0
1505771500,21799904,294.44,0.26864639,0
1505771499,21799903,294.44,0.67000000,0
1505771494,21799898,294.72,3.29227742,1
1505771492,21799897,294.72,0.05000000,0
1505771492,21799896,294.71,0.66879306,0
1505771488,21799893,294.67,0.27150000,0
1505771485,21799891,294.60,0.05000000,0
1505771479,21799890,294.43,0.05000000,0
1505771474,21799889,294.42,0.76128000,0
1505771466,21799882,294.35,0.05000000,0
1505771433,21799874,294.16,0.27679900,1
1505771423,21799858,294.15,0.36364400,1
1505771422,21799853,294.15,0.40655200,1
1505771418,21799847,294.15,1.00219600,1
1505771409,21799840,294.15,0.02933027,0
1505771404,21799839,294.15,0.02066973,0
1505771361,21799803,294.02,0.05000000,1
1505771303,21799785,294.00,9.11847300,1
1505771302,21799784,294.01,3.14000000,0
1505771301,21799783,294.01,0.27150000,1
1505771301,21799782,294.01,2.03702700,1
1505771299,21799781,294.62,0.77135555,0
1505771299,21799780,294.60,2.27986772,0
1505771299,21799779,294.59,1.05024476,0
1505771299,21799778,294.53,0.27150000,0
1505771294,21799773,294.02,1.69697524,0
1505771292,21799772,294.02,0.27150000,0
1505771292,21799771,294.02,0.76128000,0
1505771291,21799770,294.02,0.05000000,1
1505771291,21799769,294.04,1.00000000,1
1505771291,21799768,294.16,1.22024476,1
1505771289,21799767,294.16,1.94975524,1
1505771289,21799766,294.16,1.05024476,1
1505771287,21799764,294.60,0.27989791,0
1505771287,21799763,294.60,0.28023437,0
1505771285,21799761,294.60,1.00000000,0
1505771284,21799760,294.60,1.00000000,0
1505771279,21799759,295.00,30.09734898,1
1505771279,21799757,295.00,25.00000000,0
1505771278,21799756,295.00,0.23000000,0
1505771278,21799755,294.99,10.84000000,0
1505771278,21799754,294.94,0.18142048,0
1505771278,21799753,294.94,0.10000000,0
1505771278,21799752,294.93,0.28142702,0
1505771278,21799751,294.92,0.28143302,0
1505771278,21799750,294.92,0.00000005,0
1505771277,21799749,294.92,0.00187458,0
1505771277,21799748,294.90,0.05000000,0
1505771277,21799747,294.90,4.13373934,0
1505771277,21799746,294.84,0.28151716,0
1505771277,21799745,294.77,0.00430658,0
1505771277,21799744,294.77,0.23374464,0
1505771277,21799743,294.72,0.05000000,0
1505771277,21799742,294.68,5.50000000,0
1505771277,21799741,294.60,0.05000000,0
1505771277,21799740,294.58,0.10000000,0
1505771276,21799739,294.52,1.00000000,0
1505771276,21799737,294.48,0.05006803,0
1505771276,21799736,294.48,0.99905096,0
1505771276,21799735,294.35,0.05000000,0
1505771276,21799733,294.34,0.76085000,0
1505771276,21799732,294.15,0.05000000,0
1505771194,21799700,294.00,2.67621349,1
1505771194,21799699,294.00,10.79000000,1
1505771194,21799698,294.01,0.76085000,1
1505771174,21799693,294.00,0.05000000,0
1505771148,21799686,293.98,0.76092000,0
1505771147,21799685,293.98,2.04095517,0
1505771147,21799684,293.97,10.84000000,0
1505771117,21799676,294.00,2.97616386,1
1505771115,21799674,294.00,0.43200000,1
1505771110,21799672,294.00,0.17294600,1
1505771107,21799670,294.00,1.00000000,1
1505771107,21799667,294.00,4.23908000,1
1505771107,21799666,294.01,0.76092000,1
1505771075,21799624,294.00,15.00000000,0
1505771074,21799623,293.98,4.28256524,0
1505771036,21799602,294.00,0.43200000,1
1505771034,21799597,293.96,3.74000000,0
1505771034,21799594,293.95,1.33200000,1
1505771021,21799580,294.30,4.12000000,0
1505771020,21799579,293.96,0.68572704,1
1505771020,21799578,293.96,4.13000000,1
1505771018,21799573,294.30,0.85053646,1
1505770998,21799560,293.96,1.05173237,1
1505770998,21799559,293.98,0.99905096,1
1505770998,21799558,294.00,0.05006803,1
1505770995,21799557,294.03,2.24095222,1
1505770993,21799555,294.52,0.28014222,0
1505770991,21799551,293.99,1.74305079,1
1505770989,21799550,294.52,0.27997394,0
1505770988,21799546,294.50,3.30984719,0
1505770988,21799543,294.40,0.18576552,0
1505770988,21799542,294.40,0.05000000,1
1505770987,21799541,294.31,0.05000000,0
1505770987,21799540,294.26,0.05000000,0
1505770986,21799539,294.11,0.05000000,0
1505770986,21799538,294.01,0.05000000,0
1505770982,21799533,293.98,0.05000000,1
1505770919,21799482,293.96,1.00000000,1
1505770918,21799480,293.96,1.00000000,1
1505770916,21799473,293.96,1.08640700,1
1505770847,21799424,293.96,0.58043919,0
1505770847,21799423,293.90,0.27160000,0
1505770838,21799411,293.82,0.14796081,0
1505770838,21799410,293.82,0.90000000,0
1505770838,21799409,293.81,0.05000000,0
1505770838,21799408,293.66,0.05000000,0
1505770821,21799392,293.64,0.00000512,0
1505770778,21799337,293.64,0.20655000,0
1505770741,21799302,293.64,0.02344488,0
1505770740,21799300,293.72,0.12302032,0
1505770740,21799298,293.65,0.05670867,0
1505770732,21799283,293.66,0.17329133,1
1505770731,21799282,293.69,0.41743476,1
1505770731,21799281,293.66,0.58256524,0
1505770730,21799278,293.66,0.17921476,0
1505770691,21799261,293.25,0.05000000,1
1505770688,21799259,293.26,0.28114809,1
1505770688,21799258,293.28,1.33097451,1
1505770685,21799257,293.28,1.00000000,0
1505770685,21799256,293.28,0.71902549,0
1505770684,21799255,293.32,0.28097451,1
1505770683,21799254,293.34,0.76178000,0
1505770679,21799253,293.34,0.27160000,1
1505770677,21799252,293.35,4.70000000,1
1505770664,21799247,293.56,1.00000000,0
1505770662,21799246,293.56,0.13294525,1
1505770660,21799243,293.56,0.04894673,0
1505770660,21799240,293.56,0.18105327,0
1505770634,21799179,293.31,0.85153000,0
1505770633,21799177,293.31,5.50000000,1
1505770633,21799176,293.40,4.84000000,1
1505770631,21799175,293.53,1.04796081,0
1505770630,21799173,293.56,1.00000000,1
1505770629,21799172,294.40,0.09504076,0
1505770629,21799169,294.37,0.05000000,0
1505770628,21799164,294.33,0.46000000,0
1505770628,21799163,294.33,1.00000000,1
1505770628,21799162,294.26,0.05000000,0
1505770628,21799161,294.26,0.28206543,0
1505770627,21799160,293.98,0.28291230,0
1505770627,21799159,293.98,0.76016000,1
1505770627,21799158,293.98,0.79580500,1
1505770627,21799157,293.97,0.19770895,0
1505770626,21799156,293.97,0.51841590,0
1505770626,21799152,293.95,0.04899322,0
1505770626,21799151,293.95,4.84000000,1
1505770624,21799145,293.93,0.23000000,1
1505770616,21799112,293.31,5.50000000,1
1505770614,21799109,293.30,22.56496395,0
1505770613,21799107,293.31,5.50000000,1
1505770613,21799106,293.40,10.42000000,1
1505770613,21799104,293.40,4.84000000,1
1505770613,21799102,293.42,0.99682356,1
1505770613,21799100,293.50,1.00000000,1
1505770613,21799099,293.51,0.04899322,1
1505770613,21799098,293.61,0.01584061,1
1505770609,21799090,293.97,0.04891614,0
1505770609,21799089,293.97,0.23000000,0
1505770603,21799077,293.61,0.10007105,1
1505770603,21799076,293.62,0.76016000,1
1505770602,21799075,293.62,0.19770895,1
1505770599,21799063,293.62,0.56733204,1
1505770594,21799049,293.62,0.28291215,1
1505770592,21799040,293.61,0.29269134,1
1505770591,21799039,293.61,0.24148600,1
1505770590,21799035,293.61,0.34991100,1
1505770555,21798967,293.61,0.15757780,1
1505770546,21798958,293.53,0.28228802,1
1505770544,21798956,293.85,0.27899203,1
1505770544,21798955,293.92,0.18054687,1
1505770544,21798954,294.01,0.23045117,1
1505770537,21798948,294.01,0.05000000,0
1505770534,21798938,293.92,0.05000000,1
1505770534,21798937,293.92,0.05000000,1
1505770532,21798931,294.23,3.66601671,0
1505770532,21798930,294.18,0.23214034,0
1505770532,21798929,294.18,0.05000000,0
1505770532,21798927,294.02,0.05000000,0
1505770531,21798924,293.92,0.00184295,0
1505770522,21798905,293.30,0.44538494,1
1505770522,21798904,293.67,0.23000000,1
1505770516,21798889,293.82,0.77000000,1
1505770516,21798888,293.83,2.35520141,1
1505770514,21798887,293.83,0.05525859,0
1505770514,21798886,293.82,0.75954000,0
1505770509,21798875,293.66,0.05000000,0
1505770509,21798874,293.36,1.00000000,0
1505770506,21798870,293.18,0.46000000,0
1505770505,21798866,293.19,1.09000000,0
1505770504,21798865,293.19,0.75954000,0
1505770502,21798861,293.19,1.24000000,0
1505770501,21798860,293.19,1.08000000,0
1505770501,21798859,293.19,4.84000000,0
1505770496,21798842,293.19,4.41000000,0
1505770496,21798841,293.19,4.84000000,0
1505770495,21798833,293.20,0.75954000,0
1505770492,21798830,293.27,0.28116445,0
1505770492,21798828,293.27,1.28000000,0
1505770492,21798827,293.27,2.51165000,0
1505770490,21798821,293.31,0.28143302,1
1505770490,21798820,293.40,0.00000035,1
1505770489,21798817,293.40,17.20322700,1
1505770481,21798797,293.31,0.28293413,0
1505770481,21798795,293.31,0.05000000,0
1505770481,21798794,293.26,0.00185587,0
1505770474,21798782,293.02,0.28326322,0
1505770469,21798779,292.96,0.05000000,0
1505770463,21798772,292.68,3.16678000,0
1505770463,21798771,292.68,6.83322000,0
1505770458,21798764,292.61,0.05000000,0
1505770454,21798761,292.50,45.74086916,0
1505770452,21798756,292.50,2.59685200,0
1505770449,21798750,292.50,1.39079800,0
1505770445,21798739,292.50,1.17303836,0
1505770443,21798729,292.50,14.43170202,0
1505770443,21798728,292.50,0.10057700,0
1505770443,21798725,292.49,0.45843300,0
1505770442,21798721,292.49,0.28156700,0
1505770438,21798704,292.50,68.73132600,0
1505770436,21798697,292.50,3.56760800,0
1505770434,21798691,292.50,51.66690200,0
1505770430,21798686,292.50,2.18364000,0
1505770427,21798663,292.50,0.38343600,0
1505770426,21798661,292.49,0.88000000,0
1505770425,21798656,292.50,3.98977777,0
1505770424,21798653,292.50,6.89202700,0
1505770423,21798649,292.50,2.43025400,0
1505770421,21798645,292.50,1.55739600,0
1505770415,21798625,292.50,12.86675700,0
1505770415,21798623,292.49,1.05000000,0
1505770409,21798615,292.50,21.75400000,0
1505770409,21798614,292.49,1.24000000,0
1505770395,21798601,292.50,2.48664100,0
1505770391,21798598,292.50,3.94984200,0
1505770391,21798597,292.49,1.48000000,0
1505770358,21798577,292.33,2.96785773,0
1505770351,21798569,292.33,20.00000000,0
1505770332,21798557,292.33,5.91447000,0
1505770306,21798547,292.33,4.84000000,0
1505770294,21798541,292.33,4.84000000,0
1505770291,21798533,292.49,1.66000000,1
1505770286,21798530,292.50,0.71000000,0
1505770284,21798529,292.50,1.02307692,0
1505770281,21798528,292.49,1.75000000,1
1505770274,21798522,292.50,3.41000000,0
1505770274,21798520,292.50,4.13000000,0
1505770273,21798519,292.50,2.09000000,0
1505770272,21798518,292.50,4.80000000,0
1505770269,21798517,292.49,2.09000000,0
1505770268,21798513,292.26,0.69885966,0
1505770267,21798512,292.26,0.23214034,0
1505770267,21798511,292.26,0.05000000,0
1505770265,21798510,292.20,1.00000000,0
1505770260,21798504,292.17,0.22879770,0
1505770260,21798503,292.16,0.05000000,0
1505770260,21798502,292.15,2.55282883,0
1505770260,21798501,292.11,0.10000000,0
1505770260,21798500,292.00,1.05371589,0
1505770260,21798499,291.92,0.00154358,0
1505770259,21798498,291.80,0.92071300,0
1505770259,21798496,291.80,7.41592100,0
1505770259,21798495,291.80,0.57828200,0
1505770256,21798494,291.80,0.42598300,0
1505770256,21798493,291.80,4.52052200,0
1505770253,21798488,291.80,0.13857900,0
1505770246,21798485,291.79,0.67000000,1
1505770156,21798448,291.81,1.00000000,0
1505770155,21798447,291.80,1.95872798,0
1505770155,21798446,291.64,13.72286697,0
1505770155,21798444,291.63,0.23000000,0
1505770127,21798435,291.63,5.40000000,1
1505770127,21798434,291.63,3.57000000,1
1505770125,21798433,291.63,33.00000000,1
1505770115,21798432,291.64,1.21000000,0
1505770114,21798430,291.64,3.01000000,0
1505770112,21798429,291.63,0.23000000,0
1505769979,21798359,291.69,1.00000000,0
1505769979,21798357,291.67,1.00000000,0
1505769977,21798354,291.68,0.28303413,0
1505769971,21798348,291.71,1.05371589,0
1505769969,21798345,291.59,0.97516892,1
1505769967,21798341,291.71,1.00000000,1
1505769966,21798340,291.71,0.76753692,1
1505769966,21798339,291.91,0.23246308,1
1505769964,21798336,291.91,0.05000000,0
1505769963,21798332,291.71,0.10000000,0
1505769963,21798331,291.71,0.05000000,0
1505769959,21798328,291.57,2.31247700,1
1505769959,21798326,291.57,3.98764500,1
1505769959,21798324,291.57,17.28704504,1
1505769957,21798321,291.57,2.75402500,1
1505769954,21798318,291.57,0.26087046,1
1505769951,21798317,291.57,2.17415600,1
1505769950,21798316,291.57,1.94840800,1
1505769911,21798276,291.57,8.23050411,0
1505769911,21798275,291.56,3.09314402,0
1505769910,21798274,291.57,1.76949589,1
1505769898,21798262,291.56,0.05000000,0
1505769893,21798261,291.36,0.10000000,0
1505769889,21798260,291.31,0.05000000,0
1505769797,21798182,291.17,0.47000000,0
1505769733,21798168,291.06,0.18329506,1
1505769732,21798167,291.06,0.10000000,0
1505769732,21798164,291.00,78.84866852,1
1505769730,21798163,290.96,0.05000000,0
1505769730,21798162,290.81,0.10000000,0
1505769730,21798161,290.75,8.19000000,0
1505769730,21798160,290.63,0.00000550,0
1505769727,21798148,290.63,1.08810300,0
1505769690,21798135,290.63,2.75403050,0
1505769688,21798134,290.63,1.65786100,0
1505769679,21798125,290.65,0.70353592,0
1505769676,21798120,290.65,0.22905300,0
1505769674,21798118,290.65,0.37427765,0
1505769673,21798115,290.67,1.10000000,1
1505769673,21798114,290.67,1.20292500,1
1505769673,21798113,290.72,1.89020843,1
1505769672,21798111,290.72,1.05735934,0
1505769672,21798110,290.67,1.20293023,0
1505769669,21798102,290.39,0.29052309,0
1505769655,21798093,290.39,0.20947691,0
1505769639,21798076,290.40,5.00000000,1
1505769636,21798070,290.67,0.50067086,0
1505769630,21798057,290.67,2.78637200,0
1505769627,21798048,290.67,1.01002691,0
1505769626,21798047,290.65,0.82530109,0
1505769626,21798044,290.65,0.34176800,0
1505769625,21798042,290.65,0.16825891,0
1505769625,21798041,290.65,3.24902809,0
1505769624,21798040,290.65,0.50118699,0
1505769621,21798037,290.65,1.33532800,0
1505769619,21798033,290.65,0.20999587,0
1505769618,21798025,290.71,0.20446105,1
1505769618,21798019,290.67,0.00554204,0
1505769617,21798015,290.67,0.03629000,0
1505769612,21798008,290.67,0.30748754,0
1505769612,21798007,290.47,0.04183204,0
1505769609,21797997,290.47,0.20997552,0
1505769608,21797994,290.47,0.03620544,0
1505769607,21797989,290.47,0.21198700,0
1505769607,21797986,290.47,5.00000000,1
1505769606,21797982,290.67,0.05495900,0
1505769602,21797976,290.67,0.21244022,0
1505769602,21797974,290.67,0.20116516,0
1505769593,21797958,290.66,1.74801400,0
1505769591,21797953,290.53,5.00000000,1
1505769591,21797952,290.67,0.12722900,0
1505769574,21797933,290.67,4.55488704,1
1505769573,21797932,290.67,6.23215800,1
1505769573,21797930,290.67,5.50000000,0
1505769573,21797929,290.66,1.00000000,0
1505769572,21797927,290.64,6.23215800,0
1505769564,21797920,290.66,0.05000000,0
1505769564,21797919,290.61,0.10000000,0
1505769563,21797916,290.51,0.76628000,0
1505769561,21797914,290.53,5.50000000,0
1505769556,21797903,290.52,2.39067000,0
1505769550,21797889,290.46,0.10000000,0
1505769550,21797887,290.44,0.27520000,0
1505769550,21797885,290.41,0.05000000,0
1505769549,21797883,290.32,1.00000000,0
1505769546,21797866,290.14,0.24500000,0
1505769544,21797852,289.79,0.49999999,0
1505769544,21797848,289.79,5.00000000,1
1505769544,21797846,290.00,0.00000001,1
1505769543,21797845,290.00,1.76757899,0
1505769533,21797820,290.00,17.21900000,0
1505769527,21797811,290.00,0.07663900,0
1505769526,21797810,290.00,1.37480695,0
1505769526,21797808,289.92,0.00035705,0
1505769523,21797806,289.92,0.60000000,0
1505769521,21797803,289.92,4.26512133,0
1505769517,21797798,289.92,0.18960055,0
1505769514,21797795,289.92,0.19992107,0
1505769512,21797793,289.92,0.24500000,1
1505769512,21797792,290.00,0.76628000,0
1505769510,21797790,290.16,0.23000000,1
1505769510,21797789,290.17,1.00000000,1
1505769496,21797773,290.36,0.99999500,0
1505769495,21797771,290.38,0.23428000,0
1505769495,21797770,290.37,0.76572000,0
1505769485,21797757,289.77,0.00000500,0
1505769484,21797756,289.77,0.49999500,0
1505769479,21797752,289.77,5.00000000,1
1505769427,21797735,289.78,2.23000000,0
1505769427,21797734,289.78,4.97509333,0
1505769423,21797729,289.78,0.24970667,0
1505769419,21797722,289.77,1.00000000,1
1505769418,21797720,289.77,1.00000000,1
1505769416,21797719,289.78,0.27520000,1
1505769403,21797716,290.01,0.24500000,0
1505769403,21797715,289.79,1.73500000,0
1505769394,21797712,289.79,0.24500000,1
1505769394,21797711,289.80,0.23000000,1
1505769389,21797710,290.08,1.63291200,1
1505769385,21797709,290.22,0.76572000,1
1505769385,21797708,290.23,0.23000000,1
1505769376,21797704,290.38,0.92653187,0
1505769376,21797703,290.40,1.00000000,0
1505769364,21797693,290.33,0.07346813,0
1505769360,21797692,290.33,0.92653187,0
1505769358,21797691,290.21,0.05000000,0
1505769346,21797685,290.20,10.92000000,0
1505769346,21797684,290.20,37.71000000,1
1505769345,21797682,290.20,1.90000000,1
1505769345,21797681,290.20,5.50000000,1
1505769345,21797680,290.06,0.05000000,0
1505769344,21797679,290.02,4.84000000,0
1505769322,21797673,290.04,2.93044346,1
1505769291,21797662,290.04,5.50000000,1
1505769290,21797661,290.04,4.84000000,1
1505769289,21797660,290.04,4.42955654,1
1505769289,21797659,290.05,1.07044346,1
1505769288,21797658,290.05,5.50000000,1
1505769287,21797657,290.04,5.50000000,1
1505769286,21797653,290.04,5.50000000,1
1505769285,21797651,290.04,1.00000000,0
1505769285,21797650,290.04,4.84000000,0
1505769285,21797649,290.04,5.50000000,0
1505769285,21797647,290.00,5.50000000,0
1505769285,21797645,290.00,4.46000000,0
1505769258,21797626,290.00,0.38000000,1
1505769234,21797618,290.00,4.62000000,1
1505769232,21797614,289.75,1.40000000,1
1505769227,21797613,290.06,0.87739600,1
1505769221,21797603,290.06,1.24000000,1
1505769218,21797571,290.13,0.99999403,1
1505769216,21797570,290.25,0.28405629,1
1505769213,21797569,290.28,0.14000000,1
1505769211,21797568,290.45,0.40000000,1
1505769195,21797557,290.45,4.60000000,1
1505769193,21797551,290.50,2.96000000,1
1505769193,21797548,290.51,0.23000000,0
1505769190,21797536,290.50,0.27000000,1
1505769190,21797533,290.51,0.23000000,1
1505769157,21797515,290.50,1.00000000,1
1505769157,21797514,290.50,0.77000000,1
1505769157,21797513,290.51,0.23000000,1
1505769023,21797426,291.10,9.05145997,1
1505769023,21797425,291.09,1.00000000,1
1505769021,21797422,290.62,0.23000000,0
1505768972,21797387,291.10,0.28326322,0
1505768968,21797378,290.63,0.26450000,0
1505768967,21797377,290.62,0.23000000,0
1505768957,21797358,290.44,1.00000000,0
1505768954,21797350,290.35,0.27550000,0
1505768954,21797349,290.34,0.23000000,0
1505768949,21797336,290.14,0.00310073,0
1505768948,21797332,290.14,0.75561932,0
1505768948,21797331,290.14,0.24438068,0
1505768886,21797265,290.24,3.73000000,0
1505768884,21797260,289.21,0.03572673,1
1505768884,21797259,289.22,0.23000000,1
1505768884,21797258,289.36,0.27550000,1
1505768873,21797254,289.34,0.23000000,1
1505768869,21797253,289.37,0.59955654,1
1505768862,21797250,289.64,0.23000000,1
1505768840,21797241,289.91,0.75872005,1
1505768828,21797239,290.55,4.84000000,0
1505768814,21797234,289.90,1.00000000,0
1505768814,21797233,289.90,0.76597000,0
1505768767,21797215,289.27,0.25071235,1
1505768767,21797214,289.54,0.23877131,1
1505768767,21797213,289.55,0.23000000,1
1505768760,21797209,289.54,1.07498665,1
1505768756,21797208,289.54,1.27925135,1
1505768756,21797207,289.61,0.24400000,1
1505768756,21797206,289.80,0.76597000,1
1505768728,21797194,289.79,0.00038068,1
1505768728,21797191,290.10,0.19806531,1
1505768721,21797188,290.10,2.39494400,1
1505768706,21797184,290.08,1.03161197,0
1505768699,21797176,290.08,28.40000000,0
1505768699,21797175,290.04,0.47000000,0
1505768698,21797174,289.95,0.13000000,0
1505768678,21797167,289.95,0.10000000,0
1505768631,21797149,289.98,9.39000000,0
1505768631,21797148,289.97,1.38000000,0
1505768631,21797147,289.92,0.23000000,0
1505768594,21797130,290.03,17.16584716,0
1505768594,21797129,290.03,0.76533000,0
1505768594,21797128,290.02,2.06882284,1
1505768587,21797113,289.54,68.76089700,1
1505768567,21797106,289.54,11.00000000,1
1505768563,21797103,289.54,0.88968053,1
1505768557,21797100,289.54,2.72177185,1
1505768537,21797093,289.54,0.03464131,0
1505768534,21797090,289.00,11.90293969,1
1505768534,21797089,289.01,2.45000000,1
1505768534,21797088,289.01,1.93144777,1
1505768531,21797087,289.01,2.06855223,1
1505768531,21797086,289.10,1.00000000,1
1505768529,21797085,289.12,0.04969370,1
1505768491,21797039,289.12,0.00030630,1
1505768491,21797038,289.17,1.00000000,1
1505768491,21797037,289.25,0.03464131,1
1505768490,21797036,289.34,0.23000000,1
1505768456,21797026,289.25,1.00000000,1
1505768456,21797025,289.30,1.00000000,1
1505768456,21797024,289.33,0.23000000,1
1505768384,21797010,289.40,0.43726400,1
1505768384,21797009,289.40,0.56273600,1
1505768384,21797008,289.47,0.05000000,1
1505768383,21797007,289.70,0.21349673,1
1505768272,21796962,289.70,0.28650327,1
1505768270,21796960,289.70,0.25000000,1
1505768270,21796959,289.72,0.23000000,1
1505768267,21796957,289.70,0.25000000,1
1505768267,21796956,289.71,0.23000000,1
1505768194,21796916,290.49,1.97817677,1
1505768194,21796915,290.49,3.52182323,1
1505768194,21796914,290.49,0.75259677,1
1505768191,21796910,290.49,4.01970323,1
1505768189,21796909,290.49,0.01770000,0
1505768189,21796908,290.42,4.15202121,1
1505768187,21796905,290.42,1.00000000,0
1505768182,21796899,289.99,0.04289143,1
1505768181,21796897,289.72,0.96970659,1
1505768177,21796894,290.00,6.56650394,1
1505768165,21796886,290.00,6.22450735,1
1505767963,21796804,290.11,0.76533000,0
1505767962,21796802,290.11,0.18146700,0
1505767959,21796797,290.11,2.11926372,0
1505767959,21796795,290.11,1.00000000,1
1505767937,21796787,291.07,9.50634805,0
1505767937,21796786,290.75,0.24300000,0
1505767937,21796785,290.63,1.00000000,0
1505767937,21796784,290.59,0.76409000,0
1505767896,21796776,290.63,0.76408500,1
1505767889,21796770,290.64,4.00280539,1
1505767887,21796767,290.64,1.14531600,0
1505767861,21796746,289.80,5.42224800,1
1505767860,21796744,289.85,0.04093340,1
1505767860,21796743,289.97,4.84000000,1
1505767860,21796741,290.10,1.00000000,1
1505767860,21796740,290.16,2.06783293,1
1505767860,21796739,290.17,14.46398602,1
1505767840,21796731,290.95,4.34860304,0
1505767837,21796730,290.11,0.23591000,1
1505767837,21796729,290.33,0.17507300,1
1505767836,21796728,290.33,0.58901700,1
1505767824,21796721,290.32,0.04289143,1
1505767824,21796720,290.53,0.24300000,1
1505767818,21796716,291.00,4.89800856,1
1505767817,21796715,291.00,11.96805758,1
1505767816,21796714,291.00,65.83441900,1
1505767812,21796712,291.00,8.60258100,1
1505767806,21796708,291.00,5.99930307,1
1505767779,21796696,291.00,9.31964280,1
1505767772,21796694,291.00,2.00000000,1
1505767751,21796663,291.00,0.27422586,1
1505767750,21796662,291.00,1.17015563,1
1505767749,21796657,291.00,1.16987086,1
1505767706,21796637,291.00,0.64870269,1
1505767697,21796634,291.00,16.51939580,1
1505767685,21796630,291.00,0.28527512,1
1505767685,21796629,291.00,0.28532697,1
1505767685,21796628,291.00,0.28620826,1
1505767669,21796619,291.00,0.65038606,1
1505767664,21796617,291.00,0.34866882,1
1505767654,21796614,291.00,0.28579000,1
1505767648,21796609,291.00,0.28522337,1
1505767642,21796607,291.00,7.26986157,1
1505767637,21796605,291.00,11.13523473,1
1505767631,21796600,291.00,1.61444897,1
1505767629,21796599,291.00,6.81000000,1
1505767628,21796598,291.00,6.81000000,1
1505767610,21796594,291.00,0.66790341,1
1505767610,21796593,291.01,6.98000000,1
1505767604,21796588,291.01,1.90242474,1
1505767600,21796585,291.01,0.66290799,1
1505767583,21796580,291.01,0.12409522,1
1505767583,21796579,291.01,2.13448284,1
1505767582,21796578,291.01,0.20551716,1
1505767570,21796572,291.09,5.00000000,0
1505767567,21796571,291.01,1.00000000,1
1505767566,21796570,291.01,1.00000000,1
1505767562,21796569,291.00,20.41557700,1
1505767561,21796568,291.00,42.65103445,1
1505767560,21796566,291.01,1.02081229,1
1505767556,21796561,291.00,17.50594148,1
1505767556,21796560,291.01,0.47000000,1
1505767556,21796559,291.01,2.33000000,1
1505767554,21796556,291.08,1.00000000,0
1505767554,21796555,291.08,1.00000000,0
1505767550,21796549,291.01,0.19899660,1
1505767549,21796545,291.00,0.19900344,1
1505767548,21796544,291.00,5.50000000,1
1505767547,21796542,290.81,5.50000000,0
1505767547,21796541,290.80,2.06327373,0
1505767547,21796540,290.75,4.84000000,0
1505767547,21796539,290.74,0.24300000,0
1505767537,21796537,290.73,2.06377877,1
1505767536,21796536,290.41,1.00000000,1
1505767535,21796535,289.99,13.08748854,1
1505767535,21796534,290.38,0.20157946,1
1505767534,21796533,290.38,0.04142054,1
1505767534,21796532,290.72,3.16423832,1
1505767534,21796531,290.72,1.18865177,1
1505767533,21796530,290.72,5.68689617,1
1505767528,21796529,290.72,3.48721374,1
1505767521,21796521,290.72,1.00000000,1
1505767521,21796520,290.72,0.23000000,1
1505767520,21796519,290.71,0.24300000,0
1505767517,21796518,289.97,0.94434781,1
1505767507,21796517,290.24,0.24300000,1
1505767507,21796516,290.29,1.00000000,1
1505767498,21796510,290.44,0.76380000,0
1505767495,21796509,291.00,4.65119597,1
1505767495,21796508,291.00,8.12503352,1
1505767494,21796507,290.99,0.45000000,0
1505767494,21796506,290.95,3.27000000,0
1505767494,21796505,290.81,5.50000000,0
1505767494,21796504,290.75,4.84000000,0
1505767494,21796503,290.73,2.06377051,0
1505767494,21796502,290.51,1.00000000,0
1505767494,21796501,290.45,0.05000000,0
1505767494,21796500,290.20,0.05000000,0
1505767482,21796497,290.00,10.00000000,0
1505767481,21796496,290.00,0.05000000,0
1505767160,21796408,289.91,0.05000000,1
1505767130,21796395,289.85,0.24300000,1
1505767129,21796394,289.86,5.29033100,0
1505767123,21796390,289.86,0.19966900,0
1505767120,21796389,289.86,2.68000000,1
1505767111,21796385,290.06,0.76380000,1
1505767111,21796384,290.06,0.24300000,1
1505767111,21796383,290.06,0.23000000,1
1505767029,21796319,290.87,1.85849348,1
1505767029,21796318,290.35,1.43578000,0
1505767029,21796317,290.28,0.76322000,1
1505767027,21796316,290.27,0.00012144,0
1505767026,21796314,290.27,0.24287856,0
1505766996,21796280,290.15,1.00621500,0
1505766972,21796230,290.51,29.77000000,0
1505766972,21796229,289.99,0.23000000,0
1505766971,21796228,289.99,1.00000000,1
1505766971,21796227,290.07,3.92000000,1
1505766968,21796217,290.08,3.27007716,1
1505766957,21796207,290.04,1.00000000,1
1505766957,21796206,290.13,0.05000000,1
1505766957,21796205,290.16,0.05000000,1
1505766957,21796204,290.29,0.46567836,1
1505766952,21796200,290.29,3.15001556,1
1505766946,21796196,290.43,0.05000000,1
1505766946,21796195,290.68,0.05000000,1
1505766936,21796177,290.88,0.05000000,1
1505766933,21796167,290.96,0.05000000,0
1505766931,21796162,290.29,1.88430608,1
1505766931,21796161,290.49,1.00000000,1
1505766931,21796160,290.60,2.61569392,1
1505766924,21796155,290.60,6.19792154,1
1505766919,21796146,290.60,1.91191569,1
1505766917,21796144,290.60,0.02091600,1
1505766907,21796136,290.60,4.30413000,1
1505766907,21796135,290.70,1.00000000,1
1505766907,21796133,290.72,0.24300000,1
1505766907,21796132,290.75,0.76322000,1
1505766884,21796107,291.44,1.00350960,0
1505766884,21796105,291.43,0.76143904,0
1505766884,21796103,291.41,0.16030136,0
1505766883,21796100,291.41,0.08269864,0
1505766879,21796082,291.43,0.99950024,0
1505766875,21796071,290.73,0.75930008,1
1505766875,21796070,290.80,0.24300000,1
1505766864,21796061,290.93,2.06232578,1
1505766864,21796059,291.06,0.58726000,1
1505766794,21796020,291.45,0.25217000,0
1505766785,21795996,291.45,0.33430096,0
1505766785,21795995,291.26,0.00002499,0
1505766775,21795987,291.26,0.04997501,0
1505766710,21795938,291.11,0.05000000,0
1505766579,21795886,291.11,0.04186884,1
1505766570,21795885,291.08,4.27365000,1
1505766569,21795882,291.67,1.00000000,1
1505766569,21795881,291.67,0.23008734,1
1505766569,21795880,291.68,0.76065000,1
1505766567,21795877,291.67,0.82727200,1
1505766511,21795824,291.81,0.05000000,0
1505766504,21795823,291.61,0.05000000,0
1505766501,21795822,291.46,0.05000000,0
1505766489,21795814,292.61,3.86153685,1
1505766489,21795813,292.61,1.37000000,1
1505766489,21795812,292.50,2.50000000,0
1505766488,21795811,292.36,0.05000000,0
1505766488,21795810,292.34,1.05493300,0
1505766488,21795809,292.26,4.84000000,1
1505766487,21795808,292.26,0.05000000,0
1505766487,21795806,292.25,0.05000000,0
1505766487,21795805,292.22,5.50000000,0
1505766486,21795804,292.21,1.23000000,0
1505766486,21795803,292.10,2.50000000,0
1505766486,21795802,292.09,0.48000000,0
1505766485,21795801,292.06,0.05000000,0
1505766485,21795800,291.96,0.05000000,0
1505766485,21795799,291.85,0.05000000,0
1505766485,21795797,291.85,1.00000000,1
1505766484,21795796,291.81,0.05000000,0
1505766484,21795795,291.71,6.43316993,0
1505766482,21795793,291.70,2.05690778,0
1505766467,21795785,291.71,6.81000000,0
1505766466,21795784,291.71,0.25000000,1
1505766466,21795783,291.71,6.56000000,1
1505766456,21795776,291.71,0.05000000,0
1505766456,21795775,291.61,0.05000000,0
1505766456,21795774,291.51,0.05000000,0
1505766456,21795773,291.50,0.05000000,0
1505766456,21795772,291.46,0.05000000,0
1505766117,21795624,291.46,0.32453520,0
1505766107,21795623,291.47,10.88000000,0
1505766107,21795622,291.36,0.05000000,0
1505766107,21795621,291.35,14.21081800,0
1505766100,21795616,291.27,1.00000000,0
1505766056,21795592,291.20,0.04556290,0
1505766056,21795591,291.20,0.05000000,0
1505766056,21795590,290.95,0.05000000,0
1505766055,21795589,290.94,0.76259000,0
1505766055,21795588,290.75,0.05000000,0
1505766043,21795579,290.61,0.99999985,1
1505766035,21795577,290.61,0.05000000,1
1505765960,21795536,290.60,1.02280412,1
1505765960,21795535,290.61,0.97719588,1
1505765945,21795526,290.60,4.11778869,1
1505765944,21795525,290.61,0.76259000,1
1505765944,21795524,290.62,5.14753531,1
1505765940,21795519,291.13,6.81000000,0
1505765934,21795517,290.63,2.05814599,1
1505765933,21795516,290.80,0.05000000,1
1505765933,21795515,290.95,0.05000000,1
1505765768,21795455,291.36,2.05930800,0
1505765767,21795452,291.33,1.85999000,0
1505765766,21795449,291.30,0.76079000,0
1505765741,21795441,291.36,0.21509182,1
1505765735,21795437,291.36,0.05892237,0
1505765733,21795436,291.36,0.21517763,0
1505765722,21795422,291.46,0.28600000,0
1505765697,21795409,290.56,0.48023200,1
1505765696,21795408,290.57,10.88000000,1
1505765696,21795407,290.75,1.00000000,1
1505765696,21795406,290.86,0.05000000,1
1505765696,21795405,290.91,5.00000000,1
1505765696,21795404,291.02,0.99991604,1
1505765693,21795399,290.90,1.00000000,1
1505765693,21795397,290.94,0.27410000,1
1505765689,21795369,291.00,2.50000000,1
1505765674,21795366,291.23,3.11091500,1
1505765674,21795365,291.30,0.76079000,1
1505765674,21795364,291.32,1.76079000,1
1505765667,21795363,291.30,1.12829500,1
1505765666,21795362,291.89,0.36900887,0
1505765665,21795361,291.88,0.75927000,1
1505765665,21795360,291.88,0.27300000,0
1505765545,21795272,290.92,6.99876700,1
1505765534,21795267,290.92,0.27300000,1
1505765534,21795266,291.39,0.28293418,1
1505765533,21795265,291.47,0.28272692,1
1505765533,21795264,291.48,1.00000000,1
1505765528,21795260,291.48,5.45126100,1
1505765523,21795254,292.56,6.25636451,0
1505765523,21795253,292.56,10.80000000,0
1505765516,21795252,291.66,3.88169000,1
1505765506,21795247,291.39,9.79000000,1
1505765506,21795246,291.41,5.13114632,1
1505765452,21795218,291.81,1.05493300,1
1505765452,21795217,291.83,0.75927000,1
1505765449,21795216,292.86,1.90340094,1
1505765447,21795214,292.75,0.05000000,0
1505765371,21795154,292.67,0.28206543,0
1505765364,21795151,292.67,0.56296899,0
1505765364,21795150,292.61,0.05000000,0
1505765364,21795149,292.47,0.28359399,0
1505765364,21795148,292.38,1.05288200,0
1505765364,21795147,292.37,8.20306002,0
1505765362,21795145,292.37,11.79693998,0
1505765362,21795144,292.35,0.05000000,0
1505765362,21795143,292.31,0.05000000,0
1505765362,21795142,292.19,0.24856102,0
1505765362,21795141,292.18,0.75847000,0
1505765357,21795139,292.19,6.56143898,0
1505765357,21795138,292.13,0.75847000,0
1505765357,21795137,292.12,2.78399102,0
1505764901,21794903,290.96,1.57064205,1
1505764900,21794902,290.96,0.31000000,1
1505764900,21794901,290.96,1.54000000,1
1505764900,21794898,291.52,3.46398100,1
1505764900,21794896,291.52,4.62881500,1
1505764896,21794895,291.97,0.00000015,1
1505764895,21794891,291.99,0.75847000,1
1505764822,21794807,291.97,1.05288200,1
1505764822,21794806,291.98,5.00000000,1
1505764773,21794783,292.28,2.05277100,0
1505764773,21794782,292.26,0.05000000,0
1505764772,21794780,292.00,0.88351955,0
1505764772,21794779,292.00,1.15473234,0
1505764736,21794769,292.00,5.00000000,0
1505764690,21794729,292.00,30.17200000,0
1505764689,21794728,292.00,58.05500000,0
1505764680,21794716,292.00,0.17075342,0
1505764677,21794714,292.00,3.72871530,0
1505764677,21794713,291.99,0.25893470,0
1505764669,21794711,292.00,27.88335200,0
1505764669,21794710,291.99,1.91000000,0
1505764648,21794702,292.00,8.89140400,0
1505764648,21794701,292.00,0.05000000,0
1505764648,21794700,291.99,2.26000000,0
1505764647,21794699,291.92,0.17769207,0
1505764647,21794698,291.91,0.05000000,0
1505764647,21794697,291.77,0.03434198,0
1505764647,21794696,291.70,0.05000000,0
1505764642,21794694,291.57,0.72294800,1
1505764556,21794616,291.63,1.11874900,0
1505764556,21794615,291.56,0.05000000,0
1505764556,21794614,291.54,0.68000000,0
1505764549,21794598,291.53,8.33000000,0
1505764548,21794596,290.95,4.75000000,1
1505764548,21794595,291.52,0.67999500,0
1505764547,21794593,290.95,2.06000000,1
1505764547,21794588,290.95,4.75000000,1
1505764546,21794585,290.95,1.91000000,1
1505764546,21794583,291.00,0.15000000,1
1505764545,21794581,290.94,3.23155000,1
1505764544,21794580,291.47,1.51999500,1
1505764544,21794579,291.48,2.05845500,1
1505764543,21794577,290.94,6.81000000,1
1505764531,21794552,291.53,9.25170857,0
1505764531,21794551,291.45,0.29157043,0
1505764531,21794550,291.40,1.00000000,0
1505764521,21794537,291.40,0.08299602,0
1505764521,21794536,291.21,0.05000000,0
1505764521,21794535,291.16,0.05000000,0
1505764482,21794475,291.15,11.00000000,0
1505764447,21794460,290.32,0.25893470,1
1505764447,21794459,290.36,0.74147865,1
1505764447,21794458,290.36,0.25852135,1
1505764431,21794442,290.99,1.00000000,0
1505764421,21794432,290.89,1.00000000,0
1505764413,21794426,290.71,0.05000000,0
1505764413,21794425,290.70,1.00000000,0
1505764368,21794409,290.59,1.00000000,0
1505764368,21794408,290.58,1.23278500,0
1505764368,21794407,290.40,0.43726400,0
1505764332,21794385,290.40,0.56273600,0
1505764229,21794328,290.30,1.00000000,0
1505764229,21794327,290.25,1.00000000,0
1505764210,21794310,290.10,1.00000000,0
1505764202,21794306,290.09,4.03654000,1
1505764113,21794229,290.09,0.76346000,0
1505764090,21794207,289.71,0.71794800,1
1505764089,21794206,289.71,10.20983200,1
1505764089,21794205,289.86,0.19676800,1
1505764087,21794204,289.86,4.06750000,1
1505764086,21794202,289.86,0.52573200,1
1505764081,21794201,289.86,0.05000000,0
1505764075,21794193,289.71,0.00056000,1
1505764075,21794192,289.72,0.79946600,1
1505764067,21794187,289.72,0.00053400,1
1505764067,21794186,289.73,0.76346000,1
1505764059,21794180,289.72,0.00067600,1
1505764059,21794179,289.85,0.96552800,1
1505764052,21794178,289.85,4.50447200,1
1505764051,21794177,289.85,3.81864800,1
1505764048,21794175,289.85,0.97135200,1
1505764033,21794161,289.85,0.05000000,0
1505763899,21794114,289.71,2.58012000,1
1505763899,21794113,289.72,0.65000000,1
1505763841,21794098,289.71,4.89535739,1
1505763793,21794072,289.71,1.53746100,1
1505763788,21794068,289.71,0.19180800,1
1505763783,21794064,289.71,0.73017000,1
1505763778,21794060,289.71,0.45000000,1
1505763775,21794058,289.71,4.84000000,1
1505763756,21794048,289.71,4.84000000,1
1505763745,21794040,289.71,5.50000000,1
1505763745,21794039,289.71,4.84000000,1
1505763706,21794016,289.71,5.57300000,1
1505763608,21793960,289.71,0.24399500,1
1505763557,21793924,289.71,0.32297953,1
1505763557,21793923,289.71,2.17120051,1
1505763513,21793904,289.71,9.99300000,1
1505763512,21793903,289.72,0.15000000,1
1505763511,21793902,289.72,0.73000000,1
1505763509,21793901,289.71,4.66538055,1
1505763504,21793893,289.71,6.15956060,1
1505763503,21793892,289.72,0.17000000,1
1505763503,21793891,289.72,0.83000000,1
1505763487,21793869,289.71,0.03549100,1
1505763487,21793868,289.72,0.18934900,1
1505763485,21793863,289.72,0.74065100,1
1505763485,21793862,289.74,0.19000000,1
1505763461,21793845,289.72,0.82072000,1
1505763461,21793844,289.73,0.21000000,1
1505763438,21793821,289.71,1.61005566,1
1505763436,21793820,289.71,15.98444608,1
1505763436,21793819,289.72,0.23000000,1
1505763436,21793818,289.72,1.16000000,1
1505763420,21793814,289.71,8.56277000,1
1505763420,21793813,289.71,18.42964000,1
1505763420,21793812,289.72,0.26906000,1
1505763418,21793811,289.72,1.07094000,1
1505763418,21793810,289.74,0.27000000,1
1505763417,21793809,289.71,1.61005566,1
1505763417,21793808,289.71,17.10444608,1
1505763417,21793807,289.73,0.27000000,1
1505763386,21793740,289.71,1.20668000,1
1505763385,21793739,289.71,0.05000000,0
1505763279,21793667,289.71,0.32298700,0
1505763269,21793662,289.66,1.00000000,0
1505763268,21793661,289.65,0.76365000,0
1505763251,21793660,289.01,21.68679169,1
1505763250,21793659,289.02,1.49000000,1
1505763250,21793658,289.02,9.54000000,1
1505763250,21793657,289.03,1.00000000,1
1505763250,21793656,289.16,0.76365000,1
1505763229,21793648,289.71,1.16838972,0
1505763227,21793647,289.71,0.39318628,0
1505763226,21793646,289.70,0.05000000,0
1505763226,21793645,289.69,0.28716742,0
1505763224,21793642,289.68,0.26782700,0
1505763219,21793631,289.68,0.45999000,0
1505763184,21793620,289.68,0.03448300,0
1505763143,21793606,289.07,0.94976994,1
1505763130,21793600,289.01,0.28718729,1
1505763128,21793599,289.01,30.03089999,1
1505763128,21793598,289.12,0.05000000,1
1505763128,21793597,289.14,0.05000000,1
1505763128,21793596,289.14,0.28000000,0
1505763127,21793595,289.15,0.28511559,1
1505763127,21793594,289.20,13.40428769,1
1505763127,21793593,289.20,1.38000000,0
1505763126,21793592,289.29,0.05000000,1
1505763126,21793591,289.29,0.04569809,1
1505763126,21793590,289.47,0.04717736,1
1505763126,21793589,289.58,1.00000000,1
1505763124,21793586,289.69,18.37682128,1
1505763093,21793569,289.70,0.28655546,1
1505763040,21793491,289.69,0.68651702,1
1505763040,21793490,289.70,1.00000000,1
1505763040,21793489,289.71,0.76230000,1
1505763028,21793482,289.69,0.93666170,1
1505763028,21793481,290.59,0.01262947,1
1505763027,21793480,290.42,0.76044000,1
1505763026,21793479,290.42,2.21539000,0
1505763005,21793456,289.80,0.23640441,1
1505763005,21793455,289.80,0.05000000,1
1505762973,21793450,290.02,0.76807483,1
1505762973,21793449,290.25,0.76044000,1
1505762967,21793445,290.24,4.16000000,1
1505762957,21793437,290.24,5.50000000,1
1505762940,21793425,289.99,1.00000000,1
1505762940,21793424,290.00,0.05000000,1
1505762940,21793423,290.15,0.05000000,1
1505762939,21793422,290.16,0.33000000,1
1505762939,21793421,290.23,1.00000000,1
1505762939,21793420,290.24,5.50000000,1
1505762939,21793419,290.27,14.46398602,1
1505762936,21793418,290.42,1.00000000,1
1505762936,21793417,290.51,0.05000000,1
1505762936,21793416,290.55,1.62000000,1
1505762936,21793415,290.59,5.15434472,1
1505762898,21793405,290.59,0.28565528,0
1505762881,21793392,290.56,0.05000000,1
1505762872,21793389,289.91,0.24859977,1
1505762872,21793388,291.58,5.49821527,0
1505762872,21793387,291.56,0.05000000,0
1505762872,21793386,291.45,0.05000000,0
1505762871,21793385,291.39,0.76000000,0
1505762871,21793384,291.25,0.05000000,0
1505762871,21793383,291.10,0.05000000,0
1505762871,21793382,291.10,0.03289248,0
1505762871,21793380,290.99,1.00000000,0
1505762871,21793378,290.98,8.53000000,0
1505762871,21793377,290.96,14.46398602,0
1505762871,21793375,290.58,1.00000000,0
1505762766,21793333,290.56,0.67000000,0
1505762745,21793324,290.10,0.00099100,1
1505762744,21793323,290.36,1.41673900,1
1505762743,21793322,290.36,2.33680000,1
1505762743,21793321,290.36,3.68000000,1
1505762734,21793317,290.36,1.06646100,0
1505762721,21793313,289.62,1.46675000,1
1505762719,21793311,289.62,0.00282200,1
1505762719,21793310,289.64,4.02863800,1
1505762712,21793304,290.25,0.45000000,0
1505762712,21793303,290.15,0.76071000,0
1505762709,21793301,289.64,0.81136200,1
1505762704,21793299,289.47,0.00282264,1
1505762704,21793298,289.60,1.00000000,1
1505762703,21793297,289.60,0.05000000,1
1505762703,21793295,289.60,1.53844397,1
1505762703,21793294,289.60,1.43794339,1
1505762693,21793252,289.60,0.78253800,1
1505762688,21793250,289.63,3.02694000,1
1505762685,21793249,289.63,0.00065345,1
1505762685,21793248,289.75,0.88351955,1
1505762685,21793247,289.75,0.05000000,1
1505762581,21793167,290.16,1.31854838,0
1505762579,21793166,289.81,0.28639453,0
1505762522,21793117,289.60,3.27879000,1
1505762520,21793112,289.60,0.00072861,1
1505762520,21793111,289.77,1.04603139,1
1505762511,21793108,289.77,3.79396861,1
1505762511,21793107,289.81,0.04930139,1
1505762509,21793106,289.81,0.00069861,1
1505762509,21793105,289.88,0.99872339,1
1505762499,21793104,289.88,0.00127661,1
1505762499,21793103,289.93,1.81727339,1
1505762490,21793099,289.93,3.77644000,1
1505762488,21793097,289.93,0.00127000,1
1505762488,21793096,289.94,1.81991000,1
1505762431,21793045,289.94,0.05000000,1
1505762379,21793005,289.94,1.74009000,1
1505762377,21792992,290.04,1.00000000,1
1505762377,21792990,290.54,0.00004289,1
1505762361,21792961,290.54,0.94771805,1
1505762279,21792927,290.54,4.08455000,1
1505762277,21792926,290.54,6.23746816,1
1505762269,21792919,290.54,1.17308787,1
1505762254,21792912,290.54,5.50000000,1
1505762235,21792902,290.51,0.04975000,1
1505762220,21792890,290.52,0.67798000,0
1505762142,21792858,290.92,3.61000000,0
1505762094,21792821,290.38,0.99999991,0
1505762094,21792820,290.35,0.05000000,0
1505762094,21792819,290.15,0.05000000,0
1505762094,21792817,290.01,0.00000409,0
1505762087,21792813,290.00,0.05000000,0
1505761969,21792723,289.93,10.42860000,1
1505761964,21792719,290.01,0.28619293,0
1505761964,21792718,290.00,1.53551707,0
1505761963,21792716,290.00,3.71197400,0
1505761959,21792712,290.00,5.13665494,0
1505761959,21792711,290.00,8.54332500,0
1505761958,21792710,290.00,1.14487309,0
1505761958,21792709,290.00,0.00139491,0
1505761934,21792690,290.00,0.65000000,0
1505761921,21792681,289.93,2.48615491,1
1505761910,21792679,289.93,0.15000000,1
1505761910,21792678,289.93,0.34026170,1
1505761906,21792676,290.00,0.33984000,0
1505761882,21792662,290.00,0.89876509,0
1505761882,21792661,290.00,0.09871767,0
1505761863,21792648,290.00,1.62128233,1
1505761858,21792643,290.00,1.89255000,1
1505761853,21792638,290.00,1.62261000,1
1505761842,21792633,290.00,9.86355767,1
1505761842,21792632,290.00,5.97724233,1
1505761829,21792622,290.00,0.42369639,1
1505761828,21792620,290.00,3.59906128,1
1505761827,21792618,290.01,0.52416075,1
1505761826,21792613,290.01,1.32583925,1
1505761826,21792612,290.01,6.83729075,1
1505761826,21792610,290.01,3.16270925,1
1505761826,21792608,290.08,0.00008000,1
1505761826,21792606,290.08,0.28422497,1
1505761825,21792603,290.09,0.05000000,1
1505761825,21792601,290.13,0.04556578,1
1505761825,21792600,290.16,0.05000000,1
1505761825,21792599,290.22,0.10000000,1
1505761824,21792593,290.24,0.83024802,1
1505761824,21792591,290.34,0.01575198,1
1505761817,21792583,290.34,0.03424802,1
1505761806,21792574,290.54,0.01714050,0
1505761760,21792545,290.54,0.05000000,1
1505761754,21792541,290.64,0.05000000,0
1505761735,21792528,290.64,2.00940000,1
1505761735,21792527,290.70,0.10600000,1
1505761711,21792525,291.10,0.01710752,0
1505761707,21792524,290.70,0.42400000,1
1505761701,21792507,290.70,0.47000000,1
1505761618,21792441,290.79,2.02853602,0
1505761488,21792330,291.10,3.68347646,0
1505761487,21792328,290.29,0.04688025,0
1505761460,21792301,290.29,0.23904072,1
1505761451,21792296,290.48,1.66743232,1
1505761444,21792287,290.71,4.60000000,1
1505761441,21792283,290.29,4.60095928,0
1505761440,21792282,290.44,0.05000000,1
1505761440,21792281,290.51,0.05000000,1
1505761440,21792280,290.86,0.05000000,1
1505761439,21792279,290.89,0.05000000,1
1505761439,21792278,290.89,0.04544673,1
1505761439,21792277,290.90,0.28359399,0
1505761438,21792276,291.11,0.28000000,1
1505761431,21792271,291.11,0.28511559,1
1505761430,21792269,291.11,0.85239574,1
1505761430,21792268,291.21,0.05000000,1
1505761430,21792267,291.29,0.05000000,1
1505761427,21792266,291.39,0.04000000,1
1505761426,21792262,291.39,0.96000000,1
1505761422,21792261,291.47,4.48700934,1
1505761417,21792258,291.47,0.01559066,1
1505761416,21792256,291.48,0.03434198,1
1505761416,21792254,291.51,1.00000000,1
1505761415,21792253,291.56,0.05000000,1
1505761414,21792251,291.64,0.05000000,1
1505761414,21792250,291.90,1.00000000,1
1505761401,21792239,291.91,0.05000000,1
1505761400,21792238,291.92,0.17970793,1
1505761387,21792200,291.99,0.00008000,0
1505761387,21792198,291.94,0.49000000,0
1505761385,21792192,291.94,0.05000000,1
1505761384,21792187,291.99,0.28422497,0
1505761381,21792176,292.00,1.00000000,1
1505761381,21792175,292.00,1.00000000,1
1505761381,21792173,292.00,1.00000000,1
1505761380,21792171,292.00,0.82900900,1
1505761380,21792169,292.00,0.17099100,1
1505761369,21792155,292.17,1.87817117,1
1505761369,21792154,292.18,3.62182883,1
1505761369,21792152,292.17,0.24100000,0
1505761369,21792151,292.16,2.94717117,0
1505761367,21792150,292.16,2.55282883,1
1505761364,21792149,292.17,0.30000000,1
1505761362,21792148,292.17,1.02000000,1
1505761354,21792142,292.19,0.05000000,1
1505761346,21792134,292.25,0.67492808,0
1505761336,21792123,292.39,0.05000000,1
1505761308,21792078,292.43,0.77659847,1
1505761308,21792077,292.44,13.61873053,1
1505761308,21792076,292.54,0.05000000,1
1505761287,21792051,292.66,1.00000000,1
1505761287,21792050,292.68,4.84000000,1
1505761267,21792025,292.95,0.24100000,1
1505761267,21792024,292.96,0.76071000,1
1505761164,21791937,293.40,0.00085900,0
1505761163,21791934,293.75,1.22893100,1
1505761162,21791933,293.75,0.77106900,1
1505761128,21791909,293.84,4.84000000,0
1505761128,21791908,293.84,0.66000000,0
1505761128,21791907,293.81,4.84000000,0
1505761128,21791906,293.79,0.87000000,0
1505761128,21791905,293.66,0.05000000,0
1505761127,21791903,293.65,0.16887590,0
1505761115,21791890,293.65,0.28112410,0
1505761111,21791887,293.50,1.00000000,0
1505761111,21791886,293.39,0.00000012,0
1505761108,21791884,293.39,2.54220800,0
1505761108,21791883,293.35,0.05000000,0
1505761108,21791882,293.31,0.05000000,0
1505761104,21791881,293.30,1.00000000,0
1505761104,21791880,293.30,1.00000000,0
1505761104,21791879,293.15,0.05000000,0
1505761103,21791876,293.14,4.72525600,0
1505761098,21791875,293.14,0.27474400,0
1505761081,21791868,293.00,0.05000000,1
1505761076,21791862,293.00,0.82900900,0
1505761043,21791855,293.00,0.17099100,0
1505760963,21791830,292.69,3.73000000,1
1505760938,21791827,292.90,2.60000000,1
1505760902,21791809,292.90,0.76084000,1
1505760898,21791808,292.90,1.00000000,0
1505760878,21791804,292.35,0.60425549,0
1505760878,21791803,292.34,0.24100000,0
1505760877,21791802,292.35,0.83342685,0
1505760873,21791797,292.54,0.05000000,1
1505760866,21791788,292.74,0.05000000,1
1505760866,21791787,292.89,0.05000000,1
1505760856,21791771,291.47,6.60237470,0
1505760856,21791770,291.47,7.41273800,0
1505760855,21791769,291.47,21.56963000,0
1505760855,21791768,291.47,8.04833900,0
1505760855,21791767,291.47,3.62180400,0
1505760855,21791766,291.47,6.91993200,0
1505760855,21791765,291.47,11.33200300,0
1505760855,21791764,291.47,16.01619700,0
1505760854,21791762,291.47,1.28000000,0
1505760854,21791761,291.47,18.53919300,0
1505760854,21791760,291.47,14.68055700,0
1505760853,21791758,291.47,1.36776200,0
1505760853,21791757,291.47,0.24100000,0
1505760853,21791754,291.47,0.24000000,0
1505760852,21791750,291.56,0.05000000,1
1505760852,21791749,291.57,0.04534074,1
1505760851,21791748,291.91,0.05000000,1
1505760851,21791747,292.00,1.00000000,1
1505760851,21791746,292.01,0.57000000,1
1505760851,21791745,292.18,0.04524608,1
1505760851,21791744,292.20,2.84000000,1
1505760851,21791743,292.26,0.05000000,1
1505760851,21791742,292.61,0.05000000,1
1505760851,21791741,292.69,0.04516724,1
1505760851,21791740,292.82,0.28080628,1
1505760850,21791739,292.90,1.00000000,1
1505760850,21791738,292.96,0.05000000,1
1505760850,21791737,293.05,0.28137015,1
1505760850,21791736,293.06,0.28122620,1
1505760850,21791735,293.09,5.50000000,1
1505760850,21791734,293.19,2.54220812,1
1505760843,21791729,293.47,0.35124099,1
1505760839,21791726,293.48,2.92486400,0
1505760839,21791725,293.48,2.30513600,0
1505760831,21791722,293.47,0.34821277,1
1505760831,21791721,293.47,1.56737873,1
1505760813,21791719,293.30,1.00000000,0
1505760801,21791714,293.45,0.76084000,1
1505760795,21791699,293.44,2.53486400,1
1505760793,21791694,293.44,2.30513600,1
1505760788,21791688,293.12,0.37211000,1
1505760787,21791686,293.12,1.56737873,0
1505760786,21791685,293.48,4.84000000,1
1505760786,21791684,293.77,0.33027127,1
1505760669,21791647,293.77,0.26972873,0
1505760641,21791633,293.46,0.05000000,0
1505760627,21791630,293.76,4.84000000,0
1505760625,21791629,293.77,4.73978000,0
1505760625,21791628,293.69,0.76022000,0
1505760526,21791553,293.46,10.30852763,0
1505760526,21791552,293.46,1.05000000,1
1505760526,21791551,293.46,5.76000000,1
1505760516,21791539,293.46,1.05000000,0
1505760516,21791538,293.46,6.76000000,0
1505760515,21791537,293.46,0.05000000,1
1505760514,21791535,293.46,6.76000000,1
1505760514,21791533,293.46,0.70109171,1
1505760514,21791532,293.46,0.29890829,1
1505760514,21791530,293.50,0.05000000,1
1505760500,21791515,293.65,0.05000000,1
1505760500,21791514,293.65,0.66096354,1
1505760499,21791513,293.66,0.76022000,1
1505760464,21791479,293.77,0.04415019,0
1505760460,21791476,293.99,0.08299602,1
1505760411,21791452,294.07,2.36756000,0
1505760408,21791449,294.07,8.02839200,0
1505760408,21791448,294.06,0.48000000,0
1505760401,21791440,294.07,0.33538943,0
1505760401,21791439,294.06,0.27842957,0
1505760401,21791438,294.05,0.75923000,0
1505760394,21791437,294.06,0.29157043,1
1505760381,21791432,294.06,0.68000000,1
1505760381,21791431,294.07,2.53934300,0
1505760370,21791422,294.07,1.28693453,0
1505760369,21791421,294.07,0.75923000,1
1505760369,21791420,294.07,1.11992020,1
1505760340,21791415,294.07,0.48000000,1
1505760298,21791391,294.48,2.21634629,0
1505760298,21791389,294.46,0.70109171,0
1505760297,21791388,294.46,0.29890829,0
1505760297,21791387,294.45,1.28439671,0
1505760278,21791369,294.45,0.07545582,0
1505760277,21791368,294.41,0.86953497,0
1505760277,21791367,294.41,0.97042621,0
1505760272,21791366,294.05,1.55513800,0
1505760226,21791348,294.41,0.08286000,0
1505760067,21791297,294.45,1.52528443,0
1505760062,21791291,294.39,0.05000000,0
1505759998,21791256,294.37,0.06043388,0
1505759998,21791254,294.37,4.74132600,0
1505759998,21791253,294.37,2.93513700,0
1505759945,21791236,294.37,2.26582421,1
1505759911,21791219,294.37,1.85317179,1
1505759911,21791218,294.34,0.72100400,0
1505759831,21791142,293.90,1.00000000,0
1505759749,21791017,293.65,0.11188193,1
1505759691,21790991,293.65,8.86285953,1
1505759574,21790924,293.66,0.72100400,1
1505759561,21790913,293.64,0.36429500,0
1505759524,21790892,293.64,0.39435500,0
1505759297,21790770,293.23,0.00209418,1
1505759297,21790769,293.27,0.13750582,1
1505759284,21790768,294.17,0.13029892,0
1505759284,21790767,294.14,0.05000000,0
1505759284,21790766,293.94,0.05000000,0
1505759284,21790765,293.79,0.05000000,0
1505759282,21790763,293.10,0.04000000,0
1505759282,21790762,293.10,0.05000000,0
1505759281,21790761,293.10,4.91000000,0
1505759251,21790751,293.79,1.04000000,0
1505759222,21790735,293.07,0.27213521,1
1505759222,21790734,293.07,0.75865000,1
1505759209,21790726,293.63,0.47721000,0
1505759208,21790724,293.63,0.28000000,0
1505759204,21790722,293.97,0.28026325,0
1505759202,21790721,293.06,0.90000000,1
1505759201,21790719,293.07,2.89317179,1
1505759190,21790708,293.64,0.53013895,0
1505759189,21790705,293.15,0.90167142,1
1505759189,21790704,293.24,0.05000000,1
1505759189,21790703,293.39,0.05000000,1
1505759188,21790702,293.64,0.53023500,1
1505759186,21790698,293.64,0.46976500,1
1505759177,21790692,293.75,0.58665532,1
1505759171,21790689,293.75,0.73115400,1
1505759122,21790660,293.80,4.65103320,1
1505759121,21790658,293.81,1.26441200,1
1505759120,21790657,293.81,0.10625480,1
1505759068,21790593,293.81,0.65095520,1
1505759056,21790580,294.29,2.05627103,0
1505758951,21790505,293.80,0.49000000,1
1505758865,21790396,293.74,0.65134177,1
1505758860,21790381,294.40,5.43328558,1
1505758859,21790379,294.34,0.24524205,0
1505758859,21790378,294.34,0.05000000,0
1505758859,21790377,294.31,5.50000000,0
1505758859,21790376,294.30,1.00000000,0
1505758859,21790375,294.28,4.84000000,0
1505758859,21790374,294.14,0.05000000,0
1505758837,21790338,293.99,0.05000000,0
1505758795,21790275,293.99,1.26441775,0
1505758785,21790271,294.53,2.75574644,0
1505758785,21790270,294.40,13.16755080,0
1505758785,21790269,294.38,14.32138612,0
1505758784,21790268,293.99,0.75674000,0
1505758784,21790267,293.98,2.46102401,0
1505758774,21790253,292.97,1.40119605,0
1505758772,21790251,293.75,0.66759068,1
1505758743,21790207,293.75,1.78122634,1
1505758737,21790200,294.01,0.38000000,0
1505758669,21790158,293.66,0.24524205,1
1505758669,21790157,293.81,0.05000000,1
1505758669,21790156,294.01,0.05000000,1
1505758667,21790153,294.02,0.75674000,1
1505758662,21790148,294.53,1.29144753,0
1505758662,21790147,294.37,0.05000000,0
1505758662,21790146,294.35,0.27150000,0
1505758662,21790144,294.10,1.33538247,0
1505758657,21790133,294.10,1.16461753,0
1505758612,21790069,294.16,4.92902000,0
1505758612,21790068,294.14,0.49000000,0
1505758607,21790057,294.15,1.16657637,0
1505758601,21790036,294.16,0.05000000,1
1505758588,21790029,294.36,0.58317000,0
1505758583,21790014,294.36,1.16572575,0
1505758528,21789946,293.71,3.41000000,1
1505758524,21789937,293.70,1.15480022,0
1505758523,21789935,293.71,0.27150000,1
1505758521,21789933,293.15,0.01446586,1
1505758521,21789932,293.15,1.92000000,0
1505758521,21789931,293.31,4.84000000,1
1505758521,21789930,293.60,1.00000000,1
1505758520,21789929,293.66,0.05000000,1
1505758520,21789928,293.70,0.61395704,1
1505758518,21789927,294.55,0.38266358,1
1505758455,21789876,294.57,0.58288352,0
1505758425,21789852,294.58,0.84652726,0
1505758384,21789791,294.55,4.84000000,1
1505758383,21789788,294.55,0.05000000,0
1505758383,21789787,294.55,1.34122200,0
1505758380,21789784,294.15,0.14137996,1
1505758328,21789722,294.55,3.23227500,0
1505758328,21789721,294.54,0.00003800,0
1505758323,21789715,294.54,0.75534200,0
1505758296,21789699,294.55,0.26650300,0
1505758294,21789696,294.00,1.38335072,0
1505758293,21789694,293.77,1.16000000,1
1505758291,21789692,294.00,0.10000000,1
1505758291,21789691,294.00,1.54664928,1
1505758288,21789690,294.25,2.67595001,1
1505758281,21789679,294.26,0.75538000,0
1505758281,21789678,294.25,1.00000000,1
1505758278,21789677,294.26,1.05328621,1
1505758276,21789676,294.77,0.04352546,0
1505758274,21789675,294.72,0.01016838,0
1505758270,21789669,294.25,1.32404999,0
1505758267,21789665,294.72,0.03983162,0
1505758267,21789664,294.71,0.10000000,0
1505758267,21789663,294.71,0.10000000,0
1505758267,21789662,294.71,0.10000000,0
1505758267,21789661,294.61,0.05000000,0
1505758266,21789659,294.60,1.00000000,0
1505758266,21789658,294.59,0.05000000,0
1505758266,21789657,294.58,0.10000000,0
1505758266,21789656,294.57,1.05217332,0
1505758266,21789655,294.46,0.10000000,0
1505758266,21789654,294.46,0.10000000,0
1505758266,21789653,294.46,0.10000000,0
1505758266,21789652,294.37,0.05000000,0
1505758266,21789651,294.29,0.05000000,0
1505758265,21789650,294.25,2.14465000,0
1505758245,21789640,294.25,1.22535000,0
1505758241,21789636,294.25,2.13000000,1
1505758219,21789627,294.04,0.05000000,0
1505758195,21789610,294.00,0.45335072,0
1505758180,21789585,294.00,5.99565500,0
1505758180,21789583,293.99,0.43534500,0
1505758169,21789564,293.99,0.13573500,0
1505758153,21789538,293.99,0.18503000,0
1505758118,21789509,294.00,7.83800000,0
1505758118,21789508,293.84,0.05000000,0
1505758118,21789507,293.69,0.05000000,0
1505758094,21789487,294.00,0.71299428,0
1505758093,21789486,293.89,0.00000009,0
1505758093,21789484,293.69,1.96696563,0
1505758076,21789472,293.69,5.50000000,1
1505758076,21789471,293.70,5.00000000,1
1505758056,21789460,293.89,4.70079400,0
1505758055,21789459,293.89,1.96919570,0
1505758055,21789457,293.84,0.00000030,0
1505758017,21789438,293.84,13.02687600,0
1505758014,21789434,293.84,2.10267731,0
1505758014,21789433,293.84,2.04247834,1
1505757981,21789394,293.88,0.63661353,1
1505757981,21789393,293.88,0.75611000,1
1505757980,21789392,294.25,0.00935647,1
1505757962,21789345,294.36,0.23012752,1
1505757957,21789339,294.36,0.05000000,0
1505757950,21789330,294.25,0.27120000,0
1505757947,21789323,294.33,0.10580424,0
1505757947,21789322,294.26,0.10000000,0
1505757947,21789321,294.26,0.10000000,0
1505757946,21789318,294.26,0.10000000,0
1505757946,21789317,294.16,0.05000000,0
1505757945,21789316,294.11,0.10000000,0
1505757945,21789315,294.11,0.10000000,0
1505757945,21789314,294.11,0.10000000,0
1505757945,21789313,294.01,0.05000000,0
1505757800,21789093,294.01,19.59704886,1
1505757799,21789091,294.01,0.08895114,1
1505757799,21789090,294.02,1.00217332,1
1505757798,21789088,294.02,0.05000000,0
1505757796,21789079,293.98,73.50400000,0
1505757796,21789076,293.97,6.81000000,0
1505757771,21789037,294.00,0.28046211,0
1505757769,21789035,294.02,1.29063747,1
1505757769,21789033,294.01,1.18936253,0
1505757768,21789032,294.01,0.28029103,0
1505757767,21789030,293.55,1.27834043,0
1505757767,21789029,293.55,0.52000000,1
1505757766,21789028,293.55,1.42715946,1
1505757766,21789027,293.92,0.27120000,1
1505757766,21789026,293.97,0.28039111,1
1505757764,21789023,294.33,0.17619678,0
1505757764,21789022,294.04,0.05000000,0
1505757764,21789021,294.04,0.28227905,0
1505757764,21789020,294.02,1.00000000,0
1505757763,21789019,294.02,0.05000000,0
1505757763,21789018,294.01,0.05000000,0
1505757763,21789017,294.01,10.67000000,1
1505757763,21789013,293.97,0.05000000,0
1505757762,21789012,293.97,0.00225583,0
1505757762,21789011,293.97,0.05000000,0
1505757762,21789009,293.91,0.28240069,0
1505757762,21789008,293.89,25.39200000,1
1505757761,21789006,293.80,0.05000000,0
1505757761,21789005,293.67,0.05000000,0
1505757761,21789004,293.67,0.05000000,0
1505757761,21789003,293.67,0.05000000,0
1505757760,21789002,293.67,0.05000000,0
1505757760,21789000,293.66,0.05000000,0
1505757760,21788999,293.64,0.05000000,0
1505757758,21788993,293.56,0.05000000,0
1505757755,21788988,293.55,1.16284054,1
1505757754,21788980,293.54,1.16253599,1
1505757753,21788977,293.54,9.17943027,1
1505757753,21788976,293.54,12.17994000,1
1505757753,21788975,293.55,4.51000000,1
1505757752,21788974,293.54,1.16253624,1
1505757751,21788966,293.55,1.16277249,1
1505757750,21788961,293.55,5.00000000,0
1505757750,21788956,293.54,10.63694362,1
1505757744,21788946,293.53,32.81684902,0
1505757739,21788926,293.53,6.28755779,0
1505757739,21788924,293.25,0.38243200,0
1505757733,21788901,293.53,2.63158791,0
1505757733,21788897,293.26,0.43494206,0
1505757728,21788877,292.75,0.38243200,1
1505757721,21788847,292.74,1.05982796,1
1505757721,21788846,292.99,0.00000052,1
1505757721,21788844,293.10,0.00022552,1
1505757716,21788832,293.10,0.04487854,1
1505757713,21788817,293.26,0.04505794,0
1505757699,21788779,293.54,0.28081590,0
1505757697,21788775,292.99,0.06960000,1
1505757696,21788774,293.54,5.50000000,0
1505757695,21788772,293.54,5.50000000,0
1505757694,21788770,293.54,3.22000000,0
1505757692,21788769,292.99,0.21183263,0
1505757690,21788768,293.54,6.20096068,1
1505757690,21788765,293.31,0.05000000,0
1505757690,21788764,293.30,0.05000000,0
1505757689,21788763,293.29,0.05000000,0
1505757689,21788762,293.16,0.05000000,0
1505757689,21788761,292.99,0.05000000,0
1505757688,21788760,292.96,0.05000000,0
1505757688,21788758,292.85,0.05000000,0
1505757688,21788757,292.81,0.05000000,0
1505757687,21788756,292.74,0.05000000,0
1505757687,21788755,292.61,0.05000000,0
1505757687,21788754,292.61,0.05000000,0
1505757685,21788753,292.54,0.05000000,0
1505757681,21788747,292.51,0.05000000,0
1505757678,21788744,292.45,0.05000000,0
1505757676,21788741,292.40,119.87606888,0
1505757665,21788731,292.40,4.00000000,0
1505757665,21788729,292.40,4.91743700,0
1505757663,21788728,292.40,49.47629000,0
1505757661,21788727,292.40,7.86271000,0
1505757661,21788721,292.40,2.09000000,0
1505757660,21788692,292.40,3.41000000,0
1505757659,21788668,292.40,15.01000000,0
1505757657,21788633,292.40,1.00000000,0
1505757650,21788627,292.39,0.05000000,1
1505757649,21788625,292.40,1.12591800,0
1505757649,21788622,292.39,0.11000000,1
1505757645,21788619,292.40,2.19276300,0
1505757644,21788617,292.40,2.40000000,0
1505757643,21788612,292.40,0.28900000,0
1505757643,21788610,292.40,0.29361663,0
1505757641,21788604,292.40,30.00000000,0
1505757641,21788602,292.40,3.98826949,0
1505757635,21788595,292.39,0.15000000,1
1505757632,21788592,292.39,0.22000000,0
1505757617,21788571,292.39,0.26980000,0
1505757603,21788548,292.40,1.04784541,0
1505757600,21788534,292.40,11.52004400,0
1505757599,21788533,292.39,0.47000000,0
1505757599,21788532,292.39,1.70353179,0
1505757576,21788516,292.39,1.49711272,0
1505757576,21788515,292.38,0.75145346,0
1505757508,21788445,292.39,3.49374031,0
1505757508,21788444,292.39,1.00000000,0
1505757508,21788442,292.26,0.05000000,0
1505757508,21788441,292.24,1.05857167,0
1505757507,21788438,292.13,2.72760745,0
1505757507,21788437,292.13,1.05857167,0
1505757472,21788411,292.13,5.93037346,0
1505757430,21788386,292.13,0.28344742,0
1505757430,21788384,292.06,0.05000000,0
1505757425,21788375,291.91,0.05000000,1
1505757355,21788321,291.91,0.00225583,1
1505757354,21788320,291.95,1.05857167,1
1505757298,21788291,291.96,0.38961446,1
1505757269,21788243,291.94,0.36183400,1
1505757262,21788230,292.39,1.70594070,0
1505757235,21788192,292.39,0.28227905,0
1505757233,21788190,292.40,0.28200102,0
1505757232,21788189,292.40,0.93071135,0
1505757231,21788188,292.39,0.75063614,0
1505757231,21788187,292.39,1.39936386,0
1505757231,21788186,292.26,0.05000000,0
1505757231,21788185,292.26,0.28399167,0
1505757230,21788184,292.10,0.05000000,0
1505757230,21788183,292.00,0.50000000,0
1505757230,21788182,292.00,1.00000000,0
1505757229,21788181,291.91,0.05000000,0
1505757228,21788180,291.90,3.41102928,0
1505757222,21788170,291.90,0.28240069,0
1505757220,21788169,291.90,2.16266000,0
1505757220,21788168,291.83,0.05000000,0
1505757219,21788167,291.80,0.05000000,0
1505757219,21788166,291.75,0.05000000,0
1505757202,21788131,291.61,0.05000000,1
1505757202,21788130,291.61,0.05000000,1
1505757201,21788129,291.61,0.05000000,1
1505757178,21788093,291.66,0.05000000,0
1505757178,21788092,291.66,0.05000000,0
1505757178,21788091,291.61,0.05000000,0
1505757176,21788088,291.56,0.05000000,0
1505757176,21788087,291.21,0.05000000,0
1505757155,21788052,291.20,20.00000000,0
1505757150,21788042,291.16,0.33453000,1
1505757123,21787991,291.16,6.81000000,1
1505757117,21787986,291.16,0.05000000,0
1505757117,21787985,291.16,0.05000000,0
1505757117,21787984,291.11,0.05000000,0
1505757117,21787983,291.10,7.47893577,0
1505757097,21787950,290.86,0.05000000,0
1505757085,21787938,290.71,0.05000000,0
1505757085,21787937,290.71,0.05000000,0
1505757085,21787936,290.70,0.65000000,0
1505757083,21787929,290.70,9.34667600,0
1505757069,21787908,290.66,0.05000000,0
1505757068,21787903,290.65,0.40656287,0
1505757068,21787902,290.51,0.05000000,0
1505757054,21787882,290.31,0.05000000,0
1505757047,21787867,290.31,0.05000000,0
1505757046,21787860,290.26,0.05000000,0
1505757046,21787859,290.22,0.10000000,0
1505757034,21787841,290.16,0.05000000,0
1505757032,21787838,290.05,0.28612791,0
1505757032,21787837,290.03,0.03447919,0
1505757032,21787836,289.96,0.05000000,0
1505757032,21787835,289.96,0.05000000,0
1505757032,21787834,289.96,0.28556683,0
1505757028,21787832,289.91,0.05000000,0
1505757026,21787828,289.69,1.08207672,0
1505757026,21787826,289.69,1.38443300,0
1505757025,21787824,289.69,0.28450667,0
1505757023,21787822,289.68,2.68000000,1
1505757022,21787818,289.69,4.05898361,0
1505757022,21787817,289.69,0.43101639,0
1505757020,21787816,289.69,0.35000000,0
1505757013,21787806,289.66,0.05000000,0
1505757013,21787804,289.66,0.05000000,0
1505757012,21787803,289.61,0.05000000,0
1505757012,21787802,289.59,0.00000564,0
1505757011,21787799,289.59,0.40921500,0
1505757001,21787787,289.59,5.32779700,0
1505756997,21787784,289.59,1.03335751,0
1505756992,21787782,289.59,2.32528747,0
1505756978,21787770,289.59,0.40922100,0
1505756978,21787769,289.41,0.05000000,0
1505756978,21787768,289.21,0.05000000,0
1505756975,21787765,289.11,0.05000000,1
1505756975,21787763,289.58,3.98805165,0
1505756960,21787752,289.59,0.68939917,0
1505756960,21787751,289.41,0.05000000,0
1505756960,21787749,289.36,0.05000000,0
1505756937,21787731,289.06,1.71755552,1
1505756937,21787730,289.07,0.81000000,1
1505756917,21787712,289.06,0.57746994,1
1505756917,21787711,289.07,0.89000000,1
1505756895,21787675,289.07,0.81386860,1
1505756889,21787669,289.30,2.06878673,0
1505756833,21787657,289.32,2.95000000,0
1505756831,21787654,289.21,0.05000000,0
1505756824,21787650,289.06,0.40951300,1
1505756824,21787648,289.07,1.17000000,1
1505756809,21787620,289.06,5.55970500,1
1505756809,21787619,289.07,0.74860500,1
1505756806,21787617,289.07,0.55139500,1
1505756775,21787581,289.06,6.11534145,1
1505756775,21787579,289.07,1.49000000,1
1505756751,21787560,289.07,0.05000000,1
1505756566,21787415,289.06,0.39619641,1
1505756566,21787414,289.07,1.68000000,1
1505756548,21787400,289.24,4.86663900,0
1505756548,21787399,289.23,1.33000000,0
1505756548,21787398,289.16,0.00336100,0
1505756547,21787395,289.16,0.04663900,0
1505756547,21787394,289.06,6.81000000,1
1505756546,21787392,289.06,6.81000000,1
1505756545,21787390,289.03,6.81000000,0
1505756545,21787389,289.01,0.05000000,0
1505756541,21787388,289.00,0.30175100,0
1505756522,21787372,289.05,0.58270300,0
1505756520,21787369,289.05,0.17784200,0
1505756520,21787368,289.05,6.81000000,0
1505756519,21787366,289.04,0.24400000,0
1505756508,21787354,289.06,0.21989800,0
1505756387,21787250,289.01,1.58000000,0
1505756382,21787237,289.02,3.37351982,0
1505756380,21787233,286.57,9.99129855,0
1505756380,21787230,286.58,14.17419293,0
1505756380,21787229,286.58,0.76055000,0
1505756379,21787225,287.80,0.01911100,1
1505756379,21787224,287.81,0.36000000,1
1505756379,21787223,288.26,5.50000000,1
1505756378,21787222,288.44,4.84000000,1
1505756378,21787221,288.64,2.07868777,1
1505756378,21787220,288.65,1.81000000,1
1505756377,21787219,288.65,0.24400000,0
1505756377,21787218,289.00,1.00000000,1
1505756377,21787217,289.03,2.74000000,0
1505756375,21787215,289.03,1.78215975,0
1505756361,21787195,289.57,4.17667575,0
1505756314,21787166,289.39,0.05000000,0
1505756310,21787163,289.19,0.05000000,0
1505756306,21787160,289.17,0.05000000,0
1505756301,21787153,289.04,0.05000000,0
1505756296,21787148,288.89,2.00000000,1
1505756290,21787140,288.89,1.00000000,0
1505756285,21787135,288.88,2.00000000,0
1505756281,21787095,288.77,0.05000000,0
1505756270,21787073,288.75,1.51871862,1
1505756262,21787063,288.75,0.76125000,0
1505756209,21787011,288.76,0.01897700,0
1505756208,21787010,288.76,0.01884500,0
1505756208,21787009,288.76,0.01871400,0
1505756208,21787008,288.76,0.01858600,0
1505756208,21787007,288.76,0.01845900,0
1505756207,21787006,288.76,0.01833400,0
1505756153,21786962,288.26,0.00002749,1
1505756147,21786948,288.26,0.76122251,1
1505756144,21786943,288.75,0.96000000,0
1505756143,21786941,288.76,0.96752320,1
1505756143,21786940,288.76,3.98247680,0
1505756142,21786939,288.75,6.81000000,0
1505756095,21786913,288.45,1.00000000,0
1505756091,21786901,288.38,2.08058811,0
1505756051,21786881,287.88,0.76227000,1
1505756047,21786879,287.88,0.09881714,1
1505756047,21786878,287.88,0.17858286,1
1505756046,21786875,287.88,2.58169300,0
1505756046,21786874,287.88,2.07972414,0
1505755983,21786817,287.42,0.28884635,0
1505755919,21786773,286.42,0.28978423,1
1505755918,21786771,287.45,0.00000014,1
1505755901,21786753,287.45,0.99999986,1
1505755901,21786752,287.48,0.76227000,1
1505755901,21786751,287.49,0.00000014,1
1505755900,21786750,287.49,2.07972400,1
1505755854,21786723,288.00,15.00000000,1
1505755769,21786606,287.00,0.17352014,0
1505755768,21786605,287.05,0.27740000,1
1505755766,21786603,288.34,1.24686191,1
1505755766,21786602,288.32,2.08102109,0
1505755765,21786601,288.32,3.00149700,0
1505755762,21786596,288.32,0.52850300,0
1505755761,21786593,288.33,5.78922251,0
1505755757,21786587,287.03,0.28923137,1
1505755754,21786582,288.36,0.09047288,0
1505755741,21786557,287.59,5.50000000,0
1505755740,21786552,287.82,4.84006680,1
1505755740,21786551,287.92,0.65993320,1
1505755739,21786550,288.74,2.70272441,0
1505755739,21786549,288.42,0.05000000,0
1505755739,21786547,288.12,0.05000000,0
1505755739,21786545,288.08,0.49000000,0
1505755739,21786544,287.87,0.05000000,0
1505755739,21786543,287.82,0.25947316,0
1505755738,21786542,287.82,0.48999500,0
1505755738,21786541,287.82,1.90984700,0
1505755738,21786532,287.82,2.84068484,0
1505755737,21786529,287.67,0.05000000,0
1505755737,21786527,287.61,0.05000000,0
1505755737,21786525,287.60,8.30931516,0
1505755731,21786520,287.52,0.05000000,1
1505755730,21786519,287.52,0.05000000,1
1505755730,21786518,287.52,0.05000000,1
1505755730,21786517,287.52,0.05000000,1
1505755730,21786516,287.52,0.05000000,1
1505755729,21786515,287.52,0.05000000,1
1505755729,21786514,287.52,0.05000000,1
1505755729,21786513,287.52,0.05000000,1
1505755721,21786506,287.52,0.00092014,1
1505755721,21786505,287.53,0.03316533,1
1505755696,21786379,287.52,0.05000000,0
1505755695,21786371,287.49,3.89101484,1
1505755694,21786367,287.49,0.09962831,0
1505755691,21786351,287.49,1.30636500,0
1505755690,21786347,287.48,0.28600000,1
1505755689,21786343,287.49,2.82997669,0
1505755689,21786341,287.49,0.60403000,0
1505755676,21786310,287.48,0.28871573,1
1505755675,21786307,287.49,0.18006180,0
1505755675,21786306,287.48,1.43095075,0
1505755674,21786304,287.48,3.40904925,0
1505755674,21786303,287.47,0.28873582,0
1505755673,21786302,287.46,0.00184620,0
1505755673,21786300,287.46,0.05773582,0
1505755673,21786299,287.41,0.23100000,0
1505755667,21786290,286.62,0.05958202,1
