date,tid,price,amount,type
1505779155,21805439,1.18998,838.58000,0
1505779070,21805304,1.18998,838.57000,0
1505779060,21805271,1.18999,3076.87894,0
1505779060,21805270,1.18999,302.99942,0
1505779060,21805269,1.18998,1.21815,0
1505779059,21805268,1.18997,60.70785,0
1505779057,21805264,1.18998,1517.71975,0
1505779055,21805262,1.18996,29.23152,1
1505779053,21805250,1.18997,1517.71975,0
1505779050,21805240,1.18995,1000.00000,0
1505779050,21805239,1.18994,520.00000,0
1505778316,21804795,1.18505,45.04452,1
1505778121,21804691,1.18500,51.11816,1
1505778121,21804688,1.18501,23.17421,1
1505778120,21804687,1.18502,19.47269,1
1505778120,21804686,1.18502,29.20904,1
1505778113,21804671,1.18501,362.06507,1
1505778113,21804668,1.18501,59.14074,1
1505778113,21804667,1.18502,14.80027,1
1505778111,21804663,1.18501,100.39172,1
1505778107,21804658,1.18510,14.80027,0
1505778071,21804630,1.18800,0.00292,1
1505778070,21804628,1.18800,92.24528,1
1505778070,21804627,1.18800,92.24820,1
1505778070,21804626,1.18800,92.24820,1
1505778070,21804625,1.18800,0.00002,1
1505778070,21804624,1.18800,92.24820,1
1505778068,21804623,1.18509,15.94179,0
1505778068,21804622,1.18508,76.30639,0
1505778064,21804621,1.18508,15.94180,0
1505778064,21804620,1.18508,15.94180,0
1505778057,21804605,1.18511,0.07966,1
1505778056,21804600,1.18511,15.85230,1
1505777834,21804405,1.18502,14.68222,1
1505777833,21804404,1.18502,27.67811,1
1505777833,21804403,1.18512,17.63967,1
1505777708,21804358,1.18578,0.10546,0
1505777706,21804357,1.18580,18.34409,1
1505776365,21803902,1.18998,3432.49606,0
1505776014,21803724,1.18996,314.12783,1
1505776013,21803722,1.18997,256.74877,0
1505776013,21803721,1.18996,0.00001,0
1505776012,21803714,1.18996,999.99999,0
1505774542,21802957,1.18964,210.14884,0
1505774249,21802674,1.18505,24.91508,0
1505774249,21802672,1.18502,197.64377,1
1505774249,21802671,1.18502,25.87578,1
1505774249,21802670,1.18507,24.91508,1
1505774229,21802644,1.18503,43.48461,1
1505774229,21802643,1.18515,24.97538,1
1505774142,21802562,1.18503,115.77413,1
1505774142,21802560,1.18524,28.07030,1
1505773664,21802149,1.18503,52.57708,1
1505773664,21802148,1.18528,17.42292,1
1505773401,21802047,1.18997,94.96000,0
1505772804,21801721,1.18997,1180.61719,0
1505772801,21801714,1.18997,198.01924,0
1505772718,21801616,1.18501,443.95189,1
1505772718,21801615,1.18502,30.56011,1
1505772708,21801592,1.18501,203.14260,1
1505772708,21801590,1.18501,47.62226,1
1505772706,21801582,1.18500,45.48413,1
1505772704,21801576,1.18501,26.41999,0
1505772702,21801575,1.18500,879.52898,1
1505772702,21801573,1.18500,757.23206,1
1505772702,21801572,1.18500,123.90572,1
1505772701,21801568,1.18501,335.58736,1
1505772694,21801554,1.18501,2630.58597,1
1505772694,21801551,1.18502,31.65165,1
1505772694,21801549,1.18503,790.00000,1
1505772495,21801303,1.18997,109.76373,0
1505772433,21801138,1.18998,253.90963,0
1505772429,21801122,1.18998,440.50736,0
1505772378,21801041,1.18997,396.45732,0
1505772146,21800285,1.18505,754.34135,1
1505772145,21800284,1.18523,37.65513,1
1505772071,21800199,1.18502,17.48599,1
1505772071,21800198,1.18505,42.51401,1
1505771986,21800127,1.18960,38.65015,1
1505771738,21800053,1.18883,830.96100,0
1505771737,21800051,1.18881,90.14246,0
1505771680,21800016,1.18510,47.33673,0
1505771680,21800015,1.18510,71.00510,0
1505771641,21799999,1.18500,0.62428,1
1505771641,21799998,1.18501,73.00611,1
1505771641,21799997,1.18540,48.67074,1
1505771428,21799867,1.18501,845.83680,1
1505771276,21799738,1.18883,169.03900,0
1505771276,21799734,1.18883,0.20050,0
1505770917,21799476,1.18500,4.03362,0
1505770917,21799475,1.18547,43.77611,0
1505770917,21799474,1.18547,65.66416,0
1505770915,21799471,1.18547,43.77611,1
1505770739,21799295,1.18884,44.25498,1
1505770738,21799290,1.18883,7.03677,1
1505770736,21799286,1.18883,37.42103,1
1505770736,21799285,1.18883,44.45780,1
1505770730,21799279,1.18503,203.68404,1
1505770730,21799277,1.18518,44.40251,1
1505770661,21799245,1.18532,44.89434,1
1505770660,21799244,1.18503,388.82000,1
1505770660,21799242,1.18531,44.89121,1
1505770445,21798738,1.18507,306.43882,1
1505770442,21798717,1.18549,36.55711,1
1505770114,21798431,1.18529,400.00000,1
1505770112,21798427,1.18526,331.15917,0
1505770111,21798425,1.18526,39.17082,1
1505769785,21798180,1.18503,11.36184,1
1505769785,21798179,1.18526,38.63816,1
1505769619,21798034,1.18909,109.21372,1
1505769619,21798032,1.18909,168.64920,1
1505769619,21798031,1.18909,116.91708,1
1505769619,21798029,1.18909,51.73212,1
1505769619,21798028,1.18909,63.35589,1
1505769618,21798024,1.18909,105.29331,1
1505769618,21798022,1.18909,168.64920,1
1505769618,21798021,1.18909,125.15749,1
1505769612,21798006,1.18909,8.88094,1
1505769612,21798005,1.18775,34.61077,0
1505769612,21798004,1.18775,168.64920,0
1505769611,21798002,1.18775,0.00003,0
1505769611,21798001,1.18758,168.64917,0
1505769608,21797996,1.18910,43.27083,1
1505769608,21797993,1.18910,8.87205,1
1505769606,21797984,1.18909,51.88000,1
1505769606,21797983,1.18909,0.00001,1
1505769605,21797980,1.18562,51.88079,0
1505769602,21797978,1.18562,0.26071,1
1505769601,21797973,1.18562,51.88217,1
1505769495,21797769,1.18528,60.14836,1
1505769494,21797767,1.18529,376.08409,1
1505769423,21797730,1.18503,61.12926,0
1505769420,21797724,1.18540,281.28650,1
1505769266,21797635,1.18624,67.24609,1
1505768793,21797225,1.18719,64.50613,1
1505768593,21797124,1.18999,552.04069,0
1505768268,21796958,1.18998,0.09860,0
1505768266,21796955,1.18998,19.62140,0
1505768192,21796912,1.18998,980.28000,0
1505767749,21796656,1.18997,637.93564,0
1505767372,21796475,1.18502,50.00000,1
1505767271,21796437,1.18502,50.00000,1
1505767026,21796315,1.18503,59.72554,1
1505766983,21796262,1.19013,85.62670,1
1505766983,21796261,1.19013,85.62670,1
1505766983,21796259,1.19013,85.62670,1
1505766982,21796256,1.19013,85.62667,1
1505766978,21796253,1.19011,0.00003,0
1505766978,21796251,1.19011,85.62670,0
1505766976,21796244,1.19013,1787.26866,1
1505766975,21796240,1.19013,82.67165,1
1505766974,21796238,1.19000,345.10369,0
1505766974,21796237,1.19000,904.89631,0
1505766974,21796236,1.19000,1310.14769,0
1505766973,21796235,1.19000,2215.04400,0
1505766973,21796234,1.19000,1452.22129,0
1505766973,21796232,1.18995,742.53449,0
1505766973,21796231,1.18993,20.28822,0
1505766895,21796126,1.18504,16.18647,1
1505766895,21796125,1.18507,8.33841,1
1505766895,21796124,1.18508,930.00000,1
1505766884,21796106,1.18993,0.00001,0
1505766884,21796104,1.18993,742.63196,0
1505766883,21796102,1.18993,245.17476,0
1505766883,21796101,1.18993,390.40477,0
1505766881,21796098,1.18995,67.42870,1
1505766881,21796097,1.18995,67.42870,1
1505766881,21796096,1.18995,67.42870,1
1505766881,21796095,1.18995,67.42870,1
1505766881,21796094,1.18995,67.42870,1
1505766881,21796091,1.18995,0.00299,1
1505766880,21796088,1.18996,15.30117,1
1505766880,21796085,1.18995,67.42571,1
1505766880,21796084,1.18995,67.42870,1
1505766879,21796081,1.18995,67.42870,1
1505766879,21796079,1.18995,67.42870,1
1505766879,21796078,1.18995,67.42870,1
1505766879,21796077,1.18995,67.42870,1
1505766879,21796076,1.18995,67.42870,1
1505766879,21796075,1.18995,67.42870,1
1505766879,21796074,1.18995,67.42870,1
1505766879,21796073,1.18995,0.00001,1
1505766877,21796072,1.18523,67.42869,0
1505766862,21796056,1.18526,15.56853,1
1505766858,21796052,1.18525,432.95296,1
1505766792,21796018,1.19000,89.07670,0
1505766792,21796017,1.19000,89.07670,0
1505766792,21796016,1.19000,89.07670,0
1505766791,21796015,1.19000,89.07670,0
1505766791,21796014,1.19000,89.07670,0
1505766791,21796013,1.19000,54.62087,0
1505766791,21796012,1.19000,34.45583,0
1505766791,21796011,1.19000,89.07670,0
1505766791,21796010,1.19000,89.07670,0
1505766790,21796009,1.19000,89.07670,0
1505766789,21796008,1.18503,62.08233,1
1505766789,21796004,1.19000,89.07670,0
1505766789,21796003,1.19000,89.07666,0
1505766789,21796002,1.18998,0.00004,0
1505766788,21796000,1.18998,89.07670,0
1505766785,21795997,1.18503,82.40357,1
1505766775,21795988,1.18552,12.31867,1
1505766336,21795731,1.19000,230.80619,0
1505766335,21795730,1.19000,6.77335,0
1505766335,21795729,1.19000,748.83000,0
1505766335,21795728,1.19000,1672.89368,0
1505766335,21795727,1.18999,373.14769,0
1505766335,21795726,1.18999,239.96999,0
1505765943,21795521,1.18523,50.00000,1
1505765907,21795503,1.19000,423.31146,0
1505765250,21795090,1.19000,319.00906,0
1505765250,21795089,1.18998,765.57929,0
1505765250,21795088,1.18926,145.10545,0
1505765250,21795087,1.18922,70.60576,0
1505765250,21795086,1.18917,177.13939,0
1505765250,21795085,1.18917,732.24799,0
1505765249,21795084,1.18900,2790.31306,0
1505765181,21795056,1.18900,674.42216,0
1505765180,21795055,1.18900,928.50894,0
1505765180,21795054,1.18900,1602.93110,0
1505765180,21795053,1.18900,1602.93110,0
1505765128,21795026,1.18900,29.93500,0
1505764842,21794822,1.18900,736.51100,0
1505764682,21794719,1.18900,1000.00000,0
1505764553,21794609,1.18900,83.63000,0
1505764550,21794603,1.18900,913.57292,0
1505764538,21794565,1.18900,1640.49554,0
1505764536,21794561,1.18899,1402.39219,0
1505764535,21794559,1.18899,294.07840,0
1505764504,21794519,1.18899,29.41340,0
1505764504,21794518,1.18899,29.41340,0
1505764504,21794517,1.18899,29.41340,0
1505764503,21794515,1.18899,29.41340,0
1505764503,21794514,1.18899,29.41340,0
1505764502,21794512,1.18899,29.41340,0
1505764502,21794511,1.18899,29.41340,0
1505764502,21794510,1.18899,29.41340,0
1505764501,21794509,1.18899,29.41340,0
1505764501,21794508,1.18899,29.41340,0
1505764500,21794507,1.18899,29.41340,0
1505764500,21794506,1.18899,29.41340,0
1505764499,21794505,1.18899,29.41340,0
1505764497,21794501,1.18899,29.41340,0
1505764497,21794499,1.18899,29.41340,0
1505764496,21794498,1.18899,29.41340,0
1505764496,21794497,1.18899,29.41340,0
1505764496,21794496,1.18899,29.41340,0
1505764495,21794495,1.18899,29.41340,0
1505764494,21794494,1.18899,29.41340,0
1505764494,21794493,1.18899,29.41340,0
1505764494,21794492,1.18899,29.41340,0
1505764493,21794491,1.18899,29.41340,0
1505764493,21794490,1.18899,29.41340,0
1505764492,21794488,1.18898,29.41340,0
1505764492,21794487,1.18898,29.41340,0
1505764260,21794343,1.18899,5.25274,0
1505764175,21794296,1.18283,5.00000,1
1505763625,21793967,1.18899,30.05920,0
1505763118,21793583,1.18899,332.99428,0
1505763118,21793582,1.18799,150.00000,0
1505763118,21793581,1.18798,60.80272,0
1505763093,21793568,1.18400,60.88682,1
1505763093,21793567,1.18400,57.63600,1
1505763092,21793566,1.18400,57.63600,1
1505763092,21793565,1.18400,57.63600,1
1505763092,21793563,1.18400,57.63600,1
1505763092,21793562,1.18400,57.63600,1
1505763092,21793561,1.18400,57.63600,1
1505763092,21793560,1.18400,57.63600,1
1505763092,21793558,1.18400,57.63600,1
1505763092,21793557,1.18400,57.63600,1
1505763091,21793554,1.18400,192.93770,1
1505762884,21793396,1.18415,0.19728,0
1505762871,21793376,1.18415,60.80272,0
1505762379,21793004,1.18900,57.63600,0
1505762379,21793003,1.18900,57.63600,0
1505762379,21793002,1.18900,57.63600,0
1505762378,21793001,1.18900,57.63600,0
1505762378,21793000,1.18900,57.63600,0
1505762378,21792999,1.18900,57.63600,0
1505762377,21792998,1.18900,57.63600,0
1505762377,21792997,1.18900,57.63600,0
1505762377,21792996,1.18900,57.63600,0
1505762377,21792995,1.18900,57.63600,0
1505762377,21792994,1.18899,57.63600,0
1505762377,21792993,1.18899,57.63600,0
1505762377,21792991,1.18899,57.63600,0
1505762377,21792989,1.18899,2.72000,0
1505762376,21792988,1.18800,54.91600,0
1505762376,21792987,1.18800,57.63600,0
1505762376,21792986,1.18800,37.44800,0
1505762376,21792985,1.18700,20.18800,0
1505762375,21792984,1.18700,57.63600,0
1505762375,21792983,1.18700,57.63600,0
1505762375,21792982,1.18700,57.63600,0
1505762375,21792981,1.18700,57.63600,0
1505762375,21792980,1.18700,57.63600,0
1505762375,21792979,1.18700,57.63600,0
1505762375,21792978,1.18700,57.63600,0
1505762374,21792977,1.18700,57.63600,0
1505762374,21792976,1.18700,57.63600,0
1505762374,21792975,1.18700,57.63600,0
1505762373,21792974,1.18700,57.63600,0
1505762373,21792973,1.18700,57.63600,0
1505762373,21792972,1.18700,57.63600,0
1505762373,21792971,1.18700,57.63600,0
1505762373,21792970,1.18700,57.63600,0
1505762373,21792969,1.18700,57.63600,0
1505762368,21792966,1.18700,57.63600,0
1505762269,21792918,1.18500,1000.00000,0
1505762006,21792785,1.18900,192.93770,0
1505762006,21792784,1.18899,160.00000,0
1505761967,21792721,1.18899,319.62465,0
1505761962,21792714,1.18899,619.49809,0
1505761831,21792628,1.18915,21.05400,0
1505761831,21792627,1.18915,21.05400,0
1505761830,21792626,1.18915,21.05400,0
1505761830,21792625,1.18915,21.05400,0
1505761829,21792624,1.18915,21.05400,0
1505761829,21792623,1.18915,21.05400,0
1505761828,21792621,1.18915,21.05400,0
1505761827,21792619,1.18915,21.05400,0
1505761827,21792616,1.18915,21.05400,0
1505761827,21792614,1.18915,21.05400,0
1505761826,21792611,1.18915,21.05400,0
1505761826,21792609,1.18913,21.05400,0
1505761826,21792607,1.18913,21.05400,0
1505761825,21792605,1.18913,21.05400,0
1505761825,21792602,1.18913,21.05400,0
1505761825,21792598,1.18912,21.05400,0
1505761825,21792597,1.18912,21.05400,0
1505761824,21792596,1.18912,21.05400,0
1505761824,21792595,1.18912,21.05400,0
1505761824,21792592,1.18912,21.05400,0
1505761824,21792590,1.18912,21.05400,0
1505761824,21792589,1.18912,21.05400,0
1505761823,21792588,1.18912,21.05400,0
1505761806,21792572,1.18912,32.96860,0
1505761806,21792571,1.18912,32.96860,0
1505761806,21792570,1.18912,32.96860,0
1505761805,21792569,1.18912,32.96860,0
1505761805,21792568,1.18912,32.96860,0
1505761637,21792478,1.18272,1000.00000,1
1505761621,21792446,1.18914,568.69423,0
1505761613,21792430,1.18912,1118.19328,0
1505761526,21792359,1.18268,0.01000,0
1505761524,21792355,1.18268,999.99000,0
1505761482,21792324,1.18909,765.94960,0
1505760858,21791782,1.18281,967.62998,0
1505760856,21791774,1.18282,7.24591,1
1505760854,21791759,1.18281,625.41720,1
1505760503,21791519,1.18915,253.18820,0
1505760503,21791518,1.18914,660.00000,0
1505760283,21791375,1.18306,90.00000,1
1505760213,21791345,1.18915,83.78786,0
1505759523,21790888,1.18267,35.96374,0
1505759522,21790887,1.18267,7.03626,1
1505758953,21790511,1.18271,72.89935,1
1505758953,21790510,1.18271,7.10065,1
1505758938,21790475,1.18269,142.85899,1
1505758938,21790474,1.18269,7.14101,1
1505758911,21790456,1.18916,700.45200,0
1505758659,21790141,1.18289,124.02675,1
1505758657,21790129,1.18919,730.00000,1
1505758655,21790126,1.18919,730.00000,0
1505758653,21790121,1.18287,1049.98859,1
1505758608,21790059,1.18272,366.91456,1
1505758607,21790056,1.18924,990.00000,1
1505758607,21790052,1.18924,282.13841,1
1505758607,21790051,1.18924,69.58791,1
1505758606,21790048,1.18924,82.33354,0
1505758606,21790047,1.18924,144.93124,0
1505758605,21790046,1.18922,411.00890,0
1505758605,21790042,1.18923,990.00000,0
1505758584,21790020,1.18926,48.16260,1
1505758584,21790017,1.18926,2.77377,1
1505758584,21790015,1.18926,45.38883,1
1505758583,21790013,1.18926,48.16260,1
1505758583,21790011,1.18926,48.16260,1
1505758583,21790009,1.18926,2.77376,1
1505758583,21790007,1.18926,45.38883,1
1505758582,21790005,1.18419,0.00001,0
1505758581,21790004,1.18419,48.16260,0
1505758555,21789986,1.18419,57.57463,1
1505758555,21789985,1.18419,23.78192,1
1505758553,21789982,1.18419,37.15681,1
1505758542,21789972,1.18419,416.34101,1
1505758542,21789971,1.18420,30.20896,1
1505758529,21789950,1.18449,88.71888,1
1505758527,21789945,1.18449,76.05090,1
1505758526,21789940,1.18448,256.33630,0
1505758525,21789938,1.18449,30.42369,1
1505758514,21789924,1.18443,76.05411,1
1505758455,21789877,1.18419,145.14563,1
1505758103,21789495,1.18296,773.98999,1
1505758103,21789494,1.18297,1350.00000,1
1505758047,21789454,1.18462,196.51999,1
1505757978,21789386,1.18428,1601.38413,1
1505757977,21789375,1.18427,460.06790,1
1505757800,21789092,1.18997,219.99000,0
1505757775,21789046,1.18997,49.93000,0
1505757775,21789045,1.18997,312.81000,0
1505757755,21788987,1.18975,7.33669,1
1505757754,21788981,1.18998,2262.08000,0
1505757754,21788979,1.18998,857.53886,0
1505757752,21788972,1.18998,114.80185,0
1505757751,21788971,1.18996,1000.00000,0
1505757751,21788969,1.18981,569.61149,0
1505757751,21788968,1.18981,82.25056,0
1505757751,21788967,1.18976,2188.90070,0
1505757751,21788965,1.18973,780.00000,0
1505757751,21788963,1.18971,4626.81793,0
1505757716,21788830,1.18889,294.65625,0
1505757709,21788812,1.18269,80.00000,1
1505757708,21788808,1.18864,12.90507,0
1505757707,21788803,1.18936,82.19810,1
1505757706,21788802,1.18936,82.19810,1
1505757706,21788801,1.18936,82.19810,1
1505757706,21788800,1.18936,82.19810,1
1505757706,21788799,1.18936,82.19810,1
1505757706,21788798,1.18936,81.94296,1
1505757705,21788796,1.18936,0.25514,1
1505757705,21788795,1.18936,81.94033,1
1505757705,21788793,1.18936,0.25777,1
1505757705,21788792,1.18936,82.19810,1
1505757705,21788791,1.18936,82.19810,1
1505757703,21788788,1.18936,82.19810,1
1505757703,21788787,1.18936,82.19807,1
1505757702,21788784,1.18877,0.00003,0
1505757702,21788783,1.18877,82.19810,0
1505757697,21788777,1.18879,12.98190,0
1505757674,21788738,1.18964,69.91160,1
1505757673,21788737,1.18964,69.91157,1
1505757673,21788736,1.18964,0.00003,0
1505757672,21788735,1.18964,69.91160,0
1505757672,21788734,1.18869,69.91160,0
1505757619,21788578,1.18966,296.39371,1
1505757617,21788574,1.18966,22.40419,1
1505757617,21788573,1.18966,318.79790,1
1505757617,21788572,1.18966,78.79791,1
1505757617,21788570,1.18861,51.96914,0
1505757616,21788569,1.18861,188.03085,0
1505757616,21788566,1.18860,78.79790,0
1505757599,21788531,1.18865,174.51090,0
1505757599,21788530,1.18864,1260.00000,0
1505757507,21788440,1.18264,1866.70865,1
1505757507,21788439,1.18265,355.25240,1
1505757507,21788436,1.18265,7.29136,1
1505757431,21788387,1.18296,0.00736,1
1505757430,21788385,1.18296,30.47441,1
1505757275,21788263,1.18264,3744.35531,1
1505757275,21788262,1.18265,295.12544,1
1505757272,21788253,1.18264,82.20735,1
1505757272,21788251,1.18265,18.47845,1
1505757272,21788250,1.18273,6.47235,1
1505757269,21788246,1.18265,0.68671,1
1505757269,21788245,1.18266,100.00000,1
1505757269,21788244,1.18272,6.47235,1
1505757252,21788220,1.18265,9.64278,1
1505757252,21788219,1.18265,17.28477,1
1505757252,21788218,1.18265,23.04635,1
1505757252,21788217,1.18266,190.00000,1
1505757252,21788216,1.18281,6.80874,1
1505757215,21788151,1.18983,521.60184,1
1505757214,21788149,1.18983,46.31664,1
1505757213,21788146,1.18895,38.82690,0
1505757213,21788145,1.18894,82.08152,0
1505757204,21788135,1.18983,41.56640,1
1505757204,21788134,1.18980,70.09390,0
1505757184,21788098,1.18295,11.28980,1
1505757173,21788080,1.18294,11.35725,1
1505757140,21788020,1.18287,11.27852,1
1505757068,21787901,1.18969,111.65934,1
1505757056,21787884,1.18965,112.00960,0
1505757055,21787883,1.18965,112.00960,0
1505757049,21787873,1.18969,111.66030,1
1505757049,21787872,1.18969,111.66030,1
1505757049,21787871,1.18970,14.59182,1
1505756930,21787725,1.18267,111.71688,0
1505756912,21787705,1.18267,130.00000,0
1505756909,21787701,1.18267,16.13858,0
1505756908,21787699,1.18267,240.00000,1
1505756908,21787698,1.18341,0.08070,1
1505756906,21787689,1.18341,16.05909,1
1505756588,21787420,1.18267,83.72459,1
1505756588,21787419,1.18315,16.27541,1
1505756516,21787360,1.18971,86.85230,0
1505756494,21787330,1.18956,86.85230,0
1505756401,21787264,1.18270,69.78947,1
1505756381,21787236,1.18265,442.90625,1
1505756380,21787235,1.18266,400.00000,1
1505756380,21787234,1.18336,18.66928,1
1505756201,21787004,1.18268,186.34409,1
1505756201,21787003,1.18276,18.79076,1
1505756159,21786972,1.18265,12.67928,1
1505756159,21786970,1.18265,47.40399,1
1505756159,21786969,1.18266,23.41606,1
1505756154,21786963,1.18274,491.51594,1
1505756151,21786959,1.18277,490.00000,1
1505756151,21786956,1.18278,23.55673,1
1505756106,21786920,1.18277,185.62000,1
1505756047,21786877,1.18463,396.01456,1
1505756047,21786876,1.18472,23.70200,1
1505756006,21786836,1.18559,23.84468,1
1505755842,21786713,1.18966,45.15130,0
1505755842,21786712,1.18966,45.15130,0
1505755842,21786711,1.18966,0.00002,0
1505755842,21786710,1.18850,45.15128,0
1505755784,21786633,1.18463,3603.98544,1
1505755784,21786631,1.18500,23.01265,1
1505755784,21786630,1.18500,5000.00000,1
1505755784,21786629,1.18500,454.40470,1
1505755784,21786628,1.18501,500.00000,1
1505755784,21786626,1.18501,89.75573,1
1505755784,21786625,1.18501,67.31680,1
1505755783,21786624,1.18502,470.00000,1
1505755783,21786623,1.18508,26.11548,1
1505755760,21786592,1.18962,1535.60057,1
1505755758,21786590,1.18588,0.00003,0
1505755758,21786589,1.18588,44.06971,0
1505755758,21786588,1.18587,1491.53089,0
1505755754,21786585,1.18587,44.06970,0
1505755754,21786583,1.18587,44.06970,0
1505755754,21786580,1.18587,44.06970,0
1505755746,21786563,1.18969,0.00506,1
1505755745,21786561,1.18969,45.14622,1
1505755738,21786535,1.18968,838.73730,1
1505755737,21786528,1.18968,234.29072,1
1505755737,21786524,1.18968,3926.97198,1
1505755712,21786480,1.19000,5000.00000,0
1505755712,21786479,1.19000,454.40470,0
1505755711,21786478,1.18980,6.77449,0
1505755711,21786477,1.18963,4000.00000,0
1505755711,21786476,1.18960,6.77564,0
1505755711,21786475,1.18950,6.77622,0
1505755711,21786473,1.18940,6.77679,0
1505755711,21786472,1.18930,6.77736,0
1505755711,21786471,1.18920,6.77794,0
1505755711,21786470,1.18910,6.77851,0
1505755711,21786469,1.18900,6.77909,0
1505755710,21786467,1.18890,6.77966,0
1505755710,21786464,1.18880,6.78024,0
1505755710,21786462,1.18870,6.78081,0
1505755710,21786459,1.18774,471.03855,0
1505755710,21786455,1.18774,3528.96145,0
1505755710,21786454,1.18763,1471.03855,0
1505755710,21786453,1.18763,2528.96145,0
1505755709,21786452,1.18750,688.71882,0
1505755709,21786451,1.18750,1451.08535,0
1505755709,21786450,1.18750,331.23438,0
1505755709,21786449,1.18750,845.66934,0
1505755709,21786448,1.18750,2633.12999,0
1505755708,21786447,1.18750,319.01058,0
1505755708,21786446,1.18750,21.75287,0
1505755708,21786445,1.18750,526.51163,0
1505755708,21786444,1.18750,203.03446,0
1505755708,21786443,1.18750,343.51347,0
1505755708,21786441,1.18750,107.37766,0
1505755707,21786440,1.18750,427.64137,0
1505755707,21786439,1.18750,145.12699,0
1505755707,21786438,1.18750,22.97870,0
1505755706,21786437,1.18750,535.30285,0
1505755706,21786435,1.18750,711.95998,0
1505755706,21786433,1.18750,1291.26999,0
1505755706,21786432,1.18750,55.60999,0
1505755706,21786431,1.18750,47.23999,0
1505755705,21786428,1.18750,135.86999,0
1505755705,21786427,1.18750,70.26999,0
1505755705,21786426,1.18750,492.62398,0
1505755705,21786425,1.18750,1064.10618,0
1505755705,21786424,1.18750,1957.85381,0
1505755705,21786422,1.18750,100.00000,0
1505755704,21786421,1.18750,109.48729,0
1505755704,21786419,1.18750,2570.26388,0
1505755704,21786415,1.18750,262.39502,0
1505755704,21786413,1.18750,4379.67035,0
1505755704,21786411,1.18750,5.64640,0
1505755704,21786410,1.18749,614.68325,0
1505755703,21786409,1.18750,3.39188,0
1505755703,21786407,1.18750,76.68499,0
1505755703,21786406,1.18750,581.97066,0
1505755702,21786405,1.18750,86.08326,0
1505755702,21786404,1.18750,481.11184,0
1505755702,21786403,1.18750,332.66000,0
1505755702,21786402,1.18750,686.95998,0
1505755702,21786401,1.18750,332.65999,0
1505755702,21786399,1.18750,2418.47740,0
1505755701,21786398,1.18750,2088.27053,0
1505755701,21786397,1.18750,343.51015,0
1505755701,21786396,1.18750,141.66392,0
1505755701,21786395,1.18732,530.00000,0
1505755701,21786394,1.18730,1896.55540,0
1505755701,21786393,1.18730,5000.00000,0
1505755689,21786342,1.18250,688.71882,1
1505755648,21786257,1.18250,1451.08535,1
1505755624,21786215,1.18250,1176.90372,1
1505755619,21786195,1.18250,2633.12999,1
1505755619,21786189,1.18250,319.01058,1
1505755613,21786169,1.18250,21.75287,1
1505755613,21786166,1.18250,526.51163,1
1505755609,21786143,1.18250,203.03446,1
1505755604,21786119,1.18250,343.51347,1
1505755601,21786112,1.18250,535.01903,1
1505755597,21786102,1.18250,145.12699,1
1505755596,21786099,1.18250,22.97870,1
1505755595,21786089,1.18250,535.30285,1
1505755595,21786086,1.18250,711.95998,1
1505755593,21786078,1.18250,1291.26999,1
1505755590,21786067,1.18250,55.60999,1
1505755584,21786050,1.18250,47.23999,1
1505755579,21786023,1.18250,135.86999,1
1505755505,21785881,1.18250,70.26999,1
1505755316,21785548,1.18250,492.62398,1
1505755313,21785543,1.18250,3021.95999,1
1505755311,21785541,1.18250,100.00000,1
1505755308,21785525,1.18250,109.48729,1
1505755306,21785515,1.18250,2570.26388,1
1505755299,21785495,1.18250,4642.06537,1
1505755291,21785473,1.18250,9.03828,1
1505755291,21785472,1.18251,1792.20342,1
1505755287,21785455,1.18251,540.62882,1
1505755284,21785444,1.18251,178.17801,1
1505755280,21785439,1.18251,178.17854,1
1505755277,21785433,1.18252,291.42792,1
1505755276,21785432,1.18250,76.68499,1
1505755276,21785426,1.18251,414.44893,1
1505755274,21785419,1.18251,725.14409,1
1505755267,21785391,1.18251,286.44823,1
1505755259,21785360,1.18251,668.66695,1
1505755249,21785320,1.18251,510.09957,1
1505755207,21785129,1.18251,507.25459,1
1505754796,21784669,1.18251,100.00000,1
1505754326,21784368,1.18252,148.75859,1
1505754066,21784107,1.18254,22.95000,1
1505754066,21784106,1.18254,57.05000,1
1505754062,21784101,1.18254,100.00000,1
1505754031,21784092,1.18289,77.99000,1
1505754031,21784091,1.18289,86.08000,1
1505754031,21784090,1.18289,135.93000,1
1505753862,21783949,1.18750,34.48905,0
1505753861,21783948,1.18750,48.61095,0
1505753768,21783859,1.18728,58.68089,1
1505753757,21783839,1.18574,0.00221,0
1505753757,21783838,1.18251,452.16000,1
1505753757,21783835,1.18574,452.16000,0
1505753754,21783828,1.18250,581.97066,1
1505753754,21783826,1.18251,83.41749,1
1505753754,21783824,1.18251,139.77185,1
1505753753,21783822,1.18574,3340.37109,0
1505753753,21783821,1.18572,452.15891,0
1505753683,21783748,1.18572,272.13290,0
1505753637,21783674,1.18250,86.08326,1
1505753628,21783662,1.18251,246.64490,0
1505753627,21783660,1.18250,481.11184,1
1505753626,21783658,1.18250,332.66000,1
1505753625,21783653,1.18250,686.95998,1
1505753625,21783652,1.18250,332.65999,1
1505753625,21783650,1.18250,4506.74793,1
1505753625,21783648,1.18251,272.56605,1
1505753564,21783604,1.18250,343.51015,1
1505753564,21783603,1.18251,301.20985,1
1505753511,21783523,1.18572,275.70819,0
1505753492,21783498,1.18251,145.04673,1
1505753361,21783260,1.18250,176.15297,1
1505753361,21783258,1.18251,239.30603,1
1505753359,21783254,1.18251,174.58627,1
1505753336,21783234,1.18250,48.61095,1
1505753336,21783233,1.18251,457.38905,1
1505753212,21783118,1.18066,75.90000,1
1505753212,21783117,1.18100,35.89000,1
1505752962,21782890,1.18070,278.42796,0
1505752457,21782392,1.18067,637.23396,0
1505752441,21782361,1.18066,78.59000,1
1505752439,21782360,1.18104,111.66000,1
1505752432,21782334,1.18065,415.16000,1
1505752431,21782328,1.18100,256.06061,1
1505752419,21782276,1.18094,170.21331,1
1505752271,21782166,1.18574,207.46670,0
1505752271,21782165,1.18563,1.01005,0
1505752267,21782159,1.18563,199.99519,0
1505752184,21782022,1.18563,2379.06000,0
1505752167,21781997,1.18024,412.43946,0
1505752164,21781990,1.18563,68.87000,0
1505752161,21781988,1.18563,68.95203,0
1505752155,21781974,1.18563,408.82000,0
1505752145,21781945,1.18563,870.76000,0
1505752145,21781944,1.18562,320.00000,0
1505752141,21781923,1.18563,2.53273,0
1505752140,21781921,1.18562,630.00000,0
1505752140,21781920,1.18500,17.81727,0
1505752139,21781914,1.18500,282.57885,0
1505752138,21781913,1.18500,30.17705,0
1505752138,21781910,1.18500,370.24295,0
1505752137,21781904,1.18500,2004.04387,0
1505752137,21781902,1.18500,796.95190,0
1505752134,21781891,1.18500,63.53113,0
1505752134,21781885,1.18500,681.75695,0
1505752133,21781877,1.18500,1210.12381,0
1505752131,21781869,1.18500,253.16456,0
1505752129,21781854,1.18500,1124.42932,0
1505752129,21781853,1.18500,1633.94068,0
1505752129,21781851,1.18499,1040.00000,0
1505752129,21781848,1.18479,0.05967,0
1505752126,21781808,1.18479,48.43000,1
1505752125,21781799,1.18481,2772.36830,0
1505752124,21781788,1.18481,1227.63170,0
1505752124,21781786,1.18479,48.43208,0
1505752123,21781785,1.18478,0.00622,0
1505752123,21781781,1.18478,5164.56000,0
1505751991,21781532,1.18479,325.67193,0
1505751965,21781493,1.18479,804.54000,1
1505751963,21781489,1.18479,362.27000,0
1505751926,21781375,1.18474,128.01310,1
1505751915,21781354,1.18472,127.02498,0
1505751913,21781349,1.18474,119.80505,0
1505751737,21781081,1.18001,80.00000,1
1505751728,21781077,1.18001,100.00000,0
1505751669,21780960,1.18000,330.57317,1
1505751668,21780953,1.18000,2374.28682,1
1505751667,21780949,1.18000,1542.23998,1
1505751667,21780944,1.18001,336.86034,1
1505751530,21780802,1.18001,372.26153,0
1505751525,21780800,1.18000,2587.71769,1
1505751523,21780795,1.18001,37.84549,1
1505751520,21780791,1.18000,1633.94068,1
1505751519,21780784,1.18001,1258.42779,1
1505751519,21780782,1.18001,411.38220,1
1505751515,21780766,1.18001,433.99999,1
1505751515,21780764,1.18001,198.86703,1
1505751446,21780708,1.17980,6.99647,0
1505751446,21780704,1.17980,355.88636,0
1505751445,21780702,1.17980,276.84000,0
1505751441,21780687,1.17980,168.44000,0
1505751440,21780681,1.17980,211.86000,0
1505751438,21780672,1.17980,174.94315,0
1505751437,21780669,1.17980,965.21000,0
1505751436,21780660,1.17980,6.78081,1
1505751436,21780658,1.17981,343.12321,1
1505751436,21780656,1.17982,490.00000,1
1505751264,21780491,1.18525,1681.04263,0
1505751263,21780487,1.18526,1678.99869,0
1505751237,21780459,1.18543,145.89088,0
1505751215,21780418,1.18557,99.50000,0
1505751079,21780172,1.17981,82.45999,1
1505751057,21780130,1.17981,202.94270,1
1505751057,21780129,1.17990,6.78024,1
1505751057,21780128,1.18000,6.77966,1
1505751057,21780127,1.18010,6.77909,1
1505751057,21780126,1.18020,6.77851,1
1505751056,21780125,1.18030,6.77794,1
1505751056,21780123,1.18040,6.77736,1
1505751056,21780122,1.18050,6.77679,1
1505751053,21780113,1.18060,6.77622,1
1505751051,21780106,1.18070,6.77564,1
1505751048,21780097,1.18073,0.00830,1
1505751047,21780094,1.18073,134.23052,1
1505751039,21780075,1.18073,406.57883,1
1505751026,21780050,1.18073,1381.32999,1
1505751025,21780038,1.18073,1170.94999,1
1505751018,21779990,1.18073,906.90237,1
1505751018,21779989,1.18074,210.37763,1
1505751017,21779987,1.18074,959.46999,1
1505750999,21779958,1.18074,181.64116,1
1505750998,21779952,1.18074,185.04498,1
1505750990,21779934,1.18074,169.04000,1
1505750976,21779908,1.18074,83.75239,1
1505750973,21779902,1.18074,204.28072,1
1505750969,21779895,1.18074,55.43280,1
1505750961,21779869,1.18074,31.46342,1
1505750960,21779858,1.18074,132.50475,1
1505750495,21779436,1.18074,80.00000,1
1505750485,21779390,1.18074,100.00000,1
1505750418,21779334,1.18074,74.40000,1
1505750410,21779326,1.18074,10.67889,1
1505750410,21779325,1.18075,63.63893,1
1505750146,21779033,1.18074,171.06328,1
1505749886,21778634,1.18074,67.33066,1
1505749868,21778577,1.18075,90.00000,1
1505749860,21778556,1.18075,292.10310,1
1505749778,21778473,1.18075,82.38902,1
1505749747,21778393,1.18075,657.02441,1
1505749644,21778306,1.18618,1084.73275,0
1505749626,21778278,1.18074,976.48933,1
1505749371,21777964,1.18074,306.91000,1
1505749361,21777952,1.18074,0.12000,1
1505749361,21777951,1.18075,180.00000,1
1505749265,21777825,1.18075,62.90891,1
1505749264,21777824,1.18090,6.77449,1
1505749264,21777823,1.18110,6.77335,1
1505749264,21777822,1.18130,6.77220,1
1505749264,21777821,1.18150,6.77105,1
1505749259,21777818,1.18275,573.26809,1
1505749249,21777813,1.18275,49.71249,1
1505749218,21777765,1.18275,292.13399,1
1505749200,21777711,1.18275,0.00001,0
1505749200,21777707,1.18275,87.40573,0
1505749198,21777702,1.18275,1234.24759,0
1505749196,21777698,1.18275,914.00686,0
1505749192,21777691,1.18275,912.90049,0
1505749187,21777687,1.18275,137.57877,0
1505749136,21777595,1.18275,125.83739,0
1505749131,21777571,1.18275,105.43492,0
1505749122,21777535,1.18275,93.50181,0
1505749120,21777530,1.18275,93.34643,0
1505749098,21777487,1.18275,49.72000,0
1505749091,21777477,1.18275,246.02000,0
1505749059,21777404,1.18274,426.45303,0
1505749059,21777403,1.18274,3.62956,0
1505749049,21777346,1.18274,835.79551,0
1505749014,21777251,1.18273,1616.98562,1
1505749012,21777243,1.18273,291.37108,1
1505749011,21777239,1.18273,1972.69999,1
1505748972,21777195,1.18273,118.94331,1
1505748972,21777194,1.18274,223.69618,1
1505748970,21777190,1.18274,293.75319,1
1505748969,21777182,1.18274,2037.76826,1
1505748954,21777137,1.18274,1444.78237,1
1505748954,21777136,1.18275,323.00261,1
1505748953,21777132,1.18275,516.42952,1
1505748833,21777007,1.18285,84.53384,1
1505748833,21777001,1.18284,84.53755,1
1505748832,21777000,1.18473,1586.70188,1
1505748829,21776995,1.18473,521.36774,1
1505748799,21776952,1.18473,1791.63186,1
1505748786,21776927,1.18473,49.61469,1
1505748784,21776922,1.18473,49.61469,1
1505748547,21776496,1.18506,197.87883,0
1505748546,21776492,1.18506,302.12117,0
1505748496,21776381,1.18506,267.47996,0
1505748478,21776335,1.18501,360.49483,0
1505748391,21776200,1.18473,1.06914,1
1505748390,21776197,1.18500,1478.34599,1
1505748390,21776196,1.18500,56.43487,1
1505748352,21776067,1.18500,662.89000,1
1505748318,21775919,1.18500,85.94000,1
1505748314,21775911,1.18501,30.68944,0
1505748299,21775866,1.18500,64.70825,1
1505748295,21775850,1.18500,23.16315,1
1505748292,21775842,1.18500,326.67986,1
1505748290,21775828,1.18500,1025.14553,1
1505748289,21775825,1.18500,212.62017,1
1505748289,21775822,1.18500,278.37215,1
1505748288,21775815,1.18500,747.27878,1
1505748288,21775810,1.18500,388.86297,1
1505748288,21775804,1.18500,410.75182,1
1505748287,21775803,1.18500,185.48100,1
1505748286,21775795,1.18500,419.57102,1
1505748285,21775793,1.18500,1344.92115,1
1505748285,21775791,1.18500,30.45939,1
1505748283,21775780,1.18500,371.25513,1
1505748280,21775766,1.18500,154.05853,1
1505748280,21775764,1.18500,1488.85000,1
1505748280,21775761,1.18501,5115.60821,1
1505748280,21775759,1.18502,440.00000,1
1505748277,21775745,1.18502,326.21359,1
1505748265,21775698,1.18502,237.26108,1
1505748264,21775697,1.18502,308.26741,1
1505748263,21775690,1.18500,397.44000,1
1505748263,21775686,1.18501,359.83492,1
1505748258,21775655,1.18500,70.24905,1
1505748258,21775652,1.18500,7.63339,1
1505748257,21775642,1.18502,63.16000,1
1505748256,21775638,1.18981,171.78285,0
1505748212,21775479,1.18508,17.23999,0
1505748164,21775367,1.18502,100.00000,1
1505748151,21775331,1.18501,6.59214,1
1505748151,21775330,1.18502,1330.00000,1
1505748118,21775248,1.18508,79.58000,0
1505748118,21775247,1.18503,16.40636,0
1505748105,21775208,1.18502,108.88209,1
1505748094,21775185,1.18502,17.04441,1
1505748093,21775180,1.18502,16.40636,1
1505748050,21775117,1.18507,145.74298,0
1505747957,21774990,1.18501,129.65000,1
1505747951,21774963,1.18507,89.88702,1
1505747950,21774960,1.18507,251.27001,1
1505747921,21774903,1.18508,110.38247,1
1505747868,21774871,1.18683,179.52739,1
1505747867,21774870,1.18683,288.79210,1
1505747867,21774867,1.18683,178.66999,1
1505747864,21774862,1.18683,290.41561,1
1505747801,21774800,1.18683,852.32000,1
1505747799,21774792,1.18683,70.12688,1
1505747797,21774788,1.18683,161.56000,1
1505747797,21774787,1.18683,92.24253,1
1505747685,21774664,1.18683,568.67404,1
1505747580,21774448,1.19050,824.13538,0
1505747580,21774447,1.19040,6.77105,0
1505747580,21774446,1.19020,6.77220,0
1505747577,21774438,1.19000,6.77335,0
1505747577,21774437,1.19000,3.23864,0
1505747558,21774383,1.19000,4282.84755,0
1505747558,21774380,1.19000,2505.74622,0
1505747558,21774379,1.19000,111.75726,0
1505747548,21774339,1.19000,199.05047,0
1505747546,21774328,1.19000,1886.29000,0
1505747544,21774310,1.18999,15.01055,0
1505747544,21774308,1.18999,684.73000,0
1505747536,21774261,1.18999,129.01000,0
1505747534,21774242,1.18999,83.01000,0
1505747533,21774233,1.18999,486.98074,0
1505747515,21774186,1.19000,156.22225,0
1505747508,21774169,1.19000,140.93380,0
1505747508,21774167,1.19000,116.68624,0
1505747506,21774160,1.19000,383.31376,0
1505747506,21774159,1.18999,898.05210,0
1505747506,21774158,1.18980,6.77449,0
1505747505,21774157,1.18973,4000.00000,0
1505747505,21774156,1.18960,6.77564,0
1505747505,21774155,1.18950,6.77622,0
1505747505,21774154,1.18940,6.77679,0
1505747505,21774153,1.18930,6.77736,0
1505747505,21774151,1.18920,6.77794,0
1505747505,21774150,1.18910,6.77851,0
1505747505,21774149,1.18900,6.77909,0
1505747504,21774147,1.18890,6.77966,0
1505747504,21774146,1.18881,0.00831,0
1505747489,21774099,1.18881,523.99000,0
1505747486,21774089,1.18881,2471.45000,0
1505747447,21774027,1.18881,464.18589,0
1505747445,21774019,1.18881,464.00604,0
1505747442,21774017,1.18881,76.35976,0
1505747442,21774016,1.18880,6.78024,0
1505747441,21774012,1.18798,257.99138,0
1505747439,21774008,1.18798,364.89519,0
1505747416,21773961,1.18798,134.10000,0
1505747384,21773884,1.18773,3415.85522,0
1505747384,21773882,1.18773,311.24732,0
1505747383,21773876,1.18773,272.89746,0
1505747380,21773858,1.18750,53.75915,0
1505747380,21773856,1.18750,272.52282,0
1505747379,21773855,1.18750,347.13903,0
1505747379,21773854,1.18750,239.19950,0
1505747379,21773852,1.18750,664.24872,0
1505747379,21773851,1.18750,221.03588,0
1505747379,21773850,1.18750,89.58986,0
1505747378,21773848,1.18750,531.16679,0
1505747378,21773846,1.18681,2697.55429,0
1505747373,21773816,1.18681,257.14728,0
1505747372,21773809,1.18681,527.48845,0
1505747369,21773783,1.18681,177.37000,0
1505747368,21773776,1.18681,255.39998,0
1505747367,21773767,1.18680,251.14501,1
1505747364,21773752,1.18680,461.36659,0
1505747363,21773748,1.18680,252.78059,0
1505747363,21773747,1.18680,167.47847,0
1505747356,21773718,1.18681,85.04000,0
1505747356,21773715,1.18680,567.38949,0
1505747355,21773712,1.18680,333.02906,0
1505747355,21773710,1.18573,4000.00000,0
1505747355,21773706,1.18572,440.00000,0
1505747354,21773701,1.18500,53.49821,0
1505747353,21773699,1.18500,62.66198,0
1505747349,21773683,1.18500,338.68027,0
1505747348,21773681,1.18500,202.76781,0
1505747348,21773680,1.18500,4.37126,0
1505747347,21773675,1.18500,68.57242,0
1505747346,21773667,1.18500,757.63260,0
1505747346,21773665,1.18500,134.53691,0
1505747346,21773664,1.18500,186.39819,0
1505747345,21773660,1.18500,43.35000,0
1505747344,21773651,1.18500,206.12772,0
1505747342,21773642,1.18500,0.06176,0
1505747341,21773640,1.18500,206.06750,0
1505747340,21773630,1.18500,329.28242,0
1505747340,21773628,1.18500,80.09288,0
1505747337,21773607,1.17992,462.97000,1
1505747336,21773602,1.18500,346.88218,0
1505747336,21773599,1.18500,82.85000,0
1505747336,21773597,1.18500,382.18500,0
1505747336,21773596,1.18500,100.00000,0
1505747336,21773593,1.18500,212.76471,0
1505747335,21773591,1.18500,167.26426,0
1505747335,21773588,1.18500,470.34129,0
1505747335,21773587,1.18500,113.87000,0
1505747335,21773586,1.18500,196.38445,0
1505747334,21773581,1.18500,273.95684,0
1505747334,21773575,1.18500,151.78000,0
1505747334,21773573,1.18500,291.69692,0
1505747333,21773571,1.18500,288.45758,0
1505747333,21773568,1.18500,253.16456,0
1505747332,21773557,1.18500,273.33996,0
1505747332,21773555,1.18500,21.32790,0
1505747331,21773548,1.18500,740.74609,0
1505747330,21773546,1.18500,4259.25391,0
1505747330,21773543,1.18500,492.77023,0
1505747328,21773536,1.18500,243.67046,0
1505747328,21773534,1.18500,62.09484,0
1505747328,21773532,1.18500,263.33743,0
1505747327,21773526,1.18500,271.79449,0
1505747326,21773525,1.17989,676.03842,1
1505747326,21773523,1.18500,121.93749,0
1505747326,21773521,1.18500,136.69526,0
1505747325,21773519,1.18500,310.46998,0
1505747325,21773518,1.18500,43.08579,0
1505747325,21773513,1.18500,569.10273,0
1505747324,21773512,1.18500,1672.36461,0
1505747321,21773497,1.18500,83.44843,0
1505747321,21773492,1.18500,233.07784,0
1505747320,21773482,1.18500,396.92644,0
1505747320,21773481,1.18500,587.50605,0
1505747318,21773471,1.18500,338.23669,0
1505747317,21773467,1.18500,70.20800,0
1505747315,21773440,1.18500,735.44972,0
1505747314,21773429,1.18500,260.99722,0
1505747314,21773423,1.18500,1074.16834,0
1505747313,21773411,1.18500,121.05000,0
1505747313,21773408,1.18500,6.12145,0
1505747313,21773407,1.18500,79.55855,0
1505747312,21773403,1.18500,1173.11907,0
1505747312,21773402,1.18500,1344.82434,0
1505747312,21773399,1.18500,247.53390,0
1505747311,21773397,1.18500,127.22000,0
1505747311,21773396,1.18500,38.80269,0
1505747311,21773394,1.18500,169.26131,0
1505747310,21773390,1.18500,94.12561,0
1505747310,21773387,1.18500,100.74000,0
1505747310,21773384,1.18500,104.70000,0
1505747310,21773383,1.18500,99.59999,0
1505747309,21773380,1.18500,896.27997,0
1505747309,21773378,1.18500,460.81995,0
1505747309,21773377,1.18500,624.03999,0
1505747309,21773374,1.18500,202.88636,0
1505747309,21773372,1.18500,67.63364,0
1505747308,21773370,1.18500,17.79636,0
1505747308,21773368,1.18500,1760.09851,0
1505747308,21773366,1.18500,275.87004,0
1505747307,21773364,1.18500,322.85996,0
1505747307,21773363,1.18500,57.60000,0
1505747307,21773362,1.18500,475.92512,0
1505747307,21773361,1.18500,699.65000,0
1505747307,21773359,1.18500,61.88559,0
1505747306,21773357,1.18499,410.00000,0
1505747306,21773355,1.18499,664.54875,0
1505747305,21773343,1.18500,142.18862,0
1505747304,21773340,1.18500,242.22355,0
1505747304,21773338,1.18499,448.55396,0
1505747303,21773330,1.18499,351.44604,0
1505747302,21773326,1.18500,35.74227,0
1505747302,21773323,1.18500,105.77079,0
1505747302,21773318,1.18500,140.52977,0
1505747301,21773312,1.18500,253.16456,0
1505747300,21773302,1.17987,374.99000,1
1505747299,21773299,1.18500,523.81485,0
1505747299,21773296,1.18500,523.81485,0
1505747298,21773291,1.18500,374.99000,0
1505747298,21773288,1.17986,227.64634,1
1505747298,21773287,1.18460,293.60366,1
1505747297,21773275,1.18500,95.58515,0
1505747296,21773271,1.18500,110.11190,0
1505747294,21773257,1.18500,62.89066,0
1505747294,21773249,1.18500,515.16344,0
1505747293,21773244,1.18499,285.51268,0
1505747292,21773229,1.18500,62.43400,0
1505747292,21773227,1.18500,504.03865,0
1505747292,21773225,1.18500,62.43400,0
1505747291,21773223,1.18500,185.26735,0
1505747291,21773220,1.18500,1284.31907,0
1505747291,21773217,1.18500,731.64714,0
1505747290,21773215,1.18500,19.75285,0
1505747290,21773214,1.18500,1206.94715,0
1505747290,21773213,1.18500,729.64284,0
1505747290,21773210,1.18500,982.58911,0
1505747289,21773209,1.18500,296.27999,0
1505747289,21773204,1.18500,41.91121,0
1505747289,21773202,1.18500,0.25255,0
1505747289,21773201,1.18500,1769.28177,0
1505747289,21773200,1.18500,90.63173,0
1505747288,21773197,1.18500,112.49999,0
1505747288,21773194,1.18500,120.03828,0
1505747288,21773190,1.18500,92.33886,0
1505747288,21773187,1.18500,93.35011,0
1505747285,21773172,1.18499,4997.60467,0
1505747285,21773169,1.18499,292.13864,0
1505747284,21773160,1.18499,1.46502,0
1505747284,21773158,1.18499,176.75066,0
1505747282,21773145,1.18499,571.04849,0
1505747279,21773125,1.18498,255.88064,0
1505747278,21773114,1.18500,1589.88690,0
1505747278,21773113,1.18500,1806.05261,0
1505747278,21773110,1.18500,1.72833,0
1505747277,21773108,1.18500,111.30080,0
1505747277,21773107,1.18499,1210.00000,0
1505747275,21773096,1.18460,283.59329,0
1505747275,21773094,1.18460,357.23171,0
1505747275,21773090,1.17984,241.42123,1
1505747275,21773088,1.18464,2376.85018,1
1505747275,21773087,1.18474,253.22012,1
1505747274,21773083,1.18500,7.11446,0
1505747274,21773081,1.18500,108.82449,0
1505747273,21773080,1.18500,6.37878,0
1505747273,21773076,1.18500,90.29069,0
1505747272,21773071,1.18500,221.76999,0
1505747272,21773069,1.18500,35.73239,0
1505747272,21773067,1.18500,386.74047,0
1505747271,21773062,1.18500,67.54952,0
1505747271,21773061,1.18500,240.08475,0
1505747271,21773059,1.18500,90.56204,0
1505747271,21773056,1.18500,854.11999,0
1505747270,21773054,1.18500,90.51478,0
1505747270,21773052,1.18500,665.91526,0
1505747270,21773051,1.18500,377.75999,0
1505747270,21773049,1.18500,1221.12503,0
1505747270,21773047,1.18500,1293.85816,0
1505747269,21773044,1.18500,29.99048,0
1505747269,21773038,1.18500,284.11000,0
1505747268,21773033,1.18500,9.23101,0
1505747268,21773028,1.18499,61.67127,0
1505747268,21773019,1.18499,861.56248,0
1505747268,21773016,1.18474,1.05460,0
1505747262,21772993,1.18474,377.13768,0
1505747260,21772992,1.18464,1305.92878,1
1505747260,21772990,1.18464,553.74931,1
1505747259,21772986,1.18464,566.66069,1
1505747254,21772973,1.18461,286.52173,0
1505747252,21772960,1.18462,1366.17977,0
1505747251,21772956,1.18464,287.41395,0
1505747250,21772951,1.18468,568.48409,0
1505747227,21772886,1.18474,81.24000,0
1505747226,21772882,1.18429,539.56690,1
1505747179,21772763,1.17981,122.85000,1
1505747152,21772682,1.17981,82.42000,1
1505747123,21772578,1.17981,3166.20410,1
1505747123,21772576,1.17982,570.57249,1
1505747123,21772575,1.17990,6.78024,1
1505747123,21772574,1.17995,828.63022,1
1505747122,21772571,1.17995,171.36978,1
1505747120,21772564,1.17998,3.84411,1
1505747118,21772555,1.17998,85.10193,1
1505747118,21772552,1.17998,911.05396,1
1505747115,21772543,1.18000,657.60827,1
1505747110,21772531,1.18000,830.57628,1
1505747107,21772522,1.18000,570.47458,1
1505747096,21772499,1.18000,962.32498,1
1505747095,21772493,1.18000,82.85000,1
1505747093,21772483,1.18000,382.18500,1
1505747088,21772470,1.18001,530.66500,1
1505747086,21772466,1.18000,100.00000,1
1505747039,21772318,1.18001,70.49999,1
1505747021,21772248,1.18001,58.53000,1
1505747014,21772213,1.18001,513.11000,1
1505746961,21772096,1.18001,417.78460,1
1505746932,21772044,1.18000,380.02897,1
1505746927,21772031,1.18000,470.34129,1
1505746923,21772016,1.18000,113.87000,1
1505746922,21771996,1.18000,470.34129,1
1505746911,21771978,1.18000,151.78000,1
1505746908,21771964,1.18001,469.76735,1
1505746901,21771935,1.18000,291.69692,1
1505746899,21771926,1.18001,569.87823,1
1505746888,21771871,1.18001,386.82999,1
1505746884,21771845,1.18001,76.44771,1
1505746789,21771582,1.18001,215.08393,1
1505746426,21771110,1.18471,63.98000,0
1505746416,21771106,1.18472,289.40965,0
1505746415,21771104,1.18444,289.32502,1
1505746350,21771017,1.18474,125.63000,0
1505746349,21771013,1.18469,243.54736,0
1505746347,21771005,1.18471,2246.07707,0
1505746346,21771002,1.18474,414.93772,0
1505746345,21770993,1.18472,253.22439,1
1505746343,21770977,1.18472,574.85464,0
1505746328,21770956,1.18473,120.83033,1
1505746324,21770940,1.18472,57.30002,0
1505746318,21770918,1.18472,91.17000,0
1505746310,21770906,1.18472,107.57000,0
1505746302,21770879,1.18471,248.67079,0
1505746221,21770549,1.18000,836.29000,1
1505746180,21770357,1.18000,5000.00000,1
1505746175,21770340,1.18000,736.44069,1
1505746174,21770332,1.18000,62.09484,1
1505746168,21770297,1.18000,657.06941,1
1505746167,21770289,1.18000,136.69526,1
1505746162,21770265,1.18000,310.46998,1
1505746161,21770258,1.18000,2998.00584,1
1505746161,21770253,1.18000,995.95074,1
1505746160,21770244,1.18000,996.44694,1
1505746158,21770239,1.18000,1201.33979,1
1505746157,21770233,1.18000,1252.67762,1
1505746154,21770219,1.18000,1344.82434,1
1505746153,21770212,1.18000,247.53390,1
1505746152,21770208,1.18000,127.22000,1
1505746151,21770199,1.18000,208.06400,1
1505746150,21770187,1.18000,94.12561,1
1505746149,21770183,1.18000,100.74000,1
1505746147,21770174,1.18000,104.70000,1
1505746146,21770128,1.18000,99.59999,1
1505746145,21770120,1.18000,896.27997,1
1505746141,21770060,1.18000,460.81995,1
1505746140,21770054,1.18000,624.03999,1
1505746138,21770046,1.18000,270.52000,1
1505746132,21770012,1.18000,1777.89487,1
1505746130,21770004,1.18000,275.87004,1
1505746130,21770001,1.18000,322.85996,1
1505746129,21769999,1.18000,57.60000,1
1505746125,21769972,1.18000,475.92512,1
1505746124,21769962,1.18000,699.65000,1
1505746114,21769905,1.18000,482.04003,1
1505746114,21769903,1.18000,1023.27997,1
1505746111,21769877,1.18000,994.39000,1
1505746109,21769867,1.18000,750.60000,1
1505746108,21769861,1.18000,751.74000,1
1505746106,21769847,1.18000,1284.31907,1
1505746105,21769845,1.18001,219.26322,1
1505746105,21769844,1.18003,242.00771,1
1505746102,21769829,1.18000,731.64714,1
1505746101,21769823,1.18000,19.75285,1
1505746100,21769822,1.18000,1206.94715,1
1505746099,21769817,1.18000,729.64284,1
1505746098,21769804,1.18000,982.58911,1
1505746098,21769802,1.18001,0.00412,1
1505746092,21769776,1.18001,242.30304,1
1505746070,21769701,1.18000,296.27999,1
1505746070,21769696,1.18001,162.56030,1
1505746057,21769641,1.18440,931.40320,0
1505746057,21769639,1.18440,369.02092,0
1505746048,21769597,1.18000,41.91121,1
1505746045,21769582,1.18000,0.25255,1
1505746045,21769580,1.18001,48.45270,1
1505746042,21769553,1.18001,90.82246,1
1505746039,21769542,1.18001,90.78666,1
1505746037,21769529,1.18000,1769.28177,1
1505746037,21769528,1.18001,230.06182,1
1505745965,21769378,1.18001,90.36011,1
1505745965,21769373,1.18001,90.44999,1
1505745862,21769157,1.18000,90.63173,1
1505745861,21769149,1.18000,112.49999,1
1505745859,21769134,1.18000,120.03828,1
1505745859,21769132,1.18001,296.65924,1
1505745853,21769100,1.18000,92.33886,1
1505745852,21769098,1.18001,214.59022,1
1505745852,21769097,1.18001,90.69389,1
1505745826,21769058,1.18000,1683.23701,1
1505745825,21769055,1.18000,1806.05261,1
1505745816,21769045,1.18000,1.72833,1
1505745816,21769044,1.18001,337.36674,1
1505745787,21769007,1.18001,90.64137,1
1505745726,21768918,1.18000,118.41526,1
1505745722,21768909,1.18000,108.82449,1
1505745722,21768899,1.18001,3.21404,0
1505745722,21768895,1.18001,272.60397,0
1505745721,21768892,1.18001,32.19854,0
1505745717,21768879,1.18000,6.37878,1
1505745714,21768874,1.18000,90.29069,1
1505745711,21768866,1.18000,221.76999,1
1505745710,21768863,1.18000,35.73239,1
1505745710,21768861,1.18001,54.88902,1
1505745709,21768857,1.18001,249.91526,1
1505745706,21768839,1.18000,454.28999,1
1505745704,21768836,1.18000,240.08475,1
1505745703,21768828,1.18000,90.56204,1
1505745702,21768825,1.18000,854.11999,1
1505745699,21768808,1.18000,90.51478,1
1505745697,21768803,1.18001,336.83619,1
1505745691,21768769,1.18000,665.91526,1
1505745688,21768755,1.18000,377.75999,1
1505745687,21768753,1.18000,1221.12503,1
1505745687,21768752,1.18001,272.23496,1
1505745683,21768738,1.18001,100.00000,1
1505745672,21768707,1.18001,325.49999,1
1505745659,21768634,1.18000,1293.85816,1
1505745659,21768632,1.18001,0.00626,1
1505745657,21768618,1.18001,101.27033,1
1505745656,21768616,1.18001,344.28468,0
1505745655,21768615,1.18000,323.33149,1
1505745655,21768613,1.18000,6.77966,1
1505745648,21768589,1.18001,55.42138,1
1505745648,21768587,1.18010,6.77909,1
1505745647,21768584,1.18020,6.77851,1
1505745647,21768582,1.18030,6.77794,1
1505745647,21768580,1.18033,257.64800,1
1505745647,21768578,1.18033,736.18999,1
1505745644,21768564,1.18033,90.36420,1
1505745638,21768540,1.18033,90.33623,1
1505745634,21768521,1.18033,59.98348,1
1505745632,21768513,1.18033,89.80728,1
1505745627,21768497,1.18050,481.93338,1
1505745627,21768493,1.18050,5975.05020,1
1505745625,21768481,1.18050,283.57802,1
1505745618,21768442,1.18050,723.15999,1
1505745612,21768402,1.18050,250.23999,1
1505745565,21768237,1.18050,672.69311,1
1505745565,21768236,1.18053,90.59954,1
1505745559,21768223,1.18050,1.21559,1
1505745559,21768222,1.18051,90.00000,1
1505745556,21768210,1.18051,117.66103,1
1505745555,21768205,1.18051,25.08590,1
1505745365,21767897,1.18050,1612.12972,1
1505745361,21767892,1.18051,288.55319,1
1505745239,21767746,1.18198,9.76608,0
1505744716,21767258,1.18200,1540.50497,1
1505744677,21767171,1.18200,1485.26000,1
1505744676,21767169,1.18200,291.08057,1
1505744675,21767166,1.18200,279.05000,1
1505744675,21767165,1.18200,169.56000,1
1505744674,21767161,1.18200,255.61000,1
1505744674,21767160,1.18200,100.55994,1
1505744631,21767104,1.18200,62.11000,1
1505744630,21767102,1.18200,1981.02000,1
1505744613,21767067,1.18200,50.82955,1
1505744612,21767065,1.18200,1150.61998,1
1505744612,21767063,1.18200,5.24396,1
1505744611,21767062,1.18200,862.12946,1
1505744609,21767053,1.18200,717.85323,1
1505744607,21767045,1.18200,416.20982,1
1505744555,21766980,1.18200,82.37999,1
1505744485,21766862,1.18200,39.74000,1
1505744485,21766861,1.18210,10.26000,1
1505744000,21766180,1.18669,567.48131,0
1505743625,21765787,1.18200,510.23853,1
1505743355,21765487,1.18033,90.00000,1
1505743105,21765024,1.18033,1000.00000,1
1505742941,21764772,1.18033,183.08337,1
1505742938,21764754,1.18033,505.58211,1
1505742934,21764737,1.18033,799.91000,1
1505742930,21764715,1.18033,50.30534,1
1505742929,21764708,1.18033,46.73000,1
1505742929,21764706,1.18034,50.00000,1
1505742920,21764685,1.18033,0.06000,1
1505742920,21764682,1.18034,90.00000,1
1505742828,21764597,1.18034,170.00000,1
1505742584,21764235,1.18034,282.89399,1
1505742584,21764232,1.18040,6.77736,1
1505742583,21764231,1.18050,6.77679,1
1505742583,21764230,1.18060,6.77622,1
1505742583,21764229,1.18070,6.77564,1
1505742491,21764004,1.18090,6.77449,1
1505742490,21764002,1.18110,6.77335,1
1505742490,21764001,1.18130,6.77220,1
1505742340,21763774,1.18137,423.23743,1
1505742340,21763771,1.18137,640.35333,1
1505742221,21763497,1.18632,518.54475,0
1505742217,21763487,1.18137,520.71748,1
1505742216,21763482,1.18634,269.49928,0
1505742102,21763361,1.18137,60.00000,1
1505742095,21763350,1.18137,891.57504,1
1505742092,21763347,1.18137,100.00000,1
1505742084,21763341,1.18137,497.74415,1
1505742082,21763336,1.18137,100.00000,1
1505742072,21763313,1.18137,100.00000,1
1505742067,21763309,1.18137,89.61000,1
1505741971,21763152,1.18138,150.17184,1
1505741971,21763149,1.18138,176.27942,1
1505741971,21763148,1.18150,6.77105,1
1505741970,21763147,1.18170,6.76991,1
1505741853,21762972,1.18181,506.80717,1
1505741850,21762965,1.18181,2495.71999,1
1505741849,21762962,1.18181,997.47284,1
1505741849,21762960,1.18190,6.76876,1
1505741849,21762958,1.18210,0.00613,1
1505741820,21762883,1.18210,434.38796,1
1505741819,21762847,1.18210,565.60591,1
1505741818,21762845,1.18210,6.76762,1
1505741818,21762844,1.18230,6.76647,1
1505741815,21762833,1.18235,1000.00000,1
1505741803,21762801,1.18249,56.39058,1
1505741803,21762799,1.18249,63.98000,1
1505741803,21762798,1.18249,23.01345,1
1505741802,21762796,1.18249,285.12946,1
1505741795,21762774,1.18249,79.57999,1
1505741794,21762773,1.18249,4.68710,1
1505741793,21762772,1.18249,266.18290,1
1505741785,21762746,1.18249,221.03652,1
1505741784,21762740,1.18250,6.76533,1
1505741784,21762738,1.18250,673.42100,1
1505741782,21762732,1.18250,239.19950,1
1505741780,21762718,1.18250,664.24872,1
1505741779,21762715,1.18250,221.03588,1
1505741762,21762657,1.18250,89.58986,1
1505741750,21762601,1.18250,531.16679,1
1505741750,21762600,1.18251,660.00000,1
1505741750,21762598,1.18270,6.76418,1
1505741750,21762596,1.18290,6.76304,1
1505741717,21762512,1.18300,3293.87996,1
1505741717,21762511,1.18310,6.76190,1
1505741717,21762509,1.18381,1316.63202,1
1505741714,21762500,1.18381,66.26698,1
1505741710,21762480,1.18381,671.35823,1
1505741708,21762468,1.18381,278.67088,1
1505741707,21762456,1.18381,255.55556,1
1505741706,21762454,1.18381,1115.77410,1
1505741703,21762434,1.18381,295.74223,1
1505741698,21762421,1.18400,216.41061,1
1505741698,21762415,1.18400,1844.41998,1
1505741695,21762410,1.18400,2891.70999,1
1505741687,21762386,1.18400,53.79387,1
1505741687,21762385,1.18400,57.53493,1
1505741674,21762364,1.18400,425.74999,1
1505741673,21762360,1.18400,424.84999,1
1505741671,21762352,1.18400,185.76999,1
1505741665,21762324,1.18400,518.70999,1
1505741663,21762306,1.18400,564.25309,1
1505741661,21762297,1.18400,96.83999,1
1505741661,21762293,1.18400,630.16999,1
1505741639,21762271,1.18400,2095.73756,1
1505741625,21762239,1.18400,84.51859,1
1505741622,21762233,1.18400,55.92906,1
1505741619,21762224,1.18400,55.92906,1
1505741616,21762214,1.18400,310.74327,1
1505741607,21762200,1.18400,50.59999,1
1505741537,21762114,1.18400,204.98714,1
1505741537,21762113,1.18450,0.00285,1
1505741513,21762077,1.18450,1001.78979,1
1505741509,21762053,1.18450,2218.16802,1
1505741505,21762046,1.18450,328.47999,1
1505741501,21762025,1.18450,418.75055,1
1505741478,21761999,1.18450,1037.02999,1
1505741460,21761948,1.18500,779.37506,1
1505741454,21761930,1.18500,3163.42999,1
1505741448,21761912,1.18500,285.04999,1
1505741435,21761877,1.18500,145.44999,1
1505741422,21761845,1.18500,609.17999,1
1505741390,21761651,1.18500,417.93250,1
1505741355,21761584,1.18500,82.51477,1
1505741352,21761571,1.18500,77.16763,1
1505741349,21761565,1.18500,1910.71730,1
1505741348,21761563,1.18500,235.18278,1
1505741348,21761561,1.18500,106.11680,1
1505741342,21761549,1.18500,135.08632,1
1505741325,21761530,1.18500,82.55540,1
1505741325,21761524,1.18500,68.44806,1
1505741315,21761516,1.18500,225.63672,1
1505741314,21761514,1.18500,298.95075,1
1505741314,21761511,1.18500,255.02259,1
1505741289,21761479,1.18500,261.02581,1
1505741270,21761425,1.18500,857.15999,1
1505741268,21761416,1.18550,486.79869,1
1505741267,21761413,1.18550,115.84811,1
1505741266,21761407,1.18550,717.26698,1
1505741256,21761392,1.18550,869.93808,1
1505741254,21761388,1.18550,520.10967,1
1505741253,21761384,1.18550,126.61325,1
1505741215,21761344,1.18550,1430.28495,1
1505741182,21761270,1.18550,130.43442,1
1505741163,21761242,1.18550,602.70585,1
1505741163,21761241,1.18550,3252.06418,1
1505741163,21761238,1.18600,0.00012,1
1505741162,21761233,1.18600,136.98989,1
1505741112,21761158,1.18600,70.00000,1
1505741111,21761156,1.18551,0.00999,0
1505741101,21761136,1.18550,858.44999,1
1505741100,21761133,1.18550,292.82784,1
1505741092,21761071,1.18550,597.32603,1
1505741086,21761057,1.18550,560.46673,1
1505741080,21761027,1.18550,123.22999,1
1505741079,21761024,1.18550,79.13000,1
1505741039,21760907,1.18550,459.65999,1
1505741030,21760853,1.18550,117.06453,1
1505740999,21760743,1.18550,117.16576,1
1505740997,21760723,1.18550,165.00999,1
1505740994,21760707,1.18550,82.38718,1
1505740986,21760683,1.18550,75.81612,1
1505740984,21760676,1.18550,82.55589,1
1505740888,21760389,1.18550,82.44623,1
1505740874,21760366,1.18550,82.44623,1
1505740871,21760358,1.18550,49.47999,1
1505740862,21760352,1.18550,100.00000,1
1505740773,21760234,1.18800,0.00405,1
1505740772,21760220,1.18800,948.05557,1
1505740771,21760216,1.18779,859.22745,0
1505740770,21760215,1.18779,180.43934,0
1505740770,21760214,1.18779,340.67195,0
1505740770,21760213,1.18779,482.14271,0
1505740770,21760212,1.18779,690.45893,0
1505740767,21760207,1.18550,63.24758,1
1505740767,21760205,1.18550,190.02392,1
1505740767,21760204,1.18550,1608.86063,1
1505740758,21760183,1.18550,321.23999,1
1505740714,21760087,1.18550,247.84480,1
1505740694,21760034,1.18550,164.84185,1
1505740625,21759870,1.18550,134.53397,1
1505740619,21759837,1.18550,164.92999,1
1505740610,21759821,1.18550,1548.20751,1
1505740547,21759700,1.18551,363.07581,0
1505740547,21759698,1.18550,1644.38635,1
1505740523,21759651,1.18550,893.77481,1
1505740521,21759641,1.18550,567.94555,1
1505740521,21759640,1.18551,407.31240,1
1505740519,21759634,1.18551,57.83166,1
1505740519,21759627,1.18779,11.20906,0
1505740516,21759616,1.18551,81.38270,1
1505740504,21759513,1.18551,58.44742,1
1505740500,21759487,1.18551,82.43710,1
1505740304,21759084,1.18550,67.20679,1
1505740303,21759083,1.18551,340.68018,1
1505740246,21759036,1.18551,242.30949,1
1505740241,21759030,1.18550,243.44000,1
1505740241,21759028,1.18550,1340.72666,1
1505740239,21759020,1.18550,275.91478,1
1505740237,21759011,1.18551,343.18600,1
1505740098,21758864,1.18551,282.71155,0
1505740098,21758863,1.18551,96.53999,0
1505740093,21758858,1.18550,1033.07466,1
1505740085,21758852,1.18551,419.10747,0
1505740081,21758839,1.18550,250.58137,1
1505740081,21758835,1.18551,463.15124,1
1505740034,21758791,1.18550,468.22303,1
1505740034,21758789,1.18551,565.53488,1
1505740032,21758777,1.18550,782.75833,1
1505740030,21758771,1.18550,1034.03628,1
1505740024,21758756,1.18551,258.68722,1
1505740024,21758754,1.18551,96.53999,1
1505740020,21758745,1.18551,269.74057,1
1505740020,21758743,1.18579,282.14850,1
1505740020,21758740,1.18579,200.00000,1
1505739996,21758715,1.18579,270.00999,1
1505739920,21758628,1.18579,731.84966,1
1505739879,21758603,1.18579,2515.99185,1
1505739879,21758601,1.18581,690.47810,1
1505739878,21758600,1.18581,2846.77192,1
1505739878,21758599,1.18582,690.46424,1
1505739772,21758449,1.18582,100.00000,1
1505739693,21758368,1.18581,81.84204,1
1505739683,21758356,1.18582,459.54000,1
1505739663,21758325,1.18581,380.90794,1
1505739663,21758324,1.18582,808.82549,1
1505739537,21757940,1.18585,1120.75238,1
1505739537,21757939,1.18779,2807.08000,1
1505739523,21757916,1.18779,82.31000,1
1505739522,21757915,1.18779,217.17001,1
1505739522,21757914,1.18779,120.81999,1
1505739520,21757911,1.18779,29.63000,1
1505739514,21757891,1.18779,126.13000,1
1505739495,21757843,1.18779,69.33000,1
1505739467,21757802,1.18779,246.53000,1
1505739463,21757792,1.18779,52.07000,1
1505739455,21757777,1.18779,248.93000,1
1505739443,21757743,1.19299,8600.61967,1
1505739442,21757742,1.19299,163.34661,1
1505739442,21757741,1.19299,546.35897,1
1505739442,21757738,1.19287,4000.00000,0
1505739441,21757736,1.19279,4000.00000,0
1505739441,21757734,1.19279,392.26616,1
1505739441,21757728,1.19250,5000.00000,0
1505739441,21757725,1.19240,6.76075,0
1505739440,21757721,1.19220,6.76075,0
1505739440,21757720,1.19200,6.76190,0
1505739440,21757719,1.19200,5000.00000,0
1505739440,21757717,1.19180,6.76304,0
1505739440,21757716,1.19180,289.92003,1
1505739439,21757714,1.19160,6.76418,0
1505739439,21757713,1.19150,5000.00000,0
1505739439,21757711,1.19140,6.76533,0
1505739438,21757709,1.19100,5000.00000,0
1505739438,21757707,1.19087,3761.81785,0
1505739438,21757706,1.19079,3328.36958,0
1505739437,21757705,1.18998,163.34661,0
1505739437,21757704,1.18996,2511.76244,0
1505739436,21757702,1.18995,2468.24504,0
1505739424,21757659,1.19079,671.63042,0
1505739423,21757658,1.19079,569.38725,1
1505739423,21757657,1.19079,212.42328,1
1505739423,21757654,1.18999,1368.37651,0
1505739423,21757652,1.18999,409.93998,0
1505739422,21757650,1.18999,934.92000,0
1505739422,21757649,1.18999,309.32000,0
1505739422,21757647,1.18999,350.59000,0
1505739422,21757646,1.18999,384.40000,0
1505739422,21757644,1.18999,5951.93000,0
1505739422,21757643,1.18999,6214.01000,0
1505739421,21757641,1.18999,30.32618,0
1505739421,21757639,1.18999,96.36999,0
1505739421,21757638,1.18999,5824.73383,0
1505739421,21757637,1.18999,3125.08351,0
1505739420,21757636,1.18998,7430.79817,0
1505739420,21757635,1.18995,12792.52735,0
1505739420,21757634,1.18995,739.26372,1
1505739419,21757631,1.18994,1153.22590,0
1505739419,21757630,1.18994,384.54959,1
1505739419,21757629,1.18994,568.57465,1
1505739419,21757624,1.18992,740.65083,1
1505739419,21757622,1.18992,81.72003,1
1505739408,21757612,1.18500,272.47067,1
1505739384,21757555,1.18500,1008.45000,1
1505739345,21757469,1.18500,237.34178,1
1505739341,21757460,1.18500,149.55000,1
1505739337,21757443,1.18500,370.55000,1
1505739330,21757424,1.18500,473.39999,1
1505739309,21757384,1.18501,32.29000,1
1505739306,21757365,1.18500,2100.97773,1
1505739306,21757363,1.18501,2289.38207,1
1505739306,21757362,1.18501,3815.63678,1
1505739303,21757355,1.18551,188.47943,1
1505739303,21757354,1.18550,603.85773,0
1505739303,21757347,1.18550,527.75305,1
1505739302,21757342,1.18550,311.51999,1
1505739301,21757337,1.18550,1047.56795,1
1505739301,21757333,1.18550,1739.92408,1
1505739301,21757331,1.18550,1732.91145,1
1505739301,21757330,1.18550,1317.21976,1
1505739300,21757324,1.18550,292.33774,1
1505739284,21757276,1.18550,570.95562,1
1505739230,21757224,1.18550,267.56998,1
1505739229,21757223,1.18550,2883.79000,1
1505739229,21757221,1.18551,530.00000,1
1505738957,21756684,1.18998,559.54000,0
1505738916,21756497,1.18998,1732.91145,0
1505738911,21756479,1.18998,2448.08310,0
1505738894,21756442,1.18998,99.08000,0
1505738874,21756378,1.18998,51.89117,0
1505738867,21756350,1.18998,244.03312,0
1505738864,21756317,1.18998,19.60004,0
1505738842,21756220,1.18998,68.84000,0
1505738798,21755998,1.18998,44.40332,0
1505738793,21755956,1.18998,96.33256,0
1505738787,21755930,1.18995,828.63022,0
1505738787,21755928,1.18995,171.36978,0
1505738786,21755925,1.18995,343.31000,0
1505738786,21755923,1.18995,170.42000,0
1505738786,21755921,1.18995,113.07022,0
1505738777,21755884,1.18995,2883.79000,0
1505738776,21755875,1.18995,287.72623,0
1505738746,21755795,1.18995,391.64000,0
1505738733,21755781,1.18995,391.65000,0
1505738642,21755545,1.18550,229.36875,1
1505738641,21755544,1.18550,113.94125,1
1505738618,21755504,1.18995,180.59327,0
1505738615,21755493,1.18995,459.71027,0
1505738615,21755490,1.18995,291.82001,0
1505738614,21755485,1.18995,113.94125,0
1505738611,21755461,1.18992,527.35000,0
1505738532,21755342,1.18502,237.49232,1
1505738411,21755167,1.18550,170.42000,1
1505738253,21754976,1.18550,68.45122,1
1505738253,21754975,1.18550,45.49003,1
1505738010,21754300,1.18998,170.42000,0
1505737972,21754105,1.18998,68.45122,0
1505737970,21754098,1.18998,45.49003,0
1505737968,21754087,1.18997,251.11074,0
1505737961,21754042,1.18739,185.91617,0
1505737853,21753808,1.18739,197.23090,0
1505737667,21753199,1.18997,8.37952,0
1505737653,21753159,1.18740,83.05000,1
1505737563,21752835,1.18993,50.95000,0
1505737464,21752335,1.18998,6899.82783,0
1505737463,21752333,1.18998,499.50709,0
1505737463,21752330,1.18998,5195.58719,0
1505737463,21752327,1.18995,3286.93557,0
1505737463,21752323,1.18994,0.01724,0
1505737463,21752318,1.18994,1222.80223,0
1505737463,21752317,1.18993,0.00777,0
1505737462,21752311,1.18993,441.08000,0
1505737460,21752300,1.18950,50.99622,0
1505737459,21752288,1.18993,967.83000,0
1505737459,21752284,1.18993,64.60443,0
1505737458,21752280,1.18950,827.00315,0
1505737458,21752276,1.18950,29.59412,0
1505737453,21752250,1.18950,152.12273,0
1505737453,21752248,1.18950,1821.38000,0
1505737451,21752240,1.18950,1819.23000,0
1505737448,21752218,1.18950,2350.67000,0
1505737419,21752125,1.18750,456.70999,0
1505737419,21752124,1.18750,457.31324,0
1505737419,21752123,1.18750,255.34587,0
1505737419,21752122,1.18750,58.34999,0
1505737419,21752121,1.18750,58.36028,0
1505737418,21752120,1.18750,70.00000,0
1505737418,21752118,1.18750,395.65424,0
1505737418,21752116,1.18750,395.65424,0
1505737418,21752111,1.18750,500.00000,0
1505737418,21752109,1.18750,270.76768,0
1505737418,21752107,1.18750,392.88997,0
1505737417,21752104,1.18750,826.71275,0
1505737417,21752102,1.18750,244.86533,0
1505737417,21752099,1.18750,45.86573,0
1505737417,21752098,1.18750,45.86573,0
1505737416,21752096,1.18750,424.38999,0
1505737416,21752092,1.18750,45.86573,0
1505737416,21752087,1.18750,256.82574,0
1505737414,21752084,1.18750,1618.85291,0
1505737414,21752083,1.18750,814.44398,0
1505737413,21752080,1.18750,90.00000,0
1505737413,21752078,1.18750,851.65161,0
1505737413,21752077,1.18750,429.75696,0
1505737411,21752067,1.18750,1316.21142,0
1505737411,21752066,1.18750,646.23999,0
1505737411,21752063,1.18750,114.40170,0
1505737410,21752062,1.18750,2108.65304,0
1505737410,21752061,1.18750,2830.93330,0
1505737410,21752057,1.18750,112.13793,0
1505737410,21752054,1.18750,495.69179,0
1505737408,21752049,1.18750,1453.32820,0
1505737408,21752048,1.18750,858.59998,0
1505737408,21752047,1.18750,195.29998,0
1505737408,21752044,1.18750,1296.33393,0
1505737398,21752023,1.18750,31.01000,0
1505737398,21752020,1.18750,41.10000,0
1505737388,21752000,1.18749,69.26000,0
1505737381,21751974,1.18749,1324.17000,0
1505737379,21751964,1.18750,879.15337,0
1505737379,21751962,1.18750,255.40328,0
1505737379,21751959,1.18750,2160.23450,0
1505737378,21751956,1.18750,2349.55299,0
1505737378,21751954,1.18750,1116.03999,0
1505737378,21751951,1.18750,251.15146,0
1505737378,21751949,1.18750,61.71671,0
1505737377,21751948,1.18750,3024.31510,0
1505737377,21751946,1.18749,155.18260,0
1505737377,21751942,1.18749,873.43000,0
1505737377,21751941,1.18742,830.00000,0
1505737376,21751938,1.18740,1131.66750,1
1505737376,21751935,1.18745,999.99000,1
1505737376,21751931,1.18749,674.84000,0
1505737376,21751928,1.18745,1000.00000,0
1505737372,21751922,1.18742,69.36000,0
1505737370,21751911,1.18742,243.71973,0
1505737345,21751875,1.18742,197.47000,0
1505737344,21751873,1.18740,1079.99000,0
1505737332,21751855,1.18735,62.40000,0
1505737324,21751840,1.18742,63.70000,0
1505737319,21751835,1.18719,1019.99000,1
1505737319,21751833,1.18740,2325.74000,1
1505737300,21751807,1.18742,287.08098,1
1505737265,21751750,1.18251,50.00000,1
1505736764,21751191,1.18717,1260.98704,0
1505736598,21750994,1.18250,456.70999,1
1505736597,21750992,1.18250,457.31324,1
1505736589,21750958,1.18250,255.34587,1
1505736492,21750847,1.18250,58.34999,1
1505736491,21750846,1.18250,58.36028,1
1505736156,21750606,1.18250,70.00000,1
1505735984,21750354,1.18250,395.65424,1
1505735981,21750340,1.18250,395.65424,1
1505735950,21750275,1.18250,500.00000,1
1505735834,21750144,1.18250,270.76768,1
1505735833,21750139,1.18250,392.88997,1
1505735832,21750135,1.18250,826.71275,1
1505735828,21750130,1.18250,244.86533,1
1505735705,21750049,1.18250,45.86573,1
1505735700,21750045,1.18250,45.86573,1
1505735695,21750041,1.18250,424.38999,1
1505735695,21750040,1.18250,45.86573,1
1505735617,21749960,1.18250,1875.67865,1
1505735600,21749953,1.18250,814.44398,1
1505735554,21749894,1.18251,69.36940,1
1505734945,21749549,1.18251,100.00000,1
1505734944,21749548,1.18733,168.07398,0
1505734867,21749487,1.18250,90.00000,1
1505734807,21749428,1.18250,851.65161,1
1505734806,21749424,1.18250,1745.96838,1
1505734683,21749368,1.18250,646.23999,1
1505734528,21749250,1.18250,114.40170,1
1505734257,21748972,1.18250,2108.65304,1
1505734247,21748950,1.18252,699.99274,1
1505734246,21748944,1.18251,76.27948,1
1505734203,21748850,1.18250,2943.07123,1
1505734157,21748776,1.18250,1949.01999,1
1505734150,21748758,1.18250,858.59998,1
1505734142,21748738,1.18250,195.29998,1
1505734133,21748727,1.18250,2247.59730,1
1505734123,21748715,1.18250,255.40328,1
1505734120,21748710,1.18250,2160.23450,1
1505734120,21748708,1.18251,65.23548,1
1505734114,21748696,1.18250,2349.55299,1
1505734113,21748693,1.18250,1116.03999,1
1505734110,21748683,1.18251,79.71002,1
1505734097,21748650,1.18251,79.77946,1
1505734029,21748522,1.18251,20.21227,1
1505734018,21748507,1.18251,74.24638,1
1505734018,21748506,1.18251,85.25159,1
1505734005,21748485,1.18251,20.21173,1
1505734004,21748483,1.18251,94.56344,1
1505733995,21748461,1.18250,251.15146,1
1505733980,21748436,1.18250,61.71671,1
1505733976,21748412,1.18250,3024.31510,1
1505733976,21748409,1.18251,288.48829,1
1505733940,21748330,1.18251,67.54277,1
1505733935,21748317,1.18251,64.93757,1
1505733931,21748284,1.18251,82.11999,1
1505733930,21748275,1.18251,210.84460,1
1505733906,21748231,1.18260,367.98999,1
1505733906,21748227,1.18379,1913.12381,1
1505733829,21748046,1.18380,82.18450,1
1505733822,21748032,1.18380,3777.94392,1
1505733822,21748028,1.18380,113.96351,1
1505733815,21748016,1.18381,59.80042,1
1505733815,21748014,1.18381,64.43657,1
1505733814,21748006,1.18381,5.76301,1
1505733777,21747955,1.18380,902.55000,1
1505733777,21747954,1.18381,42.32999,1
1505733776,21747947,1.18381,207.67001,1
1505733774,21747939,1.18381,82.32999,1
1505733757,21747911,1.18380,1039.18224,1
1505733757,21747910,1.18381,570.00000,1
1505733752,21747900,1.18380,129.54999,1
1505733747,21747885,1.18381,296.07676,1
1505733721,21747854,1.18381,212.85999,1
1505733714,21747843,1.18381,32.10999,1
1505733687,21747805,1.18381,60.00000,0
1505733674,21747772,1.18405,82.41999,1
1505733563,21747625,1.18379,2086.87619,1
1505733561,21747624,1.18750,499.92000,1
1505733561,21747622,1.18750,413.20381,1
1505733376,21747304,1.18994,424.02000,0
1505733375,21747301,1.18994,1956.82550,0
1505733375,21747300,1.18993,1646.83450,0
1505733363,21747228,1.18994,1396.33503,0
1505733363,21747227,1.18993,1646.83450,0
1505733363,21747226,1.18887,4000.00000,0
1505733363,21747222,1.18879,3296.67666,0
1505733362,21747214,1.18879,64.50284,0
1505733360,21747208,1.18750,23.60307,0
1505733359,21747201,1.18750,16.94925,0
1505733358,21747199,1.18750,92.37655,0
1505733357,21747192,1.18750,188.21770,0
1505733356,21747188,1.18750,325.88661,0
1505733356,21747184,1.18750,188.46070,0
1505733354,21747177,1.18750,80.86268,0
1505733354,21747174,1.18750,253.54758,0
1505733354,21747173,1.18750,787.76204,0
1505733354,21747171,1.18750,605.45021,0
1505733354,21747169,1.18750,674.15162,0
1505733353,21747167,1.18750,702.92390,0
1505733353,21747164,1.18750,107.11178,0
1505733353,21747163,1.18750,981.28780,0
1505733353,21747162,1.18750,140.14335,0
1505733353,21747161,1.18750,288.86522,0
1505733353,21747159,1.18750,69.98025,0
1505733352,21747157,1.18750,603.76357,0
1505733352,21747152,1.18747,2727.75352,0
1505733350,21747143,1.18749,129.43418,0
1505733350,21747139,1.18750,56.74141,0
1505733345,21747106,1.18749,63.01896,0
1505733343,21747085,1.18749,65.34000,0
1505733343,21747080,1.18749,291.71127,0
1505733337,21747022,1.18749,151.06205,0
1505733317,21746849,1.18749,157.52598,0
1505733067,21746423,1.18750,452.52872,0
1505733065,21746413,1.18749,978.15076,0
1505733063,21746408,1.18748,70.26461,0
1505732886,21746212,1.18252,70.25674,1
1505732882,21746202,1.18251,50.86681,1
1505732880,21746198,1.18720,793.27640,0
1505732880,21746196,1.18749,999.97000,1
1505732879,21746195,1.18750,224.47629,0
1505732879,21746194,1.18750,227.91776,0
1505732879,21746193,1.18750,980.16385,0
1505732879,21746192,1.18750,845.83570,0
1505732879,21746190,1.18750,497.63214,0
1505732878,21746189,1.18750,52.06110,0
1505732878,21746188,1.18750,826.27338,0
1505732878,21746187,1.18750,54.95999,0
1505732878,21746185,1.18750,510.19415,0
1505732878,21746184,1.18750,523.72030,0
1505732878,21746183,1.18750,1519.05968,0
1505732877,21746180,1.18750,407.34289,0
1505732877,21746178,1.18750,220.13999,0
1505732877,21746177,1.18750,99.46320,0
1505732877,21746176,1.18750,50.34250,0
1505732876,21746175,1.18750,202.85390,0
1505732876,21746173,1.18750,923.66319,0
1505732876,21746172,1.18750,90.00000,0
1505732876,21746170,1.18750,86.35999,0
1505732876,21746168,1.18749,1000.00000,0
1505732875,21746165,1.18748,1720.00000,0
1505732875,21746161,1.18720,529.97000,0
1505732835,21746087,1.18251,48.53236,1
1505732602,21745905,1.18250,23.60307,1
1505732602,21745904,1.18251,438.56178,1
1505732474,21745860,1.18251,100.00000,1
1505732447,21745819,1.18251,119.93000,1
1505732411,21745722,1.18251,540.18000,1
1505732383,21745673,1.18251,155.30107,1
1505732357,21745611,1.18251,255.45029,1
1505732350,21745570,1.18251,565.12842,1
1505732291,21745446,1.18251,183.41494,1
1505731867,21745069,1.18251,120.95729,1
1505731813,21744982,1.18250,16.94925,1
1505731813,21744981,1.18250,280.59425,1
1505731811,21744978,1.18250,595.20999,1
1505731809,21744975,1.18250,253.54758,1
1505731809,21744973,1.18251,316.54241,1
1505731775,21744925,1.18251,286.05278,1
1505731760,21744896,1.18251,53.26463,1
1505731742,21744851,1.18250,787.76204,1
1505731731,21744837,1.18250,605.45021,1
1505731731,21744836,1.18251,304.92630,1
1505731726,21744830,1.18251,213.16891,1
1505731684,21744775,1.18250,674.15162,1
1505731684,21744774,1.18251,308.59294,1
1505731673,21744749,1.18250,702.92390,1
1505731666,21744729,1.18251,280.59425,1
1505731632,21744670,1.18250,107.11178,1
1505731630,21744663,1.18250,981.28780,1
1505731629,21744658,1.18251,0.53647,1
1505731628,21744656,1.18251,106.75689,1
1505731624,21744648,1.18250,140.14335,1
1505731623,21744643,1.18251,16.94925,1
1505731616,21744632,1.18251,82.42999,1
1505731572,21744576,1.18250,288.86522,1
1505731572,21744575,1.18251,12.15804,1
1505731571,21744571,1.18251,51.16619,0
1505731569,21744568,1.18250,69.98025,1
1505731567,21744562,1.18250,1337.50999,1
1505731566,21744561,1.18250,227.91776,1
1505731563,21744555,1.18251,0.34990,1
1505731562,21744551,1.18251,69.63035,1
1505731534,21744517,1.18251,77.33550,1
1505731531,21744513,1.18250,980.16385,1
1505731531,21744511,1.18251,0.03614,1
1505731524,21744476,1.18251,7.19274,1
1505731522,21744461,1.18251,75.48499,1
1505731510,21744438,1.18250,845.83570,1
1505731510,21744436,1.18251,11.49801,1
1505731505,21744427,1.18251,55.53704,0
1505731504,21744423,1.18250,497.63214,1
1505731500,21744410,1.18250,52.06110,1
1505731499,21744407,1.18251,55.53704,1
1505731479,21744365,1.18251,5.35053,1
1505731467,21744349,1.18251,61.92760,1
1505731416,21744300,1.18250,826.27338,1
1505731416,21744298,1.18251,68.44579,1
1505731406,21744280,1.18251,76.83343,1
1505731374,21744220,1.18251,50.32516,1
1505731363,21744196,1.18251,138.25573,1
1505731359,21744189,1.18250,54.95999,1
1505731354,21744178,1.18250,510.19415,1
1505731351,21744171,1.18250,523.72030,1
1505731350,21744165,1.18250,1519.05968,1
1505731348,21744161,1.18251,167.09106,1
1505731348,21744160,1.18251,32.07795,1
1505731344,21744148,1.18250,407.34289,1
1505731344,21744147,1.18250,220.13999,1
1505731343,21744146,1.18250,99.46320,1
1505731341,21744137,1.18250,50.34250,1
1505731336,21744120,1.18251,220.10034,1
1505731329,21744107,1.18250,202.85390,1
1505731327,21744100,1.18250,923.66319,1
1505731327,21744099,1.18251,0.29724,1
1505731323,21744077,1.18251,242.93490,1
1505731307,21744058,1.18251,1.58488,0
1505731304,21744057,1.18250,90.00000,1
1505731304,21744055,1.18250,86.35999,1
1505731298,21744054,1.18251,268.96047,1
1505731292,21744049,1.18251,86.36179,1
1505731281,21744032,1.18251,203.54447,0
1505731270,21744016,1.18251,320.37214,1
1505731264,21743999,1.18251,15.74195,1
1505731264,21743998,1.18251,829.31804,1
1505731256,21743972,1.18251,1054.39824,1
1505731255,21743967,1.18251,771.54870,1
1505731255,21743963,1.18251,282.17932,1
1505731254,21743959,1.18251,1054.66082,1
1505731252,21743956,1.18251,523.88514,1
1505731150,21743817,1.18251,315.51999,1
1505731140,21743805,1.18251,315.47999,1
1505731097,21743750,1.18251,289.41117,1
1505731093,21743744,1.18251,274.20487,1
1505731071,21743718,1.18251,889.94512,1
1505731070,21743716,1.18252,100.00000,1
1505731067,21743708,1.18252,199.99662,1
1505731062,21743700,1.18252,50.01184,1
1505731061,21743696,1.18252,199.49769,1
1505731047,21743662,1.18252,305.46014,1
1505731036,21743648,1.18252,23.37415,1
1505731029,21743635,1.18255,241.79077,1
1505731026,21743632,1.18254,282.76125,1
1505731026,21743631,1.18252,284.18216,1
1505731026,21743630,1.18252,495.88999,1
1505731025,21743628,1.18251,4.05503,1
1505731025,21743627,1.18251,284.18216,1
1505731023,21743620,1.18879,485.23801,0
1505731023,21743618,1.18876,2665.83903,0
1505731023,21743617,1.18876,1540.00000,1
1505731021,21743614,1.18253,284.03469,0
1505731015,21743609,1.18251,236.66196,1
1505731011,21743600,1.18252,157.84211,1
1505731009,21743570,1.18252,599.99831,1
1505730994,21743545,1.18252,81.16565,1
1505730990,21743542,1.18252,50.09641,1
1505730911,21743442,1.18252,15.50606,1
1505730908,21743438,1.18252,36.20406,0
1505730906,21743434,1.18252,24.86911,1
1505730902,21743424,1.18253,7.48750,0
1505730901,21743419,1.18256,17.38161,1
1505730596,21742993,1.18257,1390.00000,1
1505730578,21742954,1.18878,326.33420,0
1505730576,21742952,1.18878,412.35442,0
1505730514,21742857,1.18879,153.58249,0
1505730507,21742828,1.18878,480.63989,0
1505730505,21742810,1.18751,28.22335,1
1505730494,21742780,1.18878,249.17880,0
1505730476,21742772,1.18878,4195.50394,0
1505730453,21742733,1.18751,13.48569,1
1505730452,21742732,1.18751,232.83999,1
1505730452,21742730,1.18750,329.01346,0
1505730452,21742729,1.18750,182.51434,0
1505730452,21742727,1.18750,275.23742,0
1505730450,21742718,1.18750,393.34006,0
1505730450,21742717,1.18750,22.50660,0
1505730450,21742714,1.18750,55.45999,0
1505730450,21742709,1.18750,11.41901,0
1505730449,21742705,1.18747,520.14153,0
1505730447,21742696,1.18727,17.38161,0
1505730444,21742675,1.18728,495.89948,0
1505730381,21742581,1.18734,95.45991,1
1505730350,21742466,1.18251,102.78368,1
1505730323,21742359,1.18251,152.61459,0
1505730321,21742349,1.18251,152.61459,1
1505730280,21742203,1.18250,329.01346,1
1505730280,21742202,1.18251,168.65252,1
1505730233,21742094,1.18251,70.27999,1
1505730222,21742030,1.18251,136.40477,1
1505730205,21741985,1.18251,30.12999,1
1505730161,21741929,1.18251,39.03999,1
1505730153,21741922,1.18251,181.26939,1
1505730148,21741909,1.18251,90.00000,1
1505730069,21741837,1.18250,182.51434,1
1505730068,21741834,1.18251,299.77742,1
1505730059,21741820,1.18250,668.57748,1
1505730059,21741817,1.18251,0.00603,1
1505730059,21741815,1.18251,243.92183,1
1505729994,21741751,1.18250,22.50660,1
1505729994,21741750,1.18251,32.94339,1
1505729989,21741743,1.18251,182.17999,1
1505729987,21741738,1.18250,55.45999,1
1505729981,21741730,1.18251,16.55007,1
1505729981,21741729,1.18251,232.83999,1
1505729972,21741722,1.18251,110.93999,1
1505729931,21741683,1.18251,139.61653,1
1505729930,21741681,1.18251,135.98309,1
1505729924,21741657,1.18260,1490.02505,1
1505729923,21741655,1.18260,285.86294,1
1505729922,21741647,1.18260,12.23052,1
1505729920,21741639,1.18260,456.07465,1
1505729917,21741627,1.18270,108.62000,1
1505729908,21741608,1.18260,33.33961,1
1505729853,21741533,1.18260,666.06650,1
1505729560,21741278,1.18260,667.73863,1
1505729400,21741190,1.18260,0.48107,1
1505729399,21741189,1.18262,100.00000,1
1505729146,21741027,1.18263,90.00000,1
1505728958,21740801,1.18750,371.38541,0
1505728958,21740800,1.18750,97.82791,0
1505728957,21740799,1.18750,238.64576,0
1505728957,21740796,1.18750,17.26366,0
1505728957,21740794,1.18720,0.00726,0
1505728955,21740790,1.18720,170.74000,0
1505728951,21740785,1.18720,369.22758,0
1505728951,21740784,1.18711,170.74242,0
1505728905,21740707,1.18711,829.25758,0
1505728889,21740665,1.18710,495.90684,0
1505728875,21740621,1.18709,69.68664,0
1505728803,21740466,1.18260,82.43999,1
1505728761,21740370,1.18260,1211.75293,1
1505728752,21740349,1.18260,30.15436,1
1505728738,21740312,1.18260,58.21999,1
1505728548,21739939,1.18260,256.63761,1
1505728469,21739813,1.18260,179.36750,1
1505728466,21739807,1.18260,289.44174,1
1505728441,21739785,1.18260,45.87575,1
1505728435,21739777,1.18260,45.87575,1
1505728433,21739775,1.18260,1255.92762,1
1505728407,21739756,1.18260,212.84078,1
1505728395,21739746,1.18260,46.02999,1
1505728383,21739733,1.18260,70.42999,1
1505728381,21739725,1.18260,126.56559,1
1505728340,21739677,1.18260,276.88000,1
1505728340,21739675,1.18260,3691.80619,1
1505728339,21739674,1.18260,547.67000,1
1505728338,21739672,1.18260,255.50214,1
1505728336,21739669,1.18260,85.17925,1
1505728335,21739662,1.18260,820.23759,1
1505728335,21739660,1.18261,0.95301,1
1505728333,21739653,1.18261,189.64948,1
1505728316,21739633,1.18260,459.39999,1
1505728311,21739610,1.18261,235.11657,1
1505728221,21739498,1.18261,100.60000,1
1505728188,21739437,1.18261,24.32755,1
1505728165,21739396,1.18261,0.79776,0
1505728153,21739389,1.18261,133.87535,0
1505728153,21739388,1.18261,132.71493,0
1505728153,21739386,1.18261,44.94722,0
1505728149,21739384,1.18260,288.37344,1
1505728147,21739378,1.18260,71.60495,1
1505728145,21739371,1.18260,179.13319,1
1505728144,21739365,1.18260,181.22781,1
1505728141,21739356,1.18260,381.08727,1
1505728140,21739354,1.18261,132.71913,1
1505728140,21739353,1.18261,136.28446,1
1505728137,21739344,1.18260,137.12000,1
1505728136,21739340,1.18261,1.17895,1
1505728135,21739336,1.18261,234.61160,1
1505728111,21739302,1.18260,107.16708,1
1505728111,21739301,1.18261,15.55292,1
1505728101,21739288,1.18261,172.03955,1
1505727956,21739040,1.18261,189.21195,1
1505727921,21738999,1.18260,727.13999,1
1505727905,21738966,1.18260,236.60995,1
1505727905,21738964,1.18261,0.65540,1
1505727904,21738933,1.18261,130.42548,1
1505727901,21738892,1.18260,31.96058,1
1505727896,21738886,1.18260,21.29917,1
1505727894,21738882,1.18260,1264.41998,1
1505727894,21738877,1.18260,191.80987,1
1505727890,21738867,1.18260,267.70000,1
1505727825,21738824,1.18260,24.28548,1
1505727728,21738727,1.18260,100.00000,1
1505727718,21738715,1.18260,100.00000,1
1505727714,21738701,1.18260,29.00752,1
1505727714,21738699,1.18261,70.82248,1
1505727710,21738661,1.18261,84.10641,1
1505727468,21738205,1.18251,165.25997,1
1505727467,21738200,1.18251,49.75199,1
1505727464,21738191,1.18250,382.80442,1
1505727457,21738160,1.18251,228.75679,1
1505727232,21737663,1.18251,160.41774,1
1505727228,21737651,1.18251,1.57969,0
1505727224,21737631,1.18251,341.75979,1
1505727088,21737401,1.18251,82.38409,1
1505727081,21737388,1.18251,109.71578,1
1505727026,21737326,1.18251,76.59132,1
1505727021,21737319,1.18251,199.14420,1
1505726985,21737238,1.18250,97.82791,1
1505726985,21737237,1.18251,0.00263,1
1505726982,21737233,1.18251,336.69906,1
1505726973,21737210,1.18251,112.24999,1
1505726965,21737204,1.18251,98.01186,1
1505726962,21737199,1.18251,42.31999,1
1505726897,21737134,1.18251,20.31951,1
1505726870,21737112,1.18251,36.82845,1
1505726746,21737037,1.18251,379.37946,1
1505726735,21737017,1.18251,406.38360,1
1505726714,21737001,1.18250,238.64576,1
1505726511,21736815,1.18251,196.96936,1
1505726235,21736491,1.18251,191.21389,1
1505726234,21736488,1.18251,183.71195,1
1505726117,21736309,1.18251,289.80512,1
1505725803,21735632,1.18251,20.53641,0
1505725720,21735430,1.18250,17.26366,1
1505725718,21735420,1.18250,6.76533,1
1505725716,21735404,1.18251,534.24750,1
1505725714,21735374,1.18251,70.17343,1
1505725605,21735156,1.18251,197.01977,0
1505725604,21735155,1.18251,80.00000,0
1505725604,21735152,1.18251,344.84390,1
1505725603,21735149,1.18251,277.02326,1
1505725603,21735147,1.18252,160.00000,1
1505725597,21735134,1.18251,41.88037,1
1505725597,21735132,1.18270,6.76418,1
1505725597,21735131,1.18290,6.76304,1
1505725597,21735129,1.18310,6.76190,1
1505725597,21735127,1.18330,6.76075,1
1505725596,21735126,1.18350,6.76075,1
1505725596,21735123,1.18370,6.76075,1
1505725573,21735050,1.18387,0.00677,1
1505725573,21735046,1.18387,41.91339,1
1505725553,21735012,1.18387,419.59555,1
1505725553,21735010,1.18387,1775.97597,1
1505725552,21735007,1.18387,1166.72968,1
1505725505,21734929,1.18387,210.57337,1
1505725443,21734851,1.18387,81.12999,1
1505725422,21734838,1.18387,103.96413,1
1505725421,21734836,1.18387,117.66121,1
1505725421,21734833,1.18387,82.44994,1
1505725408,21734818,1.18388,99.33721,1
1505725408,21734817,1.18397,110.65874,1
1505725408,21734816,1.18397,351.50819,1
1505725406,21734812,1.18397,109.49999,1
1505725380,21734774,1.18397,60.00000,1
1505725270,21734634,1.18397,80.00000,1
1505725191,21734394,1.18397,233.54477,1
1505725003,21734236,1.18397,656.52906,1
1505724638,21733980,1.18397,180.13126,1
1505724370,21733777,1.18397,192.31999,1
1505724369,21733771,1.18397,58.99999,1
1505724229,21733491,1.18398,323.39999,1
1505724080,21733279,1.18398,100.00000,1
1505724057,21733236,1.18549,32.31040,1
1505724040,21733167,1.18550,0.08043,0
1505724039,21733164,1.18550,16.00517,0
1505724032,21733142,1.18549,16.00517,0
1505724008,21733088,1.18397,196.53827,1
1505724004,21733084,1.18397,196.50148,1
1505723986,21733066,1.18397,77.40999,1
1505723974,21733050,1.18549,10.65209,0
1505723968,21733046,1.18549,10.65209,0
1505723963,21733038,1.18549,69.54289,0
1505723957,21733032,1.18549,69.54289,0
1505723957,21733031,1.18549,66.90646,0
1505723955,21733026,1.18549,0.39885,0
1505723831,21732915,1.18397,181.49512,1
1505723826,21732913,1.18397,571.99057,1
1505723822,21732908,1.18397,108.10668,1
1505723821,21732901,1.18397,125.79184,1
1505723750,21732840,1.18397,508.97406,1
1505723720,21732801,1.18500,1368.37651,1
1505723720,21732800,1.18500,409.93998,1
1505723712,21732788,1.18500,934.92000,1
1505723692,21732757,1.18500,309.32000,1
1505723645,21732680,1.18500,350.59000,1
1505723645,21732676,1.18549,79.37114,0
1505723642,21732659,1.18549,123.77335,0
1505723642,21732657,1.18549,27.74465,0
1505723642,21732651,1.18549,100.38862,0
1505723641,21732645,1.18549,63.91005,0
1505723628,21732612,1.18500,384.40000,1
1505723627,21732611,1.18500,5951.93000,1
1505723615,21732594,1.18500,6214.01000,1
1505723615,21732592,1.18500,30.32618,1
1505723614,21732589,1.18500,96.36999,1
1505723614,21732588,1.18500,5824.73383,1
1505723604,21732556,1.18500,3125.08351,1
1505723603,21732554,1.18500,627.89873,1
1505723603,21732552,1.18500,2499.97392,1
1505723591,21732537,1.18500,96.32365,1
1505723578,21732520,1.18500,1608.25384,1
1505723577,21732514,1.18500,126.69615,1
1505723548,21732488,1.18500,235.12237,1
1505723513,21732416,1.18500,277.72500,1
1505723503,21732394,1.18500,181.05486,1
1505723501,21732376,1.18500,84.98135,1
1505723500,21732367,1.18500,1020.64999,1
1505723491,21732320,1.18500,281.09877,1
1505723489,21732305,1.18500,44.07000,1
1505723485,21732275,1.18500,561.36459,1
1505723456,21732210,1.18500,100.34532,1
1505723453,21732206,1.18500,827.93565,1
1505723451,21732204,1.18500,100.44576,1
1505723419,21732152,1.18500,667.40782,1
1505723390,21732113,1.18500,84.75465,1
1505723390,21732112,1.18500,234.52279,1
1505723389,21732106,1.18500,30.97999,1
1505723336,21732053,1.18500,971.59999,1
1505723336,21732052,1.18500,79.95999,1
1505723335,21732051,1.18500,288.25713,1
1505723334,21732046,1.18500,67.94477,1
1505723330,21732036,1.18501,20.90640,1
1505723313,21732023,1.18501,110.97000,1
1505723200,21731924,1.18501,114.85767,1
1505723200,21731923,1.18501,244.08233,1
1505723197,21731919,1.18501,15.51946,1
1505723186,21731907,1.18501,139.87000,1
1505723181,21731897,1.18501,79.75999,1
1505723181,21731895,1.18501,183.88001,1
1505723174,21731881,1.18501,245.67506,1
1505723167,21731864,1.18501,667.85292,1
1505723161,21731850,1.18501,667.85091,1
1505723157,21731841,1.18501,667.85091,1
1505723152,21731833,1.18501,667.85091,1
1505723148,21731801,1.18501,384.66458,1
1505723145,21731794,1.18501,667.85091,1
1505723140,21731788,1.18501,555.46566,1
1505723140,21731787,1.18501,112.40330,1
1505723137,21731784,1.18501,667.86896,1
1505723134,21731781,1.18501,667.86896,1
1505723129,21731778,1.18501,667.86495,1
1505723125,21731774,1.18501,667.85893,1
1505723081,21731742,1.18501,69.77000,1
1505723061,21731711,1.18501,622.02548,1
1505723056,21731702,1.18501,669.65537,1
1505723051,21731697,1.18501,669.65537,1
1505723040,21731691,1.18501,570.24939,1
1505723009,21731655,1.18501,378.71567,1
1505723006,21731651,1.18501,669.14210,1
1505722963,21731601,1.18501,82.40000,1
1505722963,21731597,1.18501,669.47894,1
1505722962,21731593,1.18550,238.73854,0
1505722962,21731591,1.18550,84.94138,0
1505722961,21731586,1.18502,249.76823,0
1505722959,21731573,1.18501,166.80629,1
1505722957,21731566,1.18501,336.88023,1
1505722954,21731557,1.18501,223.21583,1
1505722953,21731554,1.18501,826.61000,1
1505722952,21731552,1.18501,65.57602,1
1505722952,21731549,1.18501,281.73177,1
1505722950,21731541,1.18501,288.35463,1
1505722949,21731538,1.18501,288.36559,1
1505722947,21731535,1.18501,154.01009,1
1505722947,21731534,1.18502,1.35057,1
1505722945,21731528,1.18502,268.76302,1
1505722942,21731521,1.18502,171.94780,1
1505722902,21731454,1.18502,97.68000,1
1505722893,21731440,1.18502,100.00000,1
1505722885,21731428,1.18502,242.99661,1
1505722877,21731413,1.18502,10.62000,1
1505722876,21731408,1.18502,116.56820,1
1505722874,21731399,1.18502,82.53870,1
1505722852,21731320,1.18502,480.55000,1
1505722775,21731184,1.18502,12.44835,1
1505722774,21731182,1.18502,70.09165,1
1505722773,21731173,1.18502,82.54000,1
1505722772,21731166,1.18502,70.10000,1
1505722770,21731150,1.18502,176.12000,1
1505722770,21731142,1.18502,841.84034,1
1505722768,21731122,1.18502,6729.60753,1
1505722768,21731120,1.18502,1748.85820,1
1505722767,21731112,1.18550,265.43230,1
1505722767,21731110,1.18550,27.84479,1
1505722767,21731108,1.18550,323.48871,1
1505722764,21731098,1.18550,151.08785,1
1505722764,21731096,1.18550,180.31000,1
1505722764,21731095,1.18550,455.15874,1
1505722764,21731094,1.18550,658.13688,1
1505722763,21731092,1.18550,100.31761,1
1505722763,21731090,1.18550,470.33266,1
1505722763,21731087,1.18551,57.53561,1
1505722738,21731062,1.18550,183.45846,1
1505722727,21731053,1.18550,5.10043,1
1505722727,21731052,1.18550,190.75497,1
1505722727,21731051,1.18550,505.66846,1
1505722726,21731049,1.18550,824.98613,1
1505722722,21731043,1.18550,346.03999,1
1505722719,21731040,1.18551,288.92609,1
1505722559,21730856,1.18551,248.16324,0
1505722553,21730843,1.18550,330.38381,1
1505722553,21730838,1.18550,198.52383,1
1505722540,21730818,1.18550,111.78402,1
1505722539,21730815,1.18550,176.55755,1
1505722536,21730808,1.18550,286.59638,1
1505722536,21730800,1.18550,489.91987,1
1505722459,21730644,1.19031,463.70000,1
1505722458,21730642,1.19032,112.68582,0
1505722363,21730522,1.18551,209.58522,1
1505722363,21730521,1.18766,0.07478,1
1505722205,21730363,1.18595,117.43522,0
1505722193,21730357,1.18550,24.44478,1
1505722189,21730347,1.18551,6859.02313,1
1505722188,21730344,1.18597,513.69000,1
1505722188,21730342,1.18595,446.31000,0
1505722186,21730329,1.18596,570.69617,1
1505722092,21730148,1.19087,238.18215,0
1505722090,21730135,1.19050,9.82522,0
1505722083,21730113,1.19050,474.57656,0
1505722083,21730112,1.19050,79.34344,0
1505722064,21730079,1.19050,180.31000,0
1505722063,21730076,1.19050,24.36020,0
1505722059,21730070,1.19050,58.37000,0
1505722025,21729976,1.19049,390.28000,0
1505722025,21729974,1.19050,455.15874,0
1505722024,21729973,1.19049,920.00000,0
1505722024,21729972,1.19000,0.15808,0
1505722015,21729945,1.19000,79.65017,0
1505722011,21729939,1.19000,658.13688,0
1505722004,21729931,1.19000,100.31761,0
1505722004,21729929,1.19000,658.89155,0
1505721999,21729911,1.19000,190.75497,0
1505721993,21729902,1.19000,1676.69458,0
1505721990,21729887,1.19000,657.87758,0
1505721989,21729882,1.19000,977.51858,0
1505721989,21729881,1.18998,1308.15142,0
1505721987,21729873,1.18997,298.93000,0
1505721985,21729866,1.18998,657.64464,0
1505721981,21729858,1.18998,657.40626,0
1505721971,21729840,1.18998,657.17351,0
1505721966,21729835,1.18998,656.94083,0
1505721962,21729829,1.18998,656.70825,0
1505721958,21729824,1.18998,656.47573,0
1505721955,21729821,1.18998,656.24331,0
1505721950,21729813,1.18995,656.01097,0
1505721945,21729807,1.18998,654.80882,0
1505721945,21729804,1.18900,0.95888,0
1505721940,21729798,1.18900,474.74346,0
1505721935,21729789,1.18900,524.29766,0
1505721935,21729787,1.18900,130.67895,0
1505721934,21729785,1.18900,187.80197,0
1505721929,21729766,1.18900,654.53783,0
1505721926,21729760,1.18900,654.09935,0
1505721920,21729755,1.18900,653.66117,0
1505721910,21729692,1.18900,492.05213,0
1505721898,21729671,1.18900,280.21585,0
1505721898,21729670,1.18899,0.06637,0
1505721897,21729664,1.18899,82.39362,0
1505721820,21729559,1.18502,384.40178,1
1505721802,21729512,1.18502,100.00000,1
1505721743,21729396,1.18502,99.99999,1
1505721725,21729364,1.18502,117.65999,1
1505721629,21729221,1.18900,240.83446,0
1505721627,21729214,1.18900,1976.32903,0
1505721626,21729211,1.18900,25.22286,0
1505721447,21728833,1.18900,645.95510,0
1505721226,21728594,1.18502,50.95273,1
1505721200,21728563,1.18502,151.82867,1
1505720769,21728053,1.18900,61.34000,0
1505720766,21728031,1.18900,153.13000,0
1505720757,21728014,1.18900,140.70693,0
1505720747,21727984,1.18899,489.97888,0
1505720551,21727655,1.18502,389.79933,1
1505720545,21727636,1.18502,2132.25938,1
1505720543,21727629,1.18502,1676.78039,1
1505720541,21727627,1.18502,289.47362,1
1505720541,21727624,1.18502,3087.20998,1
1505720535,21727586,1.18502,691.51918,1
1505720534,21727584,1.18550,420.32704,1
1505720530,21727556,1.18550,869.36999,1
1505720529,21727547,1.18550,268.21673,1
1505720528,21727542,1.18550,3019.33609,1
1505720528,21727540,1.18550,233.29127,1
1505720528,21727535,1.18550,20.39663,1
1505720527,21727531,1.18550,84.89707,1
1505720520,21727502,1.18550,42.27664,1
1505720512,21727478,1.18550,227.83337,1
1505720512,21727475,1.18550,15.47268,1
1505720511,21727470,1.18550,307.73999,1
1505720509,21727459,1.18550,77.34999,1
1505720501,21727434,1.18550,19.61417,1
1505720499,21727428,1.18550,58.98999,1
1505720484,21727381,1.18550,1025.21997,1
1505720467,21727343,1.18550,60.00000,1
1505720396,21727210,1.18900,389.52968,0
1505720395,21727206,1.18899,76.70900,1
1505720395,21727204,1.18899,3.08772,1
1505720395,21727201,1.18899,77.10999,1
1505720345,21727063,1.18550,9.42027,1
1505720111,21726628,1.18900,71.58219,0
1505720111,21726627,1.18900,65.32250,0
1505720111,21726626,1.18898,0.48750,0
1505720100,21726549,1.18898,97.01250,0
1505719921,21726244,1.18551,79.16221,0
1505719918,21726233,1.18551,12.32675,1
1505719877,21726154,1.18551,69.91928,0
1505719871,21726121,1.18550,116.72000,1
1505719814,21726004,1.18550,384.64999,1
1505719781,21725941,1.18560,1290.75935,1
1505719726,21725848,1.18560,287.72999,1
1505719716,21725834,1.18560,469.32794,1
1505719715,21725825,1.18560,5987.99998,1
1505719704,21725806,1.18560,839.51999,1
1505719682,21725768,1.18560,466.19999,1
1505719530,21725538,1.18587,309.52381,0
1505719529,21725535,1.18587,66.82000,0
1505719528,21725530,1.18587,4000.00000,1
1505719493,21725442,1.18787,4000.00000,1
1505719439,21725323,1.18986,652.18949,1
1505719439,21725322,1.18987,1347.97060,1
1505719433,21725297,1.18987,622.23605,1
1505719427,21725245,1.18987,226.55938,1
1505719425,21725223,1.18987,82.40397,1
1505719419,21725179,1.18987,1720.83000,1
1505719385,21725057,1.18984,78.92074,0
1505719384,21725056,1.18984,392.21999,0
1505719384,21725045,1.18984,36.19695,0
1505719379,21725003,1.18986,68.82350,0
1505719276,21724770,1.18560,50.00000,1
1505719267,21724747,1.18560,457.40000,1
1505719191,21724564,1.18561,434.75033,1
1505719191,21724563,1.18561,1175.29999,1
1505719167,21724508,1.18561,238.80999,1
1505719142,21724428,1.18561,256.07883,1
1505719137,21724400,1.18561,349.44881,1
1505719028,21724198,1.18561,215.83998,1
1505719023,21724181,1.18561,82.44999,1
1505718950,21723985,1.18561,49.50833,1
1505718915,21723899,1.18561,59.71610,1
1505718902,21723850,1.18561,50.87677,1
1505718890,21723809,1.18561,138.92427,1
1505718882,21723786,1.18561,461.59999,1
1505718821,21723697,1.18561,523.40999,1
1505718814,21723688,1.18561,334.20937,1
1505718812,21723680,1.18561,295.48134,1
1505718800,21723654,1.18561,229.85999,1
1505718798,21723645,1.18561,4.94022,1
1505718788,21723607,1.18561,82.47232,1
1505718777,21723591,1.18561,792.62996,1
1505718769,21723577,1.18573,72.52684,1
1505718762,21723566,1.18574,90.96685,1
1505718760,21723557,1.18573,63.00376,1
1505718759,21723556,1.18574,210.00000,1
1505718756,21723548,1.18575,84.93604,0
1505718756,21723545,1.18575,27.95088,0
1505718756,21723539,1.18575,303.98686,1
1505718753,21723524,1.18575,216.01314,1
1505718645,21723245,1.18571,234.20304,1
1505718645,21723242,1.18571,795.79696,1
1505718640,21723225,1.18570,0.88778,1
1505718640,21723223,1.18571,121.83585,1
1505718636,21723206,1.18570,254.99449,1
1505718635,21723202,1.18570,76.09999,1
1505718622,21723163,1.18566,267.72999,1
1505718621,21723158,1.18565,573.69619,1
1505718553,21723013,1.18555,122.94153,1
1505718549,21723005,1.18554,205.42999,1
1505718547,21722995,1.18555,122.94153,1
1505718542,21722967,1.18551,122.94153,1
1505718539,21722943,1.18557,84.94419,1
1505718538,21722939,1.18551,4105.91360,1
1505718538,21722937,1.18556,958.60465,1
1505718537,21722930,1.18556,86.55241,1
1505718519,21722884,1.18556,231.24999,1
1505718495,21722831,1.18555,30.80999,1
1505718485,21722809,1.18572,145.08616,1
1505718424,21722668,1.18606,99.74201,1
1505718421,21722660,1.18604,69.15000,0
1505718070,21721632,1.18563,90.00000,1
1505718032,21721541,1.19299,199.35907,0
1505718027,21721527,1.19299,59.97085,0
1505718019,21721491,1.19252,255.06491,1
1505718018,21721484,1.19301,133.36201,1
1505718009,21721446,1.19301,0.11927,1
1505718009,21721443,1.19302,161.40000,1
1505718008,21721438,1.19321,333.53000,0
1505718007,21721430,1.19321,53.34085,0
1505718002,21721391,1.19321,330.72000,0
1505717999,21721370,1.19321,1071.89850,0
1505717999,21721369,1.19320,0.00150,0
1505717999,21721367,1.19320,1133.32000,0
1505717986,21721306,1.19320,166.19976,0
1505717982,21721268,1.19320,619.26000,0
1505717978,21721249,1.19320,100.37964,0
1505717974,21721239,1.19320,100.37964,0
1505717971,21721231,1.19320,69.31000,0
1505717968,21721220,1.19320,78.26000,0
1505717966,21721210,1.19320,111.15848,0
1505717963,21721201,1.19320,138.81000,0
1505717955,21721171,1.19320,761.27384,0
1505717952,21721159,1.19320,195.31054,0
1505717952,21721158,1.19320,131.00479,0
1505717947,21721134,1.19321,131.00369,0
1505717946,21721127,1.19304,112.94573,0
1505717945,21721117,1.19304,284.46090,0
1505717944,21721113,1.19304,2243.34000,0
1505717943,21721111,1.19304,352.62032,0
1505717942,21721094,1.19304,6.63305,0
1505717941,21721093,1.19300,85.00000,0
1505717941,21721092,1.19300,6.72695,0
1505717941,21721091,1.19299,5.80492,0
1505717941,21721089,1.19299,179.63000,0
1505717938,21721075,1.19299,1017.59283,0
1505717933,21721046,1.19251,71.00000,0
1505717933,21721044,1.19250,1.64111,0
1505717932,21721038,1.19250,326.58039,0
1505717930,21721017,1.19250,315.89239,0
