date,tid,price,amount,type
1505779236,21805557,0.01378181,59.62720794,1
1505779236,21805556,0.01378181,1.03652200,1
1505779148,21805417,0.01376954,17.67974819,0
1505779125,21805358,0.01376954,31.11506022,0
1505779094,21805335,0.01376969,17.08481175,1
1505779094,21805332,0.01376959,14.50000000,0
1505779094,21805329,0.01376956,3.77488044,0
1505779042,21805225,0.01376981,13.38172902,0
1505778986,21805132,0.01377548,17.73261553,0
1505778973,21805111,0.01377557,35.45953142,0
1505778959,21805074,0.01377905,21.77370200,0
1505777947,21804440,0.01377825,30.18799500,0
1505776210,21803826,0.01376390,0.00641700,0
1505776018,21803727,0.01378170,9.16025300,1
1505776015,21803725,0.01378170,1.79826000,1
1505776014,21803723,0.01378170,3.19752000,1
1505775896,21803621,0.01378170,0.84396700,1
1505775896,21803619,0.01380000,7.04951400,1
1505775890,21803612,0.01380000,1.40639600,1
1505775816,21803560,0.01378142,1.00000000,1
1505775687,21803514,0.01378000,0.16409000,1
1505775671,21803508,0.01378000,0.98000000,1
1505774406,21802883,0.01379559,29.99857169,0
1505773980,21802328,0.01380771,1.01935000,0
1505772801,21801717,0.01368000,1.46457457,1
1505772252,21800457,0.01373037,16.70811386,1
1505772251,21800456,0.01374002,0.60230914,1
1505771767,21800069,0.01374972,9.77000000,0
1505770656,21799232,0.01372019,15.15000000,1
1505770656,21799231,0.01373350,13.38000000,1
1505770649,21799202,0.01373349,28.53000000,1
1505770589,21799031,0.01373326,1.82393000,1
1505770578,21798986,0.01373325,1.21231500,1
1505770503,21798864,0.01373302,1.72406700,1
1505770499,21798856,0.01373305,1.74776700,1
1505770421,21798646,0.01373251,44.30000000,1
1505769989,21798366,0.01373000,31.49000000,1
1505769849,21798224,0.01380633,20.02045221,0
1505769729,21798154,0.01381994,91.83412011,1
1505769729,21798153,0.01380639,1.05246050,0
1505769728,21798152,0.01380639,4.52369000,1
1505769728,21798151,0.01380635,14.50000000,0
1505769728,21798150,0.01380635,88.77292000,1
1505769726,21798146,0.01380634,28.31734707,1
1505769726,21798144,0.01380634,59.93720540,0
1505769701,21798139,0.01380639,1.05307513,0
1505769458,21797748,0.01380814,2.12324034,0
1505769052,21797454,0.01375000,27.20000000,1
1505769036,21797435,0.01374001,26.98000000,1
1505769029,21797430,0.01373007,50.00000000,1
1505768998,21797398,0.01373003,14.50000000,1
1505768991,21797397,0.01374056,14.50000000,1
1505768958,21797364,0.01374000,35.91577181,1
1505768958,21797363,0.01374001,2.20123946,1
1505768958,21797362,0.01374007,10.00000000,1
1505768958,21797360,0.01374053,1.88298873,1
1505768951,21797343,0.01374054,50.00000000,1
1505768299,21796985,0.01376008,40.99734316,1
1505768299,21796984,0.01377000,95.00000000,1
1505768298,21796982,0.01381629,0.00000041,1
1505768012,21796833,0.01381629,8.48705000,1
1505768008,21796828,0.01381629,1.50203854,1
1505768007,21796827,0.01381621,14.50000000,0
1505768007,21796826,0.01381620,1.50196943,0
1505766996,21796281,0.01376001,11.36029175,1
1505766630,21795900,0.01377009,10.57940000,1
1505766580,21795887,0.01377009,22.71063000,1
1505766568,21795879,0.01377009,65.40720000,1
1505766566,21795875,0.01377009,4.37419000,1
1505766566,21795874,0.01377009,25.83214780,1
1505765492,21795240,0.01374001,16.51833716,1
1505765490,21795239,0.01374003,0.48166284,1
1505764963,21794935,0.01384906,40.93932367,1
1505764963,21794933,0.01381134,1.00000000,0
1505764963,21794930,0.01381122,0.90900000,1
1505764962,21794928,0.01381122,49.21626765,1
1505764962,21794927,0.01381122,3.16879343,0
1505764547,21794592,0.01376025,6.06062800,1
1505764543,21794576,0.01376025,3.93937200,1
1505764107,21794220,0.01380937,1.77343354,0
1505763708,21794025,0.01376001,15.24649619,1
1505763707,21794021,0.01376001,1.24438100,1
1505763086,21793540,0.01378421,1.30961441,1
1505763075,21793529,0.01380700,0.00039837,1
1505763073,21793522,0.01380700,199.72043168,1
1505763057,21793511,0.01380700,23.96842182,1
1505763055,21793504,0.01380700,176.03077282,1
1505763051,21793499,0.01380700,3.00036214,1
1505763028,21793483,0.01380700,0.84780400,1
1505763020,21793475,0.01380700,1.51169697,1
1505763020,21793474,0.01380700,15.86084000,1
1505763015,21793463,0.01380700,13.05927220,1
1505763015,21793462,0.01380701,0.83389794,1
1505762550,21793139,0.01382014,1.50461573,1
1505762333,21792953,0.01389400,1.82000000,1
1505762332,21792952,0.01386911,1.00000000,0
1505762135,21792856,0.01389299,0.81049867,1
1505762133,21792855,0.01386911,1.00000000,0
1505761776,21792559,0.01383002,2.06393000,1
1505761636,21792476,0.01384564,0.00032133,0
1505761636,21792475,0.01384564,1.87887867,0
1505761625,21792456,0.01389000,1.87920000,1
1505761609,21792423,0.01386001,0.52583717,1
1505761577,21792386,0.01385951,1.04947717,1
1505761411,21792249,0.01386908,1.00000000,0
1505761080,21791867,0.01381001,1.00000000,1
1505760514,21791531,0.01385001,2.00000000,1
1505760504,21791521,0.01386001,2.00000000,1
1505759394,21790842,0.01383013,1.49703200,0
1505759388,21790834,0.01383013,0.92871930,0
1505759388,21790833,0.01383009,2.79058199,0
1505759387,21790830,0.01383000,87.18336949,1
1505759386,21790824,0.01383013,74.11457151,1
1505759386,21790822,0.01383016,4.05335049,1
1505758746,21790210,0.01383077,15.05259650,1
1505758267,21789660,0.01397719,2.00040852,0
1505758184,21789593,0.01388003,0.92504000,1
1505758180,21789586,0.01386282,1.21570950,0
1505758180,21789584,0.01387004,0.78429050,1
1505758175,21789577,0.01388001,2.00000000,1
1505758171,21789575,0.01387004,2.00000000,1
1505758166,21789548,0.01387002,2.00000000,1
1505758161,21789541,0.01387002,2.00000000,1
1505758156,21789539,0.01387001,0.86662130,1
1505758152,21789537,0.01387000,1.13337870,1
1505758152,21789536,0.01387001,0.86662130,1
1505758147,21789531,0.01387000,2.00000000,1
1505758141,21789525,0.01388000,1.04309724,1
1505758141,21789524,0.01388001,0.95690276,1
1505758136,21789522,0.01388001,3.16048480,1
1505758135,21789521,0.01388001,2.00000000,1
1505758131,21789520,0.01388000,2.00000000,1
1505758127,21789517,0.01387001,2.00000000,1
1505758124,21789514,0.01387000,0.94188644,1
1505758124,21789513,0.01387001,1.05811356,1
1505758119,21789510,0.01387000,2.00000000,1
1505758115,21789506,0.01387000,2.00000000,1
1505758110,21789505,0.01387001,1.16918637,1
1505758035,21789452,0.01385295,2.00000000,0
1505758028,21789450,0.01386029,2.00000000,1
1505758024,21789443,0.01386029,2.00000000,1
1505758019,21789439,0.01386029,2.00000000,1
1505758016,21789437,0.01386029,1.73779194,1
1505758012,21789432,0.01386029,2.00000000,1
1505758007,21789424,0.01386027,2.00000000,1
1505758002,21789422,0.01386027,2.00000000,1
1505757998,21789416,0.01386025,2.00000000,1
1505757993,21789412,0.01386025,2.00000000,1
1505757988,21789404,0.01386025,2.00000000,1
1505757983,21789396,0.01386023,2.00000000,1
1505757978,21789385,0.01386023,2.00000000,1
1505757978,21789379,0.01386022,3.77339900,1
1505757973,21789359,0.01386020,2.00000000,1
1505757968,21789354,0.01386017,2.00000000,1
1505757963,21789347,0.01386014,1.29834255,1
1505757958,21789341,0.01386005,0.70165745,1
1505757958,21789340,0.01386009,1.29834255,1
1505757953,21789332,0.01386007,2.00000000,1
1505757946,21789319,0.01386004,2.00000000,1
1505757844,21789167,0.01386911,1.00000000,0
1505757821,21789132,0.01385281,2.00000000,0
1505757813,21789117,0.01385281,1.42224852,0
1505757812,21789116,0.01386001,0.57775148,1
1505757761,21789007,0.01386911,1.00000000,0
1505757154,21788049,0.01385997,1.75671249,0
1505757143,21788029,0.01386828,1.08705618,0
1505757143,21788026,0.01386831,7.47134476,0
1505756781,21787586,0.01386911,1.00000000,0
1505756767,21787574,0.01386910,9.56736198,0
1505756734,21787523,0.01386911,0.95143605,0
1505756473,21787311,0.01386911,1.00000000,0
1505756417,21787274,0.01390066,0.96588579,1
1505756415,21787272,0.01386911,1.00000000,0
1505756373,21787207,0.01383036,15.22758627,1
1505756278,21787091,0.01383034,1.79187700,1
1505755839,21786704,0.01381019,22.59952960,1
1505755515,21785896,0.01380001,1.00000000,1
1505755266,21785385,0.01386911,1.00000000,0
1505755225,21785226,0.01385279,1.00000000,0
1505755224,21785219,0.01385000,51.52779784,1
1505755224,21785218,0.01385000,1.00000000,1
1505755222,21785213,0.01385000,1.51364621,1
1505755219,21785198,0.01385000,1.00000000,1
1505755190,21785067,0.01387000,15.16698486,1
1505755188,21785065,0.01386911,1.00000000,0
1505755188,21785064,0.01386161,11.86874788,0
1505755169,21785054,0.01384001,10.18900000,1
1505755168,21785052,0.01384001,0.00563993,1
1505755168,21785051,0.01384004,8.05586007,1
1505755143,21785018,0.01386161,13.79579500,0
1505754278,21784301,0.01386161,1.54612631,0
1505754071,21784114,0.01386521,1.00720074,0
1505753837,21783936,0.01380040,2.18430244,1
1505753811,21783898,0.01386943,7.68596834,0
1505753630,21783667,0.01381001,13.15587779,1
1505753630,21783666,0.01381002,0.55412221,1
1505753250,21783197,0.01383003,7.00000000,1
1505753116,21782981,0.01383003,9.88761413,1
1505752194,21782044,0.01379065,7.71174673,1
1505752099,21781722,0.01379005,2.99999966,0
1505752097,21781710,0.01381064,0.00000034,1
1505751513,21780758,0.01381064,12.70650100,1
1505751302,21780532,0.01381068,7.18646729,1
1505751278,21780507,0.01385081,7.16599137,0
1505751233,21780455,0.01381064,14.03036600,1
1505751227,21780445,0.01381064,1.50036100,1
1505751224,21780437,0.01381064,15.53035100,1
1505751094,21780211,0.01381064,13.29168800,1
1505751093,21780209,0.01381067,1.76160896,1
1505750977,21779909,0.01387544,0.18869767,0
1505750820,21779679,0.01390340,17.03921096,0
1505750820,21779678,0.01390340,15.05300000,0
1505750820,21779677,0.01390340,12.99900000,0
1505750577,21779485,0.01390989,0.71711998,0
1505750389,21779289,0.01381196,1.44794900,1
1505750166,21779053,0.01379458,2.50000000,0
1505750115,21778996,0.01385009,4.02382655,1
1505750115,21778995,0.01385010,2.74917900,1
1505749666,21778322,0.01383217,1.54502262,1
1505749444,21778080,0.01393259,4.00000000,0
1505749444,21778079,0.01389112,1.00000000,0
1505749422,21778024,0.01393272,31.08666456,1
1505749421,21778023,0.01389112,1.00000000,0
1505749421,21778022,0.01388583,11.52197407,0
1505749421,21778021,0.01387003,1.67127000,0
1505749368,21777961,0.01383228,7.32847000,1
1505749296,21777861,0.01390632,86.27258181,1
1505749294,21777858,0.01390632,27.44766730,0
1505749027,21777298,0.01390914,2.99273499,0
1505748754,21776869,0.01390336,0.15000000,0
1505748599,21776593,0.01387003,8.82389000,1
1505748580,21776563,0.01388000,1.46525700,1
1505748372,21776133,0.01388000,8.62671225,1
1505748371,21776132,0.01388000,2.89526100,1
1505748370,21776124,0.01388000,20.41889900,1
1505748370,21776123,0.01388000,11.97744700,1
1505748370,21776122,0.01388000,1.98365400,1
1505748369,21776121,0.01388000,5.37992613,1
1505748356,21776071,0.01387003,2.00000000,1
1505748350,21776061,0.01389000,2.00000000,1
1505748350,21776057,0.01389000,20.41889900,1
1505748346,21776045,0.01387002,2.00000000,1
1505748342,21776042,0.01387001,2.00000000,1
1505748337,21776031,0.01387001,2.00000000,1
1505748332,21775991,0.01387000,2.00000000,1
1505748325,21775938,0.01387001,1.00000000,1
1505748314,21775912,0.01386215,0.73536344,0
1505748314,21775910,0.01386213,12.74940167,0
1505748311,21775903,0.01386214,3.24597400,0
1505748309,21775898,0.01385011,2.73731000,1
1505748309,21775893,0.01386214,5.51201300,0
1505748288,21775809,0.01386215,12.53463656,0
1505748288,21775806,0.01386215,22.16136344,0
1505748284,21775788,0.01386215,10.50094000,0
1505748224,21775512,0.01380000,5.62422500,1
1505748224,21775511,0.01380003,4.98614200,1
1505748184,21775421,0.01387080,5.75311571,0
1505748123,21775252,0.01374017,5.02510200,0
1505748059,21775135,0.01376000,5.15635002,1
1505748059,21775134,0.01376001,0.46787498,1
1505748045,21775113,0.01375000,5.62286500,1
1505747604,21774485,0.01373687,5.97030000,1
1505747587,21774468,0.01373511,4.04838120,0
1505747585,21774465,0.01373680,2.85807475,1
1505747585,21774464,0.01373682,13.42331355,1
1505747569,21774417,0.01374000,2.32669400,0
1505747563,21774404,0.01374000,20.32976900,0
1505747559,21774389,0.01374000,4.22440000,0
1505747550,21774344,0.01374000,0.72664991,0
1505747540,21774288,0.01374000,0.58000000,1
1505747409,21773944,0.01375020,7.12238500,0
1505747387,21773899,0.01375020,2.85528947,1
1505747387,21773898,0.01375021,1.10580072,1
1505747171,21772749,0.01381664,0.79444000,0
1505747146,21772666,0.01375789,0.00475922,0
1505747142,21772638,0.01375789,0.83000000,0
1505747126,21772591,0.01375789,0.94560100,0
1505747053,21772397,0.01378718,0.00000001,0
1505747046,21772379,0.01378718,0.61872084,0
1505747039,21772313,0.01378717,2.55210966,0
1505747025,21772264,0.01377000,0.61000000,0
1505747024,21772260,0.01378113,2.84888113,1
1505746986,21772141,0.01382475,1.00000000,0
1505746932,21772041,0.01378107,1.00000000,1
1505746904,21771940,0.01378101,33.25005200,1
1505746891,21771890,0.01377000,8.50030484,1
1505746891,21771889,0.01377001,32.78104518,1
1505746891,21771888,0.01378095,1.00000000,1
1505746891,21771887,0.01381012,12.75856898,1
1505746890,21771886,0.01382006,14.27000000,1
1505746890,21771881,0.01383860,0.01407420,1
1505746889,21771880,0.01383860,0.61872085,1
1505746788,21771574,0.01386007,93.93833312,1
1505746788,21771573,0.01387045,0.02684452,1
1505746785,21771565,0.01387045,0.50050574,1
1505746768,21771546,0.01387038,1.74061562,1
1505746711,21771469,0.01389923,2.55350700,0
1505746710,21771467,0.01389923,0.93944100,0
1505746689,21771448,0.01389000,2.00000000,1
1505746684,21771434,0.01389001,2.00000000,1
1505746286,21770831,0.01383860,1.18231900,1
1505746259,21770731,0.01383862,0.62468502,1
1505746259,21770730,0.01383863,2.26415163,1
1505746253,21770698,0.01383861,1.25230605,1
1505746249,21770679,0.01383861,14.83280800,1
1505746241,21770655,0.01384995,2.70000000,0
1505746241,21770654,0.01383860,2.10150000,0
1505746239,21770645,0.01383860,3.01000000,0
1505746236,21770633,0.01383860,1.68968585,0
1505746229,21770575,0.01387018,2.54814448,1
1505746196,21770424,0.01387007,8.87988309,0
1505746161,21770256,0.01397668,22.00000000,1
1505746069,21769690,0.01396061,13.49000000,1
1505746063,21769661,0.01396057,67.12877200,0
1505746061,21769648,0.01396058,28.62007000,1
1505746033,21769516,0.01396087,13.25437471,0
1505745789,21769009,0.01392001,0.20207254,1
1505745643,21768558,0.01393011,4.73791500,1
1505745642,21768552,0.01393011,0.78989000,1
1505745613,21768413,0.01396001,0.21102160,1
1505745608,21768380,0.01396003,1.00000000,1
1505745571,21768249,0.01397003,11.87949200,1
1505745361,21767890,0.01399185,18.00162500,0
1505745309,21767825,0.01399000,0.44029713,1
1505745303,21767818,0.01399003,1.00000000,1
1505745118,21767628,0.01399185,5.53468461,1
1505745115,21767625,0.01399188,4.74057400,1
1505745110,21767619,0.01399186,6.06681184,1
1505744832,21767331,0.01399003,10.00000000,1
1505744712,21767247,0.01406549,13.78624609,0
1505744712,21767246,0.01406546,31.49366254,0
1505744632,21767106,0.01406668,43.69921758,1
1505744629,21767100,0.01402003,6.05462199,1
1505744627,21767094,0.01406662,5.94000000,1
1505744626,21767091,0.01406662,1.27617053,1
1505744626,21767089,0.01406676,13.48982947,1
1505744623,21767079,0.01406658,1.87268500,0
1505744600,21767026,0.01402001,1.04247400,1
1505744599,21767024,0.01402002,1.87268500,1
1505744468,21766842,0.01404000,1.00000000,1
1505744462,21766830,0.01404000,1.70179200,1
1505744431,21766805,0.01405000,2.12600000,0
1505744261,21766652,0.01399000,1.00000000,0
1505744261,21766651,0.01398682,0.34335072,0
1505744220,21766602,0.01398682,20.38768810,0
1505744220,21766601,0.01398681,1.34335090,0
1505744194,21766528,0.01393004,6.06013049,1
1505744191,21766522,0.01394000,59.07712411,1
1505744191,21766520,0.01396000,2.00000000,1
1505744189,21766500,0.01394000,13.47821700,1
1505744188,21766495,0.01396001,3.28668110,1
1505744185,21766492,0.01396001,0.35927000,1
1505744177,21766479,0.01396000,8.40570000,1
1505744175,21766474,0.01396000,66.76303727,1
1505744123,21766428,0.01392000,2.15499282,1
1505744122,21766425,0.01392000,2.15914700,1
1505744086,21766277,0.01391001,4.11022533,1
1505744074,21766267,0.01391004,5.64030981,1
1505744017,21766232,0.01393000,43.04063341,1
1505744017,21766230,0.01393001,0.00059129,1
1505744016,21766224,0.01393001,5.92417953,1
1505744015,21766220,0.01393019,2.05712000,1
1505744003,21766184,0.01393000,17.65687511,1
1505743768,21765913,0.01395587,7.00000000,0
1505743629,21765798,0.01396729,142.87667829,0
1505743228,21765338,0.01399000,2.03869000,0
1505743228,21765337,0.01398770,1.00000000,0
1505743174,21765104,0.01399000,2.46131000,0
1505743086,21764984,0.01396002,8.77429745,1
1505743067,21764961,0.01397005,6.78500300,1
1505742983,21764853,0.01398002,1.70915350,1
1505742982,21764852,0.01398002,7.68637500,1
1505742938,21764759,0.01397001,15.08017180,1
1505742749,21764504,0.01401992,75.56369300,0
1505742748,21764501,0.01401992,65.75230101,0
1505742708,21764436,0.01400002,2.61338900,1
1505742676,21764414,0.01401994,0.73155590,1
1505742663,21764398,0.01404996,5.65086200,1
1505742663,21764397,0.01404997,1.21195400,1
1505742662,21764388,0.01401994,0.26844410,1
1505742644,21764352,0.01401001,1.89606400,1
1505742638,21764342,0.01401994,0.93942306,0
1505742604,21764277,0.01401003,30.49999900,1
1505742557,21764187,0.01403880,1.00000000,0
1505742556,21764185,0.01403880,0.66186372,0
1505742499,21764025,0.01404995,125.77870455,0
1505742499,21764023,0.01403886,1.00000000,0
1505742497,21764020,0.01403880,14.27000000,0
1505742462,21763965,0.01403883,8.64252932,0
1505742385,21763837,0.01403058,2.00000000,0
1505742357,21763798,0.01403064,0.99998694,0
1505742322,21763765,0.01400000,3.35776560,1
1505742313,21763746,0.01400002,0.29623373,0
1505742313,21763737,0.01400016,0.70376627,1
1505742268,21763574,0.01403063,2.28278966,0
1505742229,21763514,0.01403068,18.96682036,0
1505742229,21763513,0.01403066,24.31308827,0
1505742206,21763441,0.01403104,94.14624860,0
1505742204,21763438,0.01400579,1.00000000,0
1505742154,21763406,0.01403500,7.18057427,0
1505741894,21763066,0.01400030,24.10000000,1
1505741894,21763065,0.01400032,11.37156300,1
1505741662,21762302,0.01401337,3.57738341,0
1505741031,21760866,0.01392126,59.62345491,1
1505741031,21760865,0.01392129,19.50104460,1
1505741014,21760800,0.01399897,1.06883506,0
1505740966,21760593,0.01392042,13.06145300,1
1505740828,21760310,0.01396815,6.74581759,0
1505740671,21759981,0.01396902,4.25182449,0
1505740671,21759980,0.01396899,31.49366254,0
1505740619,21759840,0.01388017,9.16000541,0
1505740618,21759833,0.01388027,0.60009861,1
1505740518,21759622,0.01388026,9.68202326,1
1505740497,21759481,0.01388022,1.46021056,1
1505740482,21759447,0.01388018,1.72812500,1
1505740410,21759315,0.01396955,2.78860401,0
1505740034,21758790,0.01384064,2.72086600,1
1505740007,21758725,0.01384289,1.00000000,1
1505739849,21758563,0.01388022,14.22960155,1
1505739699,21758385,0.01388005,3.84083968,1
1505739684,21758360,0.01396192,16.89738622,1
1505739684,21758358,0.01394339,18.10261378,0
1505739330,21757426,0.01383001,2.38209759,1
1505739231,21757227,0.01384001,1.88223203,1
1505738378,21755122,0.01384000,117.60870767,1
1505738378,21755121,0.01384001,32.39129233,1
1505738331,21755066,0.01383009,0.83483077,1
1505738261,21754992,0.01383004,0.00015645,0
1505738239,21754929,0.01383004,29.39664687,0
1505738238,21754927,0.01383004,0.63054897,1
1505738180,21754756,0.01384044,40.59785501,1
1505738180,21754755,0.01384047,31.49366254,1
1505738146,21754654,0.01392969,0.77218660,0
1505738146,21754652,0.01392969,7.39241003,0
1505738074,21754448,0.01389294,5.28742946,0
1505738074,21754445,0.01389291,31.49366254,0
1505738073,21754438,0.01389294,31.49365737,0
1505737762,21753593,0.01389321,2.94884745,0
1505737729,21753416,0.01384001,2.10101200,0
1505737706,21753358,0.01384000,1.77295304,1
1505737590,21752967,0.01380011,1.77596700,1
1505737587,21752946,0.01380010,16.20126400,0
1505737542,21752734,0.01380003,39.79761400,1
1505737390,21752004,0.01378013,0.77843984,1
1505737390,21752003,0.01378014,58.53449456,1
1505737082,21751524,0.01378002,1.41136100,1
1505737037,21751482,0.01378001,1.09999500,1
1505736985,21751437,0.01383916,36.05721947,0
1505736896,21751289,0.01375861,1.52404900,1
1505736696,21751112,0.01375810,4.10061900,1
1505736693,21751090,0.01375806,27.39260919,1
1505736693,21751088,0.01375809,4.10061881,1
1505736556,21750887,0.01385813,3.02315174,0
1505736344,21750744,0.01380161,4.10018976,0
1505736129,21750567,0.01380401,13.16999500,0
1505736011,21750447,0.01373022,3.20773060,1
1505736009,21750445,0.01373023,10.59247940,1
1505735799,21750113,0.01374004,1.00000000,1
1505735367,21749756,0.01381708,16.93158540,0
1505734807,21749427,0.01375408,1.00000000,1
1505734562,21749273,0.01375411,12.54265089,1
1505734525,21749247,0.01374007,1.60100000,0
1505733760,21747915,0.01378651,0.79632000,0
1505733753,21747904,0.01378651,0.79632000,0
1505733747,21747886,0.01378651,0.68000000,0
1505733736,21747875,0.01378651,0.79633000,0
1505733735,21747874,0.01378651,0.79638000,0
1505733730,21747868,0.01378651,0.81000000,0
1505733481,21747528,0.01375001,0.79739000,0
1505733468,21747516,0.01375001,0.79738000,0
1505733463,21747512,0.01375001,0.79739000,0
1505733450,21747497,0.01375002,0.79739000,0
1505733433,21747467,0.01375004,0.79739000,0
1505733430,21747455,0.01375008,0.79738000,1
1505733409,21747421,0.01375007,1.00000000,0
1505733406,21747415,0.01375007,0.65725606,0
1505733283,21746676,0.01384973,4.33185340,0
1505733125,21746508,0.01390000,5.36440217,1
1505733091,21746450,0.01388973,12.43347269,0
1505733071,21746430,0.01388000,9.00000000,0
1505733071,21746429,0.01387999,1.89000000,0
1505733056,21746380,0.01388000,61.97811892,1
1505732937,21746250,0.01383003,23.28243600,1
1505732630,21745915,0.01377360,3.54490000,0
1505732125,21745221,0.01377484,43.30284707,0
1505731765,21744909,0.01381813,11.61523375,1
1505731764,21744906,0.01381813,31.49366254,0
1505731623,21744645,0.01373010,9.41143911,0
1505731528,21744500,0.01375000,5.44315076,1
1505731526,21744484,0.01375000,2.68678248,1
1505731526,21744483,0.01375003,3.23321752,1
1505731524,21744475,0.01375014,6.87095000,1
1505731524,21744474,0.01376000,156.00000000,1
1505731511,21744439,0.01375015,8.03991230,1
1505731488,21744382,0.01377004,20.00001453,1
1505731364,21744199,0.01383944,0.70498000,0
1505731270,21744012,0.01383953,30.26160204,0
1505731270,21744010,0.01382000,0.21999668,0
1505731193,21743881,0.01376001,15.20725640,1
1505731168,21743841,0.01379948,2.14839197,0
1505731168,21743840,0.01379948,1.29711100,0
1505731111,21743784,0.01375003,6.69701332,1
1505731110,21743779,0.01375003,6.65126789,1
1505731108,21743778,0.01375001,4.63264258,1
1505731108,21743774,0.01375002,9.03542021,1
1505731100,21743756,0.01375001,6.33155904,1
1505731068,21743712,0.01376001,19.99962210,1
1505730866,21743377,0.01373001,1.54923413,1
1505730845,21743348,0.01372004,1.32025855,1
1505730837,21743334,0.01373003,1.32108587,1
1505730835,21743326,0.01373002,1.14362543,1
1505730824,21743301,0.01374235,13.73514109,1
1505730824,21743300,0.01375000,0.05852791,1
1505730814,21743277,0.01375000,0.78391409,1
1505730451,21742722,0.01381073,1.82899955,1
1505729829,21741498,0.01380573,1.01154231,0
1505729621,21741348,0.01375000,9.15755800,1
1505729095,21740969,0.01378109,4.77999500,0
1505729095,21740968,0.01378109,1.54360600,0
1505729052,21740916,0.01378109,15.73721058,0
1505729013,21740873,0.01378109,0.79565000,0
1505729007,21740864,0.01375020,11.59339515,1
1505729007,21740859,0.01375020,7.18777777,1
1505729006,21740857,0.01378109,0.79451000,0
1505729005,21740853,0.01375019,1.53703200,1
1505729000,21740842,0.01375017,1.09999500,1
1505728922,21740741,0.01375005,19.99957819,1
1505728913,21740727,0.01375003,6.70943679,1
1505728912,21740723,0.01375002,10.39962124,1
1505728894,21740678,0.01377048,5.22000500,1
1505728893,21740677,0.01377048,4.77999500,1
1505728870,21740607,0.01378109,1.57222300,0
1505728646,21740045,0.01380530,1.73612315,1
1505728644,21740038,0.01379033,0.30332685,0
1505728642,21740032,0.01379033,12.86329063,0
1505728598,21739986,0.01379017,9.01891458,0
1505728598,21739985,0.01379017,0.51756442,0
1505728592,21739979,0.01379017,1.29785918,0
1505728592,21739978,0.01379017,0.53435382,0
1505728580,21739966,0.01379017,1.00000000,0
1505728188,21739442,0.01378031,2.55999500,1
1505727174,21737520,0.01380984,0.27213000,0
1505727164,21737512,0.01379830,6.11032000,1
1505727162,21737505,0.01376259,10.45384191,1
1505727138,21737460,0.01376347,5.61653500,1
1505726761,21737055,0.01383979,4.14000000,0
1505726623,21736907,0.01385000,66.80955667,0
1505726623,21736906,0.01384999,8.80572245,0
1505726621,21736905,0.01384977,31.49366254,0
1505726130,21736396,0.01386000,72.14989106,1
1505725889,21735866,0.01380000,43.96714349,1
1505725520,21734951,0.01380001,2.00000000,1
1505725519,21734948,0.01380001,3.93785729,1
1505725519,21734947,0.01381001,1.99999971,1
1505725495,21734911,0.01381001,3.93355800,1
1505725492,21734909,0.01381000,2.00000000,1
1505725356,21734755,0.01383772,1.11773200,0
1505724880,21734094,0.01393937,3.36333395,0
1505724242,21733546,0.01395001,1.78268700,1
1505723452,21732205,0.01399008,0.26000000,0
1505723370,21732090,0.01395004,85.41337730,1
1505723360,21732087,0.01395002,7.62200906,1
1505723360,21732086,0.01395003,3.54330850,1
1505723331,21732038,0.01394003,3.54585541,1
1505723324,21732032,0.01395000,4.56450777,0
1505723315,21732027,0.01395000,5.16831013,0
1505723315,21732026,0.01394008,0.00000528,0
1505723259,21731982,0.01394008,11.39473500,0
1505723255,21731977,0.01394008,9.39907500,0
1505723215,21731945,0.01395000,9.71820200,0
1505723207,21731934,0.01395000,0.33447000,0
1505723201,21731925,0.01395000,10.71670249,0
1505723186,21731908,0.01398803,2.99949099,0
1505723185,21731905,0.01395000,12.32943646,1
1505723180,21731892,0.01395000,5.98812722,1
1505723180,21731891,0.01395001,12.17000622,1
1505723075,21731739,0.01390004,3.00000000,1
1505722240,21730382,0.01395111,14.71920436,1
1505722116,21730228,0.01393007,14.49839600,1
1505721849,21729608,0.01387518,5.36274125,1
1505721848,21729606,0.01387518,1.68430200,1
1505721732,21729375,0.01396273,1.80000000,0
1505721699,21729326,0.01396284,1.38782577,1
1505721635,21729239,0.01396284,0.61217423,1
1505721630,21729228,0.01399000,0.53411640,1
1505721554,21728932,0.01399000,2.09047800,1
1505721553,21728931,0.01405000,9.00000000,0
1505721551,21728926,0.01399008,0.15463601,1
1505721551,21728925,0.01405450,0.00204399,1
1505721330,21728723,0.01401170,0.00000001,0
1505721330,21728722,0.01399003,2.91621600,0
1505721176,21728527,0.01401170,1.75431500,0
1505721169,21728519,0.01401164,13.39328263,0
1505721147,21728512,0.01410965,2.70000000,0
1505721040,21728362,0.01400067,1.06749314,1
1505720956,21728277,0.01403052,6.42029070,1
1505720918,21728239,0.01403052,0.25592376,1
1505720897,21728224,0.01403052,1.00000000,1
1505720895,21728217,0.01403052,19.68048318,1
1505720895,21728216,0.01403053,1.31138666,1
1505720885,21728208,0.01403048,17.08742449,1
1505720715,21727944,0.01400127,0.47878763,0
1505720712,21727943,0.01400128,0.20766279,1
1505720658,21727867,0.01402291,28.81424400,0
1505720657,21727866,0.01402291,23.12440900,0
1505720655,21727862,0.01402297,14.40000000,1
1505720655,21727861,0.01402298,22.47700000,1
1505720616,21727805,0.01402291,0.20048522,1
1505720544,21727634,0.01408995,5.55289752,0
1505720498,21727427,0.01402031,0.20912941,1
1505720427,21727298,0.01400019,0.36914378,1
1505720289,21726964,0.01407000,1.70000000,1
1505720237,21726867,0.01409455,1.30543011,1
1505720235,21726864,0.01407000,0.46469072,0
1505720219,21726826,0.01402107,0.42981063,1
1505720043,21726443,0.01401730,19.38208704,1
1505720043,21726441,0.01401731,12.11157550,1
1505720038,21726438,0.01401724,0.21129465,1
1505720037,21726437,0.01401726,59.53751374,1
1505720033,21726431,0.01406999,26.82739493,0
1505720029,21726425,0.01401719,22.67200892,1
1505720026,21726420,0.01406999,9.90007810,0
1505720023,21726407,0.01401714,22.67210596,1
1505720009,21726392,0.01406979,1.65155155,0
1505719942,21726290,0.01406980,19.51531910,0
1505719902,21726223,0.01401661,5.39336440,1
1505719444,21725336,0.01405880,14.40000000,0
1505719374,21724986,0.01406956,25.68414079,0
1505719372,21724984,0.01405881,27.51051573,0
1505719346,21724947,0.01398019,1.52466212,1
1505718921,21723910,0.01396284,8.09027400,1
1505718896,21723831,0.01397015,31.49326795,0
1505718895,21723826,0.01396268,5.89594383,1
1505718894,21723823,0.01400690,0.00039459,1
1505718792,21723622,0.01400690,5.49593415,1
1505718693,21723372,0.01406952,1.42000000,1
1505718628,21723185,0.01400251,9.99963578,0
1505718603,21723118,0.01400219,2.00000000,1
1505718158,21721926,0.01406997,0.27767931,1
1505718132,21721844,0.01406997,9.82232069,0
1505718043,21721566,0.01406997,5.56799500,0
1505717986,21721303,0.01406994,3.60499048,0
1505717528,21720122,0.01400953,1.00394731,0
1505716980,21718908,0.01393102,9.99962674,1
1505716973,21718890,0.01393099,1.48876713,1
1505716970,21718877,0.01393100,6.73612806,1
1505716956,21718857,0.01393102,9.99962674,1
1505716595,21718324,0.01396052,9.99962753,1
1505716592,21718315,0.01396052,9.99962753,1
1505716586,21718296,0.01396052,8.99959314,1
1505716568,21718204,0.01396052,1.19003792,1
1505716568,21718203,0.01396053,1.82846928,1
1505716416,21717898,0.01399000,0.90000000,1
1505715690,21717137,0.01404999,4.05241900,0
1505715373,21716631,0.01405000,97.41955700,0
1505715373,21716630,0.01404994,7.23766700,0
1505715230,21716377,0.01402997,14.30000000,0
1505714512,21715121,0.01406000,1.82119400,0
1505714509,21715101,0.01405997,6.80233300,0
1505714439,21714911,0.01406958,1.91000000,0
1505714384,21714803,0.01399343,2.50000000,1
1505714376,21714788,0.01399340,7.75000000,1
1505714370,21714778,0.01399337,7.50000000,1
1505714342,21714747,0.01399300,7.50000000,1
1505714329,21714721,0.01399283,7.75000000,1
1505714320,21714711,0.01399277,7.75000000,1
1505714311,21714702,0.01397058,6.50000000,1
1505714311,21714701,0.01399274,1.00000000,1
1505714303,21714678,0.01397054,7.50000000,1
1505714291,21714668,0.01397047,7.50000000,1
1505714277,21714653,0.01402999,9.18820400,0
1505714172,21714462,0.01404000,1.53019400,0
1505714162,21714424,0.01403999,1.06403081,0
1505714139,21714356,0.01403000,1.69839172,0
1505714063,21714190,0.01405999,3.53685501,0
1505714062,21714189,0.01405999,3.55778873,0
1505713901,21713896,0.01405999,4.22706900,0
1505713752,21713739,0.01403000,1.67700700,0
1505713743,21713728,0.01403000,0.78381800,0
1505713720,21713698,0.01403000,10.07565400,0
1505713716,21713694,0.01403000,1.00000000,0
1505713596,21713468,0.01400999,1.82319901,0
1505713409,21712922,0.01395998,2.29660965,0
1505713408,21712919,0.01395945,14.40000000,0
1505713408,21712916,0.01395942,11.54965209,0
1505713358,21712744,0.01395969,1.54989004,0
1505713343,21712662,0.01392512,7.45163316,0
1505713343,21712660,0.01392511,8.58095084,0
1505713152,21712405,0.01385509,1.00000000,1
1505713065,21712340,0.01386989,6.94388000,0
1505713050,21712331,0.01386989,3.77836000,0
1505713042,21712328,0.01386989,0.60140091,0
1505713025,21712303,0.01385508,1.00000000,1
1505712989,21712281,0.01385508,1.00000000,1
1505712977,21712225,0.01385508,1.00000000,1
1505712817,21712114,0.01384005,0.34000000,0
1505712808,21712092,0.01384005,0.23829673,0
1505712798,21712047,0.01384005,0.51633838,0
1505712679,21711834,0.01383000,23.89273927,1
1505712679,21711833,0.01383002,3.96478531,1
1505712679,21711832,0.01384000,2.00000000,1
1505712679,21711831,0.01384171,0.64786142,1
1505712678,21711827,0.01384388,12.43462700,1
1505712676,21711813,0.01384387,1.91716969,1
1505712676,21711812,0.01384388,18.72544731,1
1505712676,21711809,0.01384388,1.08481800,0
1505712674,21711799,0.01384388,10.74551200,1
1505712668,21711775,0.01384477,2.06646600,1
1505712661,21711762,0.01384465,12.24146900,1
1505712661,21711761,0.01384513,8.40000000,1
1505712661,21711758,0.01384514,8.40000000,1
1505712649,21711742,0.01384524,8.59981300,1
1505712522,21711489,0.01392000,0.18481254,0
1505712516,21711481,0.01391999,1.66575402,0
1505712290,21710899,0.01391000,1.36871190,1
1505711662,21709981,0.01385000,35.35079800,0
1505711659,21709970,0.01385000,12.62980539,0
1505711656,21709957,0.01385000,4.04296028,0
1505711546,21709529,0.01384999,17.26255652,0
1505711546,21709528,0.01384993,9.92706869,0
1505711546,21709527,0.01384993,0.29706371,0
1505711546,21709526,0.01382800,0.02293629,0
1505711536,21709499,0.01384800,32.73606371,1
1505711534,21709492,0.01384800,2.55455000,1
1505710966,21709009,0.01389990,0.17940848,0
1505710857,21708950,0.01382999,0.38000000,0
1505710806,21708926,0.01381000,0.45000000,0
1505710777,21708914,0.01382000,35.71295224,0
1505710767,21708910,0.01383000,0.52000000,0
1505710743,21708903,0.01384000,0.60864652,0
1505710730,21708893,0.01384000,0.40650917,0
1505710708,21708875,0.01385000,1.19454057,0
1505710696,21708859,0.01386999,1.58377907,0
1505710141,21708521,0.01383999,0.77662117,0
1505710129,21708515,0.01383999,0.90000000,0
1505710105,21708502,0.01384000,0.44114170,0
1505710101,21708500,0.01384000,1.12940000,0
1505710096,21708498,0.01384000,1.31751321,0
1505710090,21708494,0.01384000,1.53733900,0
1505710084,21708493,0.01384000,1.79183708,0
1505710079,21708491,0.01384000,1.00000000,0
1505710079,21708490,0.01384000,1.00000000,0
1505710074,21708485,0.01384999,2.00000000,0
1505710069,21708481,0.01384998,2.00000000,0
1505710064,21708475,0.01384999,2.00000000,0
1505710059,21708466,0.01385000,2.00000000,0
1505710054,21708458,0.01385000,2.00000000,0
1505710049,21708444,0.01384000,2.00000000,0
1505710044,21708443,0.01385000,0.78999000,0
1505710040,21708440,0.01386000,0.78999000,0
1505710003,21708421,0.01384999,0.79266000,0
1505709995,21708418,0.01385000,0.79295000,0
1505709978,21708396,0.01384000,10.69252300,0
1505709975,21708379,0.01384000,0.79295000,0
1505709967,21708378,0.01384000,0.79295000,0
1505709962,21708375,0.01384000,0.79295000,0
1505709956,21708374,0.01384000,0.79295000,0
1505709949,21708364,0.01384000,0.79295000,0
1505709897,21708324,0.01382000,1.00000000,0
1505709889,21708323,0.01382000,1.58948000,0
1505709884,21708319,0.01382000,1.00000000,0
1505709875,21708308,0.01382000,8.30019299,0
1505709873,21708306,0.01382000,1.00000000,0
1505709862,21708300,0.01380999,1.00000000,0
1505709854,21708296,0.01380999,1.00000000,0
1505709844,21708292,0.01380999,1.00000000,0
1505709819,21708286,0.01379000,1.00000000,0
1505709809,21708276,0.01380931,0.72177092,1
1505709785,21708247,0.01380999,0.57784000,0
1505709777,21708235,0.01379000,0.79296000,0
1505709770,21708228,0.01382000,0.79296000,0
1505709759,21708221,0.01382000,0.79296000,0
1505709749,21708212,0.01382000,0.79296000,0
1505709744,21708209,0.01382000,0.79296000,0
1505709738,21708206,0.01382000,0.79296000,0
1505709733,21708203,0.01382000,0.79296000,0
1505709725,21708201,0.01382000,0.79296000,0
1505709719,21708199,0.01382000,0.79296000,0
1505709713,21708197,0.01382000,0.79296000,0
1505709708,21708196,0.01382000,0.79296000,0
1505709703,21708194,0.01382000,1.00000000,0
1505709692,21708187,0.01382000,0.78905000,0
1505709670,21708181,0.01381000,134.00000000,0
1505709552,21708150,0.01384000,0.60969142,0
1505709422,21708106,0.01391000,8.00000000,0
1505709297,21707967,0.01389999,1.20111323,0
1505709061,21707757,0.01390999,6.40258000,0
1505707877,21707272,0.01386999,0.79015000,0
1505707873,21707269,0.01386999,0.79015000,0
1505707865,21707265,0.01386998,0.79015000,0
1505707860,21707253,0.01386998,0.79015000,0
1505707843,21707217,0.01384999,0.79072000,0
1505707832,21707209,0.01384999,0.79072000,0
1505707828,21707208,0.01385000,1.00000000,0
1505707812,21707205,0.01385000,1.00000000,0
1505707788,21707187,0.01385000,1.22250819,0
1505707784,21707185,0.01385000,2.00000000,0
1505707779,21707180,0.01385000,2.00000000,0
1505707778,21707179,0.01385000,0.26000000,0
1505707773,21707178,0.01385000,2.00000000,0
1505707769,21707177,0.01385000,2.00000000,0
1505707764,21707176,0.01385000,2.00000000,0
1505707759,21707175,0.01384000,2.00000000,0
1505707754,21707171,0.01385000,2.00000000,0
1505707749,21707169,0.01385000,0.60878587,0
1505707744,21707165,0.01385000,1.07322341,0
1505707740,21707150,0.01385000,0.52500000,0
1505707733,21707134,0.01385999,0.37314000,0
1505707723,21707129,0.01385999,1.00000000,0
1505707710,21707116,0.01386999,1.00000000,0
1505707691,21707112,0.01387000,1.00000000,0
1505707687,21707107,0.01385000,1.00000000,0
1505707644,21707090,0.01388000,14.40964900,0
1505707644,21707088,0.01388000,0.78947000,0
1505707624,21707082,0.01388000,0.99293000,0
1505707591,21707079,0.01388000,0.30000000,0
1505707527,21707037,0.01385833,13.47188080,1
1505707527,21707035,0.01385833,1.00000000,1
1505707527,21707032,0.01385834,0.58129920,1
1505707510,21707025,0.01388000,1.00000000,0
1505707485,21707015,0.01388000,0.78973999,0
1505707479,21706994,0.01388000,0.79290000,0
1505707436,21706989,0.01388999,0.21046000,0
1505707424,21706983,0.01389000,0.78815000,0
1505707422,21706981,0.01389000,1.02002599,0
1505707399,21706971,0.01388820,1.58904682,1
1505707398,21706970,0.01390743,0.29064000,1
1505707321,21706940,0.01391000,33.33672100,0
1505707321,21706939,0.01390999,7.10642800,0
1505707307,21706934,0.01391000,0.78726000,0
1505707301,21706925,0.01391000,0.78724000,0
1505707274,21706915,0.01395999,7.68150300,0
1505707273,21706914,0.01395998,2.98914000,0
1505707167,21706874,0.01396999,0.46616300,0
1505707057,21706825,0.01396000,5.00000000,0
1505707013,21706785,0.01399000,14.32935700,0
1505706751,21706700,0.01397000,4.04390863,0
1505706751,21706699,0.01396996,13.81000000,0
1505706561,21706611,0.01393000,0.77737521,0
1505706356,21706508,0.01395000,1.00000000,0
1505706347,21706494,0.01395000,1.00000000,0
1505706330,21706491,0.01395000,1.00000000,0
1505706321,21706490,0.01395000,1.00000000,0
1505706282,21706476,0.01395000,0.48640442,0
1505706279,21706474,0.01393999,0.51359558,0
1505706109,21706346,0.01391000,1.10717829,0
1505706106,21706328,0.01391000,19.72550600,0
1505706106,21706327,0.01391000,1.00000000,0
1505705867,21705805,0.01396999,2.42600000,0
1505705499,21705566,0.01397000,22.00000000,0
1505705439,21705484,0.01395999,1.00000000,0
1505705355,21705387,0.01391068,30.00809451,1
1505705309,21705349,0.01397998,9.23330764,1
1505705290,21705342,0.01397998,17.00000000,1
1505705287,21705341,0.01397998,7.93190700,1
1505705273,21705338,0.01397998,47.52228700,1
1505705270,21705336,0.01397998,17.17835200,1
1505705268,21705335,0.01397998,16.98686300,1
1505705253,21705333,0.01397998,1.41458400,1
1505705248,21705332,0.01397998,16.33170000,1
1505705243,21705331,0.01397998,2.07930000,1
1505705221,21705325,0.01397998,0.86881500,1
1505705217,21705323,0.01397998,16.66827800,1
1505705215,21705322,0.01397998,16.55700000,1
1505705215,21705321,0.01397998,13.26887100,1
1505705213,21705320,0.01397998,17.20270700,1
1505705208,21705318,0.01397998,17.00000000,1
1505705178,21705313,0.01397998,29.70460000,1
1505705151,21705297,0.01397998,15.72806000,1
1505705145,21705289,0.01397998,8.56968800,1
1505705138,21705286,0.01397998,6.47986000,1
1505705136,21705285,0.01397998,48.82570000,1
1505705127,21705284,0.01397998,36.19166000,1
1505705121,21705282,0.01397998,17.00000000,1
1505705115,21705279,0.01397998,17.86817400,1
1505705111,21705277,0.01397998,17.00000000,1
1505705103,21705270,0.01397998,16.42355800,1
1505705092,21705261,0.01397998,1.56863000,1
1505705084,21705257,0.01397998,18.51465500,1
1505705082,21705256,0.01397998,18.44994900,1
1505705079,21705254,0.01397998,4.17789600,1
1505705075,21705250,0.01397998,9.25359836,1
1505705072,21705248,0.01397998,17.00000000,1
1505704826,21705160,0.01397998,1.00000000,0
1505704569,21704978,0.01402997,1.89777100,0
1505704391,21704824,0.01395204,3.38254500,1
1505704133,21704624,0.01397000,34.58539300,0
1505704019,21704485,0.01397000,0.78457000,0
1505704012,21704465,0.01397000,0.78457000,0
1505704005,21704455,0.01397000,0.78457000,0
1505704000,21704453,0.01397000,1.00000000,0
1505703950,21704397,0.01395224,1.57256000,1
1505703900,21704284,0.01396000,1.00000000,0
1505703887,21704254,0.01395000,0.78485000,0
1505703878,21704251,0.01395000,0.78621000,0
1505703874,21704249,0.01395999,0.78621000,1
1505703855,21704227,0.01395999,0.25615687,0
1505703851,21704226,0.01395999,2.00000000,0
1505703845,21704225,0.01396000,0.78351000,0
1505703838,21704222,0.01396000,0.78351000,0
1505703828,21704219,0.01398000,1.00000000,0
1505703813,21704202,0.01397999,0.78351000,0
1505703804,21704192,0.01398000,1.55901287,0
1505703798,21704190,0.01398000,0.78323000,0
1505703793,21704186,0.01398000,1.55690211,0
1505703775,21704174,0.01400000,0.78238000,0
1505703774,21704173,0.01400000,1.00000000,0
1505703769,21704168,0.01401999,0.10975537,1
1505703666,21703995,0.01401999,1.43892100,1
1505703663,21703985,0.01401999,1.55239229,0
1505703645,21703944,0.01401000,0.78295000,0
1505703587,21703903,0.01398000,97.54305400,0
1505702946,21703310,0.01400000,56.17411700,0
1505702885,21703123,0.01398999,2.46395700,0
1505702530,21702551,0.01392632,1.91622100,1
1505702520,21702525,0.01392627,2.46395700,1
1505702510,21702503,0.01392617,4.37999500,0
1505702478,21702399,0.01399000,44.11041815,0
1505702249,21702132,0.01399000,3.38254538,0
1505701583,21701525,0.01391224,1.56988500,0
1505701237,21701069,0.01396000,6.60193000,0
1505701220,21701046,0.01396000,130.87082521,0
1505701218,21701045,0.01393999,6.39200884,0
1505701124,21700969,0.01391999,2.31196700,0
1505701107,21700935,0.01389000,0.20936000,0
1505700988,21700690,0.01389415,0.79064000,1
1505700973,21700654,0.01388000,9.48282135,1
1505700971,21700638,0.01388000,3.75133935,1
1505700929,21700490,0.01391000,0.49000000,0
1505700908,21700360,0.01384145,3.53999500,0
1505700866,21700228,0.01390000,16.38857269,1
1505700649,21699697,0.01390997,1.00000000,0
1505700271,21698618,0.01389997,3.88454075,0
1505700182,21698464,0.01385087,20.00000000,1
1505700114,21698258,0.01391999,0.99613500,0
1505700112,21698245,0.01392000,44.42081500,0
1505699071,21697168,0.01387999,8.08460800,0
1505698824,21697000,0.01387999,1.58707048,0
1505698681,21696888,0.01387999,0.79132000,0
1505698432,21696612,0.01388999,5.00000000,0
1505698320,21696390,0.01388998,1.37728800,0
1505698263,21696281,0.01383995,1.39821200,0
1505698253,21696274,0.01383406,0.79319000,1
1505698252,21696273,0.01383406,0.79319000,1
1505698216,21696216,0.01381998,0.79319000,0
1505698211,21696200,0.01381998,0.79319000,0
1505698174,21696109,0.01381998,1.00000000,0
1505698146,21695982,0.01381000,1.00000000,0
1505698145,21695980,0.01377859,3.97905374,1
1505698131,21695868,0.01381999,1.00000000,0
1505698076,21695558,0.01380072,10.00000000,1
1505698076,21695557,0.01380078,3.97417600,1
1505696748,21693239,0.01382124,3.66956600,1
1505696731,21693155,0.01382114,3.84805200,1
1505696621,21693023,0.01383162,12.57980814,1
1505696477,21692886,0.01383102,1.09999118,1
1505696449,21692831,0.01383066,9.33932968,1
1505696359,21692558,0.01381820,1.06769300,0
1505696262,21692365,0.01382237,2.21959042,1
1505695683,21691588,0.01381155,1.27311344,1
1505695604,21691470,0.01385997,23.93330867,1
1505695024,21690924,0.01381910,1.17223445,0
1505695024,21690923,0.01381910,1.37494948,0
1505695015,21690900,0.01381912,0.20205200,0
1505695015,21690898,0.01381912,1.00000000,0
1505694985,21690818,0.01377781,1.60524200,1
1505694973,21690782,0.01377776,1.61133200,0
1505694964,21690756,0.01377777,1.61245051,1
1505694962,21690743,0.01377775,1.62159400,0
1505694961,21690736,0.01377776,0.49867691,1
1505694961,21690734,0.01377776,4.83343200,0
1505694958,21690731,0.01377774,1.00000000,1
1505694952,21690708,0.01377774,0.92528638,1
1505694926,21690686,0.01377797,1.00000000,1
1505694917,21690675,0.01377777,1.18539035,1
1505694886,21690633,0.01375970,4.81638600,1
1505694885,21690630,0.01377773,1.00000000,1
1505694857,21690526,0.01375967,13.47999500,0
1505694856,21690521,0.01378112,1.00000000,1
1505694844,21690467,0.01378354,0.31133367,1
1505694844,21690463,0.01378355,0.68866633,1
1505694834,21690430,0.01378667,1.00000000,1
1505694834,21690426,0.01380000,1.00000000,1
1505694449,21689987,0.01380003,1.88069000,1
1505693962,21689508,0.01384058,1.05672000,0
1505693511,21688887,0.01386999,1.90341737,0
1505693511,21688886,0.01386999,1.09658263,0
1505693116,21688327,0.01384000,1.00000000,1
1505692971,21687998,0.01376177,2.75756666,0
1505692969,21687996,0.01379584,0.00000014,1
