date,tid,price,amount,type
1505779238,21805570,47.52,1.93263000,0
1505779170,21805473,47.43,0.99895400,1
1505779129,21805361,47.45,1.67346000,1
1505779070,21805303,47.41,11.80826439,0
1505779069,21805300,47.40,5.87811050,0
1505779043,21805227,47.51,1.73555619,0
1505779032,21805178,47.34,1.46335797,0
1505778058,21804608,47.20,2.70734000,0
1505778024,21804544,47.01,1.76558179,1
1505778015,21804533,47.19,17.15493923,1
1505778010,21804525,47.19,0.05506077,0
1505778010,21804520,47.19,17.21000000,1
1505778009,21804519,47.19,1.73493923,1
1505777979,21804466,47.23,1.74358664,1
1505777845,21804410,47.32,0.43722000,0
1505777482,21804250,47.36,14.72233953,0
1505777284,21804182,47.31,1.00000000,0
1505776989,21804119,47.32,1.00000000,0
1505776962,21804105,47.32,1.00000000,0
1505776829,21804069,47.32,1.22222600,0
1505776811,21804059,47.33,1.05366575,0
1505776098,21803772,47.37,1.74030196,0
1505776094,21803769,47.37,4.30623251,0
1505776094,21803768,47.36,1.60342854,0
1505776094,21803767,47.31,1.53000595,0
1505776073,21803759,47.31,0.21918700,0
1505776073,21803758,47.30,1.53000000,0
1505776037,21803738,47.28,0.22000000,1
1505776035,21803737,47.29,1.75661375,0
1505776034,21803736,47.28,1.78000000,0
1505775961,21803679,47.20,0.00000001,0
1505775955,21803676,47.19,0.97114552,0
1505775902,21803631,47.19,0.43525000,0
1505775869,21803591,47.18,0.35469035,0
1505775869,21803590,47.18,1.40639600,0
1505775844,21803572,47.19,0.35918627,0
1505775618,21803452,46.89,1.77047781,1
1505775617,21803451,46.88,2.65029998,0
1505775617,21803449,46.90,2.00000000,1
1505775617,21803448,46.92,5.61000000,1
1505775616,21803447,46.99,21.49093302,1
1505775616,21803446,47.01,28.03000000,1
1505775616,21803445,47.01,15.00000000,0
1505775615,21803444,47.08,10.60076700,0
1505775614,21803443,47.08,14.61800000,1
1505775270,21803254,47.20,7.46525100,0
1505775210,21803231,47.20,5.64101000,0
1505775210,21803230,47.20,14.52084900,0
1505775184,21803224,47.19,45.43000000,0
1505775085,21803207,47.20,2.34800110,0
1505775085,21803206,47.17,1.76370590,0
1505774806,21803025,47.18,1.00023000,0
1505774674,21803007,46.93,1.00000000,0
1505774663,21803004,47.00,1.74919295,1
1505774229,21802642,47.15,1.98166216,1
1505774123,21802539,47.15,3.25816778,1
1505774121,21802538,47.21,1.74183222,1
1505774101,21802474,47.27,12.66130738,0
1505773977,21802316,47.34,1.73884146,1
1505773955,21802296,47.41,47.18000000,0
1505773955,21802295,47.41,34.44000000,1
1505773945,21802283,47.40,126.26561234,1
1505773945,21802282,47.41,37.95000000,1
1505773938,21802270,47.43,1.73572912,1
1505773938,21802269,47.44,1.73633054,1
1505773938,21802268,47.45,1.73594835,1
1505773918,21802245,47.63,1.73114896,0
1505773894,21802243,47.62,1.73158179,1
1505773836,21802224,47.57,5.00023000,0
1505773819,21802213,47.56,1.73076826,0
1505773819,21802212,47.56,1.73279680,0
1505773817,21802206,47.64,5.74188020,0
1505773817,21802205,47.63,1.73029207,0
1505773816,21802204,47.63,0.00043056,0
1505773816,21802203,47.63,0.01197335,0
1505773816,21802202,47.63,1.73299749,0
1505773816,21802201,47.63,0.00984334,0
1505773816,21802199,47.57,1.74484861,0
1505773814,21802195,47.56,14.18000000,0
1505773742,21802163,47.54,20.00000000,0
1505773410,21802050,47.48,0.50000000,0
1505773370,21802028,47.54,0.50000000,0
1505773330,21802021,47.54,0.50000000,0
1505773270,21801974,47.55,0.50000000,0
1505773229,21801954,47.51,0.50000000,0
1505773211,21801942,47.55,1.73385331,0
1505773158,21801927,47.39,0.17500000,1
1505773103,21801915,47.39,3.19518886,0
1505773092,21801912,47.38,12.43916049,1
1505773079,21801908,47.39,60.00000000,1
1505773079,21801907,47.40,1.62788960,1
1505773076,21801906,47.40,0.11156372,0
1505773074,21801905,47.40,24.88843628,1
1505772797,21801707,47.51,1.73449568,0
1505772789,21801698,47.54,1.73433082,0
1505772702,21801574,47.33,1.99802000,0
1505772696,21801556,47.33,1.99802000,0
1505772693,21801545,47.33,1.99802000,0
1505772690,21801540,47.33,49.64609700,0
1505772621,21801434,47.47,5.04318517,0
1505772449,21801191,47.53,42.00000000,1
1505772404,21801074,47.43,1.73914152,1
1505772370,21801000,47.44,47.07000000,0
1505772353,21800939,47.49,1.73631317,0
1505772350,21800932,47.47,44.00000000,1
1505772345,21800912,47.49,8.00000000,1
1505772343,21800902,47.53,1.74662862,0
1505772342,21800900,47.52,1.28978197,0
1505772342,21800899,47.52,0.45705247,0
1505772342,21800896,47.50,0.72446378,0
1505772342,21800894,47.50,1.02100000,0
1505772342,21800889,47.50,0.62400000,0
1505772341,21800885,47.50,35.97656161,0
1505772341,21800882,47.49,7.08000000,0
1505772333,21800828,47.50,1.73703452,0
1505772331,21800826,47.50,68.28499912,0
1505772331,21800823,47.50,0.30381314,0
1505772331,21800822,47.49,10.35000000,0
1505772331,21800816,47.48,42.06118774,0
1505772327,21800800,47.48,1.73607841,0
1505772327,21800799,47.48,1.73632185,0
1505772325,21800785,47.50,1.44131293,0
1505772325,21800784,47.49,62.40926200,0
1505772324,21800783,47.49,10.35000000,0
1505772324,21800782,47.49,0.00000010,0
1505772324,21800781,47.49,1.74543200,0
1505772324,21800779,47.47,0.00000018,0
1505772324,21800776,47.47,1.69917900,0
1505772323,21800774,47.47,0.04962834,0
1505772323,21800771,47.46,1.74893322,0
1505772323,21800769,47.45,1.74930623,0
1505772323,21800767,47.44,46.80694600,0
1505772316,21800722,47.35,4.98161700,1
1505772306,21800682,47.43,19.57487900,1
1505772306,21800680,47.43,0.76240000,1
1505772305,21800677,47.43,19.42516300,1
1505772305,21800676,47.43,49.23755800,1
1505772305,21800675,47.44,0.76244200,1
1505772303,21800671,47.44,42.23755800,0
1505772294,21800642,47.44,8.41062395,0
1505772274,21800559,47.36,0.60230914,0
1505772274,21800558,47.35,12.23000000,0
1505772240,21800431,47.35,7.58654500,1
1505772239,21800430,47.44,1.00660405,1
1505772238,21800426,47.44,0.73140000,0
1505772236,21800421,47.35,25.18414500,1
1505772232,21800412,47.44,1.74985966,0
1505772232,21800411,47.43,1.50237771,0
1505772232,21800410,47.43,0.24758700,0
1505772232,21800409,47.40,6.69069277,0
1505772232,21800407,47.38,2.07812500,0
1505772141,21800271,47.39,0.34796371,0
1505772096,21800226,47.39,1.00000000,0
1505772017,21800151,47.39,1.73999446,0
1505772015,21800150,47.35,2.57561799,0
1505772013,21800149,47.30,17.93314151,0
1505771699,21800026,47.15,0.00000018,1
1505771687,21800019,47.15,1.69917900,1
1505771588,21799947,47.16,21.18744699,1
1505771588,21799946,47.16,0.72446378,1
1505771538,21799923,47.17,0.00000010,1
1505771534,21799920,47.17,1.74543200,1
1505771431,21799870,47.30,1.74107923,0
1505771360,21799801,47.26,13.31952002,0
1505771330,21799794,47.16,1.02100000,1
1505771056,21799620,47.33,10.53771392,0
1505770862,21799438,47.20,1.10174172,1
1505770778,21799338,47.38,0.91000000,0
1505770776,21799335,47.39,0.90491521,1
1505770775,21799332,47.40,0.38000000,1
1505770770,21799327,47.40,16.39000000,0
1505770743,21799306,47.39,0.83695303,0
1505770741,21799303,47.39,1.01434901,0
1505770741,21799301,47.37,0.01002192,0
1505770737,21799287,47.34,1.73029207,1
1505770597,21799055,47.18,17.93314151,1
1505770596,21799054,47.31,1.73299749,1
1505770585,21799011,47.30,0.00008774,0
1505770585,21799010,47.30,1.75469200,0
1505770583,21799001,47.24,0.55013330,0
1505770578,21798989,47.24,1.20081151,0
1505770578,21798987,47.21,0.01150349,0
1505770509,21798872,47.06,1.96269347,1
1505770502,21798863,47.15,1.71076208,0
1505770502,21798862,47.14,0.01330492,0
1505770499,21798857,47.14,1.74776700,0
1505770419,21798638,46.96,9.99900000,0
1505770418,21798634,47.08,1.10174172,0
1505770408,21798613,47.12,21.16935484,0
1505770359,21798578,46.94,24.73989100,1
1505770304,21798546,46.94,4.50030000,1
1505770269,21798516,46.93,3.37146673,1
1505770177,21798454,47.06,21.19634509,0
1505770112,21798426,46.94,7.88943311,1
1505770085,21798409,47.06,1.05971101,0
1505769640,21798078,46.94,8.41282000,1
1505769618,21798020,46.98,2.44972350,1
1505769617,21798016,46.98,8.53278000,1
1505769611,21798003,46.98,4.34284000,1
1505769608,21797991,46.98,0.00315000,1
1505769608,21797990,47.00,4.50000000,1
1505769507,21797787,47.10,1.75217222,0
1505769502,21797781,47.11,1.74985966,0
1505769494,21797765,47.12,1.50237771,1
1505769493,21797761,47.12,0.24758700,0
1505769456,21797747,47.04,2.12074830,0
1505769372,21797701,46.98,1.75469195,0
1505769352,21797687,46.99,0.53096403,1
1505769309,21797666,46.95,8.48541001,1
1505769308,21797665,46.93,1.43301000,1
1505769266,21797634,46.99,2.11640774,1
1505769265,21797633,46.99,1.75477974,0
1505769264,21797632,46.93,0.00662624,0
1505769194,21797554,46.92,7.73555974,0
1505769193,21797552,46.84,0.01194526,0
1505769109,21797500,46.82,1.76477953,0
1505769109,21797499,46.82,6.67538142,0
1505769030,21797431,46.82,5.22867700,0
1505768947,21797320,46.82,1.76107192,0
1505768282,21796972,46.40,4.80534431,1
1505768281,21796971,46.43,7.24465569,1
1505768281,21796970,46.45,31.95000000,1
1505768279,21796968,46.50,20.00000000,1
1505768068,21796850,46.71,16.21558553,0
1505767750,21796660,46.51,6.03491000,0
1505767740,21796648,46.64,33.10779705,1
1505767740,21796647,46.64,1.25000000,0
1505767740,21796646,46.64,6.27000000,0
1505767740,21796645,46.47,1.78763730,0
1505767738,21796644,46.46,36.17521000,0
1505767644,21796608,46.43,1.50758000,1
1505767622,21796596,46.43,1.24776431,0
1505767504,21796514,46.43,1.00000000,0
1505767392,21796484,46.42,3.00000000,0
1505767383,21796483,46.42,3.00000000,0
1505767359,21796464,46.39,0.00000013,0
1505767359,21796461,46.39,8.95019787,0
1505767333,21796450,46.40,10.50000000,0
1505767161,21796410,46.43,13.56284148,0
1505767161,21796409,46.31,0.61415852,0
1505767075,21796362,46.28,10.11182283,0
1505767069,21796358,46.31,0.46102354,0
1505766991,21796273,46.23,1.79575941,1
1505766976,21796242,46.31,1.06862686,1
1505766976,21796241,46.32,0.71708742,1
1505766920,21796153,46.42,12.57517168,1
1505766916,21796143,46.42,3.00000000,1
1505766913,21796140,46.41,0.72900000,1
1505766911,21796139,46.41,5.37360000,1
1505766911,21796138,46.42,37.15000000,1
1505766881,21796099,46.43,0.20000000,0
1505766880,21796087,46.42,2.91030700,1
1505766856,21796048,46.50,6.52521100,0
1505766850,21796043,46.44,42.66000000,1
1505766795,21796021,46.55,15.00023000,0
1505766770,21795975,46.49,38.33457100,0
1505766770,21795973,46.49,11.66542900,0
1505766744,21795952,46.49,24.00000000,0
1505766737,21795944,46.49,50.00000000,0
1505766594,21795889,46.48,19.25695200,0
1505766593,21795888,46.48,5.74304800,0
1505766565,21795870,46.49,8.24607612,1
1505766528,21795833,46.55,1.09402000,0
1505766520,21795828,46.55,7.06787700,0
1505766147,21795631,46.55,0.81417830,0
1505766049,21795586,46.42,1.78802240,1
1505766034,21795576,46.40,0.22245891,1
1505766034,21795575,46.41,1.77654109,1
1505766032,21795574,46.50,2.00100000,1
1505765923,21795508,46.55,3.21417830,0
1505765452,21795219,46.43,0.26889519,1
1505765424,21795192,46.65,0.20171490,0
1505765416,21795184,46.66,0.10672953,0
1505765349,21795135,46.50,4.93522047,0
1505765340,21795118,46.50,3.00000000,0
1505765314,21795107,46.50,10.30000000,0
1505765311,21795106,46.50,1.76477953,1
1505765170,21795037,46.75,0.79000000,0
1505765170,21795036,46.72,2.21000000,0
1505765150,21795029,46.64,3.00000000,0
1505765132,21795028,46.65,3.00000000,0
1505765131,21795027,46.65,10.30000000,0
1505765118,21795020,46.66,10.30000000,0
1505765070,21794992,46.72,2.22345891,1
1505765069,21794991,46.72,1.77654109,1
1505765057,21794986,46.76,1.76297690,1
1505765057,21794985,46.76,3.57000000,0
1505764970,21794943,46.50,1.78533017,1
1505764967,21794941,46.63,0.00574431,1
1505764966,21794940,46.64,1.78571428,0
1505764964,21794937,46.63,1.77996997,1
1505764963,21794934,46.63,45.67428572,0
1505764963,21794931,46.63,1.78571428,0
1505764844,21794823,46.37,1.79033649,1
1505764692,21794734,46.51,6.14029203,1
1505764692,21794733,46.51,1.08000000,1
1505764692,21794732,46.51,0.79537097,1
1505764678,21794715,46.51,1.00000000,1
1505764623,21794681,46.67,0.41691403,0
1505764534,21794557,46.50,16.48000000,0
1505764530,21794549,46.51,0.42426755,1
1505764529,21794548,46.51,1.78456245,1
1505764528,21794542,46.50,45.79117000,0
1505764359,21794401,46.69,1.06810880,0
1505764236,21794331,46.36,18.74365800,1
1505764234,21794330,46.48,2.14608434,0
1505764225,21794320,46.42,4.41317100,1
1505764225,21794319,46.43,5.61000000,1
1505764218,21794313,46.43,8.08600000,0
1505764106,21794219,46.58,1.77233568,0
1505764101,21794218,46.69,1.86613835,0
1505764101,21794217,46.68,2.07000000,0
1505764101,21794216,46.60,1.77954280,0
1505764101,21794215,46.46,0.01184113,0
1505764100,21794213,46.45,0.00956567,0
1505764100,21794212,46.40,1.78995039,0
1505764098,21794211,46.39,1.79072276,0
1505764014,21794155,46.23,1.79537097,1
1505764013,21794153,46.41,3.21310062,0
1505764011,21794152,46.37,0.01074354,0
1505763800,21794075,46.25,176.54347131,0
1505763776,21794059,46.23,1.59537097,0
1505763770,21794057,46.23,0.20000000,0
1505763745,21794038,46.31,1.78035178,1
1505763709,21794028,46.32,15.27094127,0
1505763709,21794026,46.32,17.04897800,0
1505763707,21794018,46.32,1.24438100,0
1505763689,21794002,46.32,20.46001400,0
1505763686,21794000,46.32,5.27115700,0
1505763684,21793998,46.32,0.18765984,1
1505763680,21793996,46.32,0.00000041,1
1505763680,21793995,46.32,20.27894400,0
1505763669,21793990,46.32,0.01233975,0
1505763649,21793978,46.48,0.62578091,1
1505763620,21793966,46.48,1.15000000,1
1505763591,21793952,46.50,0.85981810,1
1505763591,21793951,46.50,7.73566172,1
1505763589,21793950,46.51,47.43000000,1
1505763482,21793856,46.52,1.04736391,1
1505763426,21793815,46.66,1.04736391,0
1505763317,21793692,46.50,1.78494623,1
1505763316,21793691,46.68,8.54935077,1
1505763316,21793690,46.69,0.89023000,1
1505763315,21793689,46.69,0.11000000,0
1505763314,21793687,46.68,12.41000000,0
1505763214,21793627,46.50,7.55786000,1
1505763113,21793580,46.60,1.00000000,0
1505763109,21793573,46.50,5.00000000,1
1505763091,21793556,46.50,17.92153205,1
1505763077,21793530,46.64,6.41616638,0
1505763073,21793524,46.65,4.35373207,0
1505763073,21793523,46.65,0.83389794,0
1505762888,21793398,46.52,1.78417884,1
1505762887,21793397,46.75,1.00000000,1
1505762875,21793390,46.53,1.78456245,1
1505762853,21793366,46.81,21.30954924,0
1505762801,21793344,46.73,0.24758700,1
1505762648,21793231,46.89,24.79547878,1
1505762648,21793230,46.82,3.04000000,0
1505762647,21793229,46.80,1.12000000,0
1505762647,21793228,46.80,16.36465304,0
1505762647,21793227,46.79,0.11000000,0
1505762647,21793226,46.79,1.77578091,0
1505762646,21793225,46.77,1.60401967,0
1505762646,21793224,46.74,54.17004400,0
1505762645,21793221,46.73,20.60000000,0
1505762645,21793220,46.73,15.19000000,0
1505762384,21793015,46.77,0.17062219,0
1505762242,21792908,46.57,1.78379540,1
1505761968,21792722,46.69,0.11000000,0
1505761955,21792704,46.68,1.77920685,0
1505761896,21792668,46.53,1.78379540,0
1505761893,21792667,46.77,17.01453008,1
1505761893,21792666,46.77,1.77730192,0
1505761892,21792665,46.72,7.53750400,0
1505761890,21792664,46.52,1.78417884,1
1505761767,21792547,46.76,9.86615900,0
1505761754,21792542,46.53,1.78379540,1
1505761749,21792540,46.51,0.29994623,1
1505761749,21792539,46.65,1.48500000,1
1505761747,21792538,46.51,16.52019177,0
1505761747,21792537,46.51,2.00000000,1
1505761746,21792535,46.65,1.77996997,1
1505761746,21792534,46.67,1.76475835,1
1505761744,21792532,46.70,0.43507991,1
1505761639,21792479,46.73,1.87887867,0
1505761634,21792472,46.80,1.00023000,0
1505761633,21792467,46.73,1.99935802,0
1505761619,21792443,46.70,0.52583717,0
1505761616,21792435,46.71,0.20880000,0
1505761615,21792432,46.71,8.00000000,0
1505761608,21792420,46.71,9.00000000,1
1505761607,21792418,46.73,0.95052283,1
1505761607,21792413,46.73,1.04947717,0
1505761525,21792357,46.75,21.39015500,0
1505761436,21792272,46.80,6.25974200,0
1505761408,21792246,46.78,18.05000000,0
1505761379,21792167,46.79,5.55462500,0
1505761379,21792166,46.79,18.07000000,0
1505761374,21792161,46.79,29.00000000,0
1505761284,21792044,46.94,92.32356400,1
1505761276,21792037,46.95,15.00000000,1
1505761137,21791916,47.11,20.55300169,0
1505760969,21791834,47.08,4.89039932,1
1505760967,21791833,46.99,0.11000000,0
1505760731,21791665,47.08,2.11000000,0
1505760629,21791631,47.08,21.18734069,0
1505760578,21791605,46.94,5.67643600,1
1505760524,21791550,46.95,25.68402791,0
1505760514,21791534,46.94,1.00000000,1
1505760513,21791528,46.95,3.50200000,1
1505760442,21791468,46.97,1.00000000,0
1505760077,21791299,46.96,9.09502391,0
1505759976,21791249,46.95,0.50000000,1
1505759958,21791242,46.96,13.72000000,0
1505759906,21791214,47.11,5.00000000,0
1505759884,21791180,46.98,3.56108927,0
1505759884,21791178,46.98,1.75094481,1
1505759805,21791071,47.18,1.74930623,1
1505759804,21791069,47.01,0.00000048,0
1505759803,21791068,47.00,25.21023431,0
1505759801,21791066,47.00,10.20000000,0
1505759775,21791032,47.01,1.62468500,0
1505759728,21791003,46.96,1.77996997,0
1505759531,21790897,46.81,0.50000000,1
1505759153,21790682,46.95,5.31203408,0
1505758855,21790366,46.75,1.62468548,1
1505758762,21790239,46.62,1.78035178,1
1505758663,21790152,46.74,74.42629063,1
1505758662,21790151,46.75,20.00000000,0
1505758662,21790150,46.75,0.51000000,1
1505758662,21790149,46.84,17.49093302,1
1505758662,21790145,47.00,1.75424840,1
1505758660,21790142,47.01,0.00263965,1
1505758658,21790138,47.01,3.77075935,1
1505758651,21790120,47.06,0.00043056,1
1505758636,21790113,47.11,29.65246800,1
1505758635,21790112,47.11,53.00000000,1
1505758635,21790111,47.11,8.59700000,1
1505758627,21790095,47.25,1.74515000,0
1505758614,21790070,47.12,1.49947339,0
1505758610,21790064,47.11,8.75053200,1
1505758607,21790053,47.12,0.01633911,1
1505758606,21790050,47.12,1.48418402,1
1505758587,21790028,47.12,0.24914394,0
1505758585,21790024,47.12,1.49939542,1
1505758584,21790018,47.24,0.01986354,1
1505758583,21790010,47.24,1.72546377,1
1505758580,21790002,47.12,0.25023663,0
1505758579,21790001,47.12,1.74976337,1
1505758578,21790000,47.25,1.74467857,0
1505758575,21789999,47.12,1.74959341,1
1505758567,21789993,47.23,2.00000000,1
1505758539,21789964,47.19,9.46271905,1
1505758514,21789926,47.25,1.74515000,1
1505758509,21789914,47.13,41.28000000,1
1505758509,21789913,47.14,10.09000000,1
1505758359,21789756,47.24,1.74473354,1
1505758356,21789752,47.25,1.74515000,1
1505758351,21789739,47.26,0.53371086,0
1505758351,21789738,47.26,0.46651914,0
1505758349,21789736,47.26,1.29919593,0
1505758347,21789733,47.24,0.32548955,0
1505758340,21789730,47.24,1.05567316,0
1505758334,21789727,47.24,0.38759525,0
1505758333,21789726,47.23,1.75762284,0
1505758333,21789725,47.23,0.00000407,0
1505758333,21789724,47.23,0.81141111,0
1505758201,21789615,47.22,18.10969928,0
1505758198,21789614,47.10,1.96029400,1
1505758166,21789547,47.09,3.00000000,1
1505758159,21789540,47.20,4.00023000,0
1505758150,21789535,47.23,0.94600889,0
1505758150,21789533,47.19,0.11000000,0
1505758148,21789532,47.10,11.61103862,0
1505758103,21789493,47.09,45.10490529,1
1505758011,21789431,47.10,1.73800921,1
1505757988,21789403,47.17,1.74806603,0
1505757979,21789390,47.10,1.74800608,0
1505757979,21789389,47.09,0.01269892,0
1505757978,21789383,47.09,0.25079680,0
1505757978,21789382,47.09,1.49683900,0
1505757978,21789380,47.09,1.76112478,0
1505757978,21789378,47.09,0.11000000,0
1505757978,21789376,47.07,0.01269942,0
1505757977,21789373,47.07,1.38334808,0
1505757977,21789372,47.07,0.36739000,0
1505757977,21789371,47.07,0.00996692,0
1505757960,21789343,47.06,1.29813005,1
1505757927,21789309,47.06,1.30726731,0
1505757926,21789307,47.00,0.34046543,0
1505757926,21789305,47.00,1.42407769,0
1505757924,21789303,46.99,0.11000000,0
1505757860,21789247,46.98,2.87291400,1
1505757860,21789246,46.98,0.47048000,1
1505757857,21789227,46.98,1.04952000,1
1505757856,21789218,46.98,1.76000000,0
1505757856,21789216,46.98,14.72000000,0
1505757852,21789193,46.97,5.24113600,1
1505757849,21789186,46.96,0.99900000,1
1505757848,21789184,46.96,0.48278962,1
1505757848,21789183,46.98,0.51721038,1
1505757847,21789181,46.98,1.76000000,0
1505757847,21789180,46.98,14.72278962,0
1505757846,21789177,46.98,1.75721038,0
1505757845,21789174,46.96,10.97598700,1
1505757842,21789164,46.97,0.65596937,0
1505757840,21789157,46.96,0.57775150,0
1505757818,21789127,46.89,7.08628657,1
1505757737,21788916,46.81,89.57192200,1
1505757736,21788910,46.94,7.22518108,0
1505757733,21788898,46.81,37.08123500,1
1505757733,21788895,46.81,3.47116500,1
1505757711,21788813,46.76,24.83686700,0
1505757708,21788810,46.75,0.36499250,1
1505757708,21788809,46.76,1.39604750,1
1505757707,21788805,46.76,0.36739000,1
1505757707,21788804,46.93,1.75704080,0
1505757705,21788789,46.75,3.52447551,1
1505757703,21788785,46.76,10.20313300,1
1505757702,21788782,46.95,1.75629233,0
1505757701,21788780,46.76,1.75910334,0
1505757688,21788759,46.75,6.59562600,1
1505757680,21788746,46.75,28.44213800,1
1505757678,21788743,46.75,47.31628728,1
1505757678,21788742,46.76,0.26349572,1
1505757676,21788739,46.76,1.49683900,1
1505757644,21788618,46.95,1.75559824,0
1505757621,21788585,46.74,1.76107200,1
1505757620,21788582,46.74,1.82269500,1
1505757620,21788581,46.74,1.49680293,1
1505757619,21788580,46.75,1.76107192,1
1505757615,21788564,46.90,19.51690614,1
1505757613,21788562,46.90,1.22124606,0
1505757597,21788529,46.95,1.75630111,0
1505757594,21788527,46.74,10.64859797,1
1505757594,21788526,46.75,0.00000003,1
1505757588,21788523,46.75,1.76229800,1
1505757556,21788492,46.91,1.75762284,0
1505757554,21788491,46.77,3.00000000,1
1505757554,21788490,46.78,1.76112478,1
1505757526,21788467,46.95,1.75624840,0
1505757519,21788460,46.96,1.65613677,1
1505757518,21788458,46.96,0.09935114,0
1505757517,21788456,46.97,59.90064886,1
1505757517,21788455,46.92,0.24235905,0
1505757517,21788454,46.92,0.24379683,0
1505757517,21788453,46.89,0.11000000,0
1505757516,21788452,46.79,0.11000000,0
1505757515,21788450,46.78,0.16716000,0
1505757515,21788449,46.78,1.75947295,0
1505757396,21788362,46.77,10.66388711,0
1505757218,21788163,46.69,0.65596937,1
1505757217,21788162,46.69,0.34046543,1
1505757217,21788160,46.77,0.76408020,1
1505757214,21788150,46.78,1.76070467,1
1505757174,21788082,46.77,1.08705618,1
1505757171,21788075,46.69,1.42407769,1
1505757171,21788074,46.92,0.57592231,1
1505757167,21788072,46.97,1.06174154,0
1505757154,21788051,46.98,0.00053506,1
1505757153,21788048,46.98,1.75436356,1
1505757143,21788027,47.14,1.10787546,1
1505757143,21788025,47.09,0.64106678,0
1505757142,21788023,47.09,1.74893322,0
1505757141,21788022,46.92,0.00000407,1
1505757140,21788018,46.92,1.75742000,1
1505757138,21788017,47.24,7.46805501,1
1505757138,21788016,47.02,2.50000000,0
1505757137,21788015,46.97,1.76711958,0
1505757137,21788014,46.97,21.26100000,1
1505757137,21788013,46.95,0.25819550,0
1505757136,21788012,46.95,1.51000000,0
1505757136,21788011,46.95,1.76805777,0
1505757136,21788010,46.92,2.38000000,0
1505757134,21788007,46.74,6.45000000,0
1505757127,21788000,46.69,0.25819550,1
1505757109,21787962,46.69,1.51000000,1
1505757102,21787955,46.66,0.01202033,0
1505757049,21787875,46.48,1.50836885,1
1505757028,21787830,46.62,0.63313987,0
1505756765,21787570,46.65,1.76805777,0
1505756743,21787546,46.40,1.17222222,0
1505756743,21787543,46.40,1.02551020,0
1505756740,21787539,46.40,1.77913991,0
1505756736,21787537,46.40,16.12327940,1
1505756736,21787534,47.27,1.01417389,0
1505756735,21787532,47.27,3.07851094,0
1505756735,21787530,47.27,10.64985800,1
1505756735,21787527,47.19,0.11000000,0
1505756735,21787526,47.19,0.95143605,1
1505756735,21787525,47.19,1.55077700,1
1505756734,21787522,47.10,1.76112293,0
1505756734,21787520,47.09,0.11000000,0
1505756733,21787518,46.99,0.11000000,0
1505756733,21787517,46.89,2.40000000,0
1505756733,21787516,46.89,0.11000000,0
1505756733,21787515,46.82,1.77305907,0
1505756732,21787513,46.79,0.11000000,0
1505756732,21787512,46.78,1.66647450,0
1505756732,21787510,46.75,4.58000000,0
1505756732,21787509,46.75,2.17734600,1
1505756731,21787508,46.75,19.90990000,1
1505756731,21787507,46.75,7.88946500,1
1505756731,21787506,46.69,0.11000000,0
1505756731,21787505,46.68,2.94000000,0
1505756730,21787504,46.68,1.78226325,1
1505756730,21787502,46.59,0.11000000,0
1505756730,21787501,46.58,4.98780163,0
1505756729,21787500,46.58,9.72219837,0
1505756729,21787499,46.57,37.78500000,0
1505756500,21787337,46.40,5.00000000,1
1505756453,21787297,46.58,2.14147703,0
1505756400,21787261,46.67,3.94532786,0
1505756399,21787260,46.59,0.11000000,0
1505756399,21787259,46.49,0.11000000,0
1505756397,21787258,46.39,0.11000000,0
1505756279,21787092,46.38,1.78751254,0
1505756276,21787087,46.38,0.00437001,0
1505756276,21787086,46.37,1.78751299,0
1505756151,21786958,46.38,1.79265658,0
1505756149,21786954,46.37,1.79188255,0
1505756072,21786892,46.20,10.00000000,0
1505755997,21786821,46.20,1.10000000,0
1505755931,21786782,46.19,2.09322000,0
1505755883,21786742,46.19,7.00000000,1
1505755866,21786730,46.18,1.79770413,1
1505755800,21786657,46.32,1.79770413,1
1505755748,21786572,46.29,0.97540030,0
1505755746,21786564,46.29,0.95970930,1
1505755720,21786504,46.39,26.40900000,0
1505755694,21786362,46.32,21.49093300,0
1505755694,21786361,46.29,0.11000000,0
1505755651,21786263,46.24,1.32903182,1
1505755636,21786232,46.28,4.36589000,0
1505755625,21786217,46.22,15.68915300,0
1505755616,21786182,46.23,7.34589000,0
1505755615,21786179,46.22,5.18906700,0
1505755607,21786132,46.22,6.84227998,0
1505755602,21786116,46.22,13.97000000,0
1505755602,21786115,46.19,0.11000000,0
1505755587,21786059,46.17,0.11000000,1
1505755585,21786055,46.18,1.02295345,1
1505755579,21786020,46.18,2.94218255,1
1505755517,21785900,46.19,4.85890861,0
1505755459,21785802,46.19,0.31165405,1
1505755458,21785801,46.20,1.80375180,1
1505755440,21785750,46.17,3.45663809,1
1505755440,21785749,46.17,6.54336191,1
1505755386,21785671,46.17,0.22663809,1
1505755385,21785670,46.17,1.57106604,1
1505755383,21785663,46.20,1.78417884,1
1505755382,21785662,46.20,1.78456245,1
1505755382,21785661,46.22,1.78379540,1
1505755382,21785659,46.22,1.78379540,1
1505755382,21785657,46.24,16.48000000,1
1505755351,21785617,46.23,1.79537097,1
1505755347,21785615,46.40,6.44935345,0
1505755347,21785612,46.23,1.79537097,1
1505755345,21785609,46.23,0.88164161,1
1505755345,21785606,46.28,1.78149817,1
1505755345,21785605,46.30,5.00000000,1
1505755344,21785604,46.32,1.77996997,1
1505755344,21785603,46.37,1.77958833,1
1505755342,21785599,46.39,0.01528437,1
1505755342,21785598,46.39,1.76201755,1
1505755321,21785562,46.40,16.48000000,0
1505755320,21785559,46.40,16.48000000,1
1505755301,21785498,46.55,0.53555317,0
1505755241,21785291,46.64,0.53451973,0
1505755190,21785069,46.57,15.17000000,0
1505755154,21785033,46.59,9.04872290,0
1505755037,21784840,46.48,5.00000000,1
1505754967,21784797,46.43,34.21399782,0
1505754966,21784796,46.43,0.16812833,0
1505754966,21784795,46.40,0.01187167,0
1505754964,21784792,46.43,2.02675913,0
1505754964,21784791,46.43,2.00000000,1
1505754964,21784790,46.47,1.24262017,1
1505754964,21784789,46.47,0.53164233,1
1505754964,21784788,46.50,0.62400000,1
1505754963,21784787,46.50,10.00000000,1
1505754963,21784786,46.51,11.95140830,1
1505754963,21784785,46.51,21.24144392,1
1505754913,21784737,46.51,19.72072654,1
1505754913,21784736,46.54,5.27927346,1
1505754871,21784726,46.54,5.37349681,1
1505754745,21784653,46.54,5.31498500,1
1505754464,21784483,46.78,4.90295486,0
1505754463,21784482,46.78,1.24262017,0
1505754463,21784481,46.69,0.11000000,0
1505754463,21784480,46.65,15.00000000,0
1505754461,21784478,46.59,0.11000000,0
1505754365,21784421,46.52,1.78417884,0
1505754364,21784420,46.52,14.24806589,0
1505754364,21784419,46.51,1.78456245,1
1505754362,21784415,46.52,1.77305907,0
1505754361,21784414,46.52,0.97236814,1
1505754360,21784413,46.52,0.80000000,1
1505754360,21784412,46.52,41.68099690,1
1505754356,21784409,46.52,10.11161105,1
1505754356,21784408,46.53,10.16439895,1
1505754356,21784407,46.53,1.78379540,1
1505754354,21784404,46.53,1.78379540,1
1505754354,21784403,46.53,12.50801025,1
1505754354,21784402,46.53,0.01086682,1
1505754354,21784401,46.53,1.76112293,1
1505754352,21784400,46.55,0.29821354,1
1505754352,21784399,46.55,1.04538000,1
1505754352,21784398,46.55,0.21381034,1
1505754352,21784397,46.55,0.21345167,1
1505754338,21784380,46.56,1.33195799,1
1505754338,21784379,46.56,0.43889756,1
1505754315,21784350,46.61,3.19159571,1
1505754314,21784348,46.61,0.17987102,0
1505754304,21784331,46.59,14.98712169,1
1505754303,21784330,46.59,2.31564030,1
1505754301,21784329,46.60,3.50000000,1
1505754264,21784296,46.60,13.50000000,1
1505754200,21784247,46.60,3.00000000,1
1505754192,21784242,46.59,12.00000000,1
1505754190,21784241,46.59,0.55276652,1
1505754189,21784240,46.60,16.44723348,1
1505754174,21784234,46.60,3.44276652,1
1505754171,21784233,46.61,0.10684402,0
1505754169,21784231,46.60,0.11000000,1
1505754014,21784080,46.59,3.62903942,1
1505753859,21783947,46.59,1.78149817,1
1505753857,21783945,46.81,0.53164233,1
1505753857,21783944,46.79,0.11000000,0
1505753855,21783942,46.78,3.62220869,0
1505753765,21783854,46.60,7.14017798,0
1505753765,21783853,46.60,21.88171997,0
1505753765,21783852,46.60,10.77008670,0
1505753626,21783657,46.59,17.46810685,1
1505753626,21783656,46.59,7.14015862,1
1505753624,21783647,46.59,119.54766453,1
1505753624,21783646,46.60,7.57000000,1
1505753624,21783644,46.60,3.00000000,1
1505753624,21783643,46.60,0.20000000,1
1505753564,21783602,46.60,8.04347699,1
1505753563,21783601,46.60,13.83816249,1
1505753517,21783528,46.60,10.00000000,1
1505753323,21783222,46.83,1.02242152,0
1505753216,21783126,46.62,31.05000000,0
1505753216,21783125,46.62,1.50000000,1
1505753214,21783120,46.71,19.71000000,1
1505753009,21782909,46.98,0.53065134,0
1505752932,21782883,46.98,2.05023000,0
1505752636,21782545,47.06,2.16638959,0
1505752636,21782544,47.05,1.64000000,1
1505752634,21782542,46.99,0.11000000,0
1505752418,21782275,47.05,6.53347502,0
1505752418,21782274,46.99,3.62233050,1
1505752416,21782273,46.99,0.11000000,0
1505752357,21782238,46.75,1.63658095,0
1505752356,21782237,46.75,21.49093302,1
1505752356,21782236,46.75,3.39000000,1
1505752356,21782235,46.77,21.48248603,1
1505752246,21782138,46.97,10.61954439,0
1505752243,21782132,47.10,15.16631535,1
1505752242,21782131,47.09,0.11000000,0
1505752242,21782130,46.99,0.11000000,0
1505752241,21782128,46.90,5.36260335,0
1505752159,21781982,46.79,4.45967000,1
1505752158,21781978,46.79,9.86425500,1
1505752111,21781748,47.09,2.00849650,0
1505752111,21781747,47.09,0.11000000,0
1505752074,21781666,47.09,2.63686557,1
1505752073,21781665,47.08,2.58000000,0
1505752073,21781662,47.00,22.00000000,0
1505752073,21781660,46.99,12.91000000,0
1505752073,21781659,46.99,0.11000000,0
1505752072,21781658,46.89,0.11000000,0
1505752072,21781655,46.86,11.81000000,0
1505752071,21781654,46.79,0.11000000,0
1505751882,21781304,46.62,7.46471204,1
1505751711,21781035,46.89,6.39091491,0
1505751669,21780961,46.68,0.00000033,0
1505751658,21780920,46.68,16.47999967,0
1505751658,21780919,46.68,0.00000033,0
1505751647,21780914,46.68,16.47999967,0
1505751647,21780913,46.68,1.77958833,0
1505751612,21780892,46.63,1.77996997,1
1505751608,21780889,46.69,1.76595744,1
1505751608,21780888,46.70,0.95029742,1
1505751581,21780861,46.70,0.65476029,1
1505751581,21780860,46.70,0.14523971,1
1505751399,21780619,46.71,1.77692143,1
1505751395,21780616,47.09,20.93761848,0
1505751395,21780615,47.09,0.11000000,0
1505751394,21780614,47.08,2.70000000,0
1505751394,21780613,47.08,21.49093302,0
1505751394,21780612,47.07,13.48000000,0
1505751394,21780611,46.87,0.29821354,0
1505751394,21780610,46.84,0.01086682,0
1505751394,21780609,46.83,0.97236814,0
1505751368,21780601,46.83,0.80000000,0
1505751339,21780589,46.83,1.77396799,0
1505751300,21780531,46.75,1.93168846,0
1505751300,21780530,46.77,7.18683453,1
1505751299,21780522,46.79,1.78100734,1
1505751298,21780521,46.80,9.15840475,1
1505751226,21780440,46.80,1.54008277,0
1505751153,21780308,46.81,5.09559700,0
1505751094,21780213,46.83,13.29168800,0
1505751090,21780204,46.71,1.76201755,1
1505751087,21780196,46.87,1.04538000,0
1505751086,21780194,46.86,1.19572000,0
1505751081,21780181,46.95,0.43889756,1
1505751080,21780179,46.95,0.00009426,0
1505751079,21780173,46.95,1.75624206,1
1505751071,21780164,47.00,0.50000000,1
1505751071,21780163,47.00,1.00000000,1
1505751071,21780162,47.00,9.58178785,1
1505751037,21780071,47.00,0.91727928,1
1505751027,21780051,47.00,29.38999979,1
1505751025,21780034,47.00,29.38994937,1
1505751017,21779986,47.01,20.40991258,1
1505750998,21779953,47.00,28.09000000,1
1505750998,21779950,47.02,24.38000000,1
1505750804,21779664,47.01,11.37918118,1
1505750592,21779494,47.30,7.04223000,0
1505750460,21779365,47.30,6.69069277,0
1505750373,21779269,47.29,2.46771198,0
1505750373,21779268,47.29,0.11000000,0
1505750372,21779267,47.27,0.46394384,0
1505750372,21779266,47.19,0.11000000,0
1505750372,21779265,47.09,0.11000000,0
1505750371,21779256,47.04,0.32665151,0
1505750202,21779125,47.01,1.76595744,1
1505750200,21779122,47.27,31.37298794,1
1505750200,21779121,47.33,1.99742446,1
1505750200,21779119,47.29,0.11000000,0
1505750199,21779118,47.27,1.75624206,1
1505750199,21779116,47.27,17.16000000,0
1505750177,21779064,47.01,1.60505771,0
1505750167,21779055,47.00,1.00799993,1
1505750166,21779054,47.01,0.16052408,1
1505750165,21779052,47.17,0.00000007,1
1505750164,21779051,47.19,0.20000000,0
1505750162,21779047,47.17,16.47999993,1
1505750162,21779046,47.17,1.74512607,1
1505750116,21778998,47.16,11.30999958,1
1505750116,21778997,47.16,5.16595242,1
1505750014,21778851,47.33,3.48906900,0
1505749996,21778820,47.10,11.31404758,0
1505749995,21778818,47.10,3.10000000,0
1505749994,21778816,47.16,16.48000000,1
1505749994,21778815,47.17,19.30800000,1
1505749994,21778814,47.18,3.98897838,1
1505749987,21778796,47.33,1.09820600,0
1505749985,21778794,47.33,17.11832800,0
1505749980,21778777,47.33,0.17606874,1
1505749931,21778708,47.29,9.82378234,1
1505749931,21778706,47.29,0.17621766,1
1505749920,21778682,47.29,10.00000000,1
1505749914,21778680,47.00,7.62157903,1
1505749914,21778679,47.25,6.93866963,1
1505749913,21778678,47.28,16.83975134,1
1505749913,21778677,47.28,1.38124866,1
1505749875,21778587,47.30,15.82415400,0
1505749873,21778582,47.39,0.17584582,1
1505749784,21778480,47.62,1.73140854,0
1505749769,21778452,47.62,1.73013716,0
1505749768,21778413,47.62,9.77999954,1
1505749767,21778412,47.59,0.11000000,0
1505749767,21778411,47.49,0.11000000,0
1505749767,21778409,47.30,0.00000046,0
1505749736,21778371,47.30,3.48901600,0
1505749730,21778369,47.35,6.31995776,1
1505749664,21778321,47.18,0.21381034,1
1505749664,21778320,47.18,1.54540966,1
1505749658,21778316,47.56,1.73567678,0
1505749658,21778315,47.56,1.73345405,0
1505749650,21778311,47.55,1.73552067,1
1505749650,21778310,47.55,1.73401813,1
1505749648,21778309,47.54,1.04879075,0
1505749647,21778308,47.10,0.00009302,0
1505749643,21778304,47.10,22.99999983,0
1505749642,21778303,47.27,21.49093302,1
1505749642,21778302,47.28,32.47000000,1
1505749642,21778301,47.30,10.00000000,1
1505749642,21778300,47.33,3.00000000,1
1505749642,21778299,47.34,6.49000000,1
1505749641,21778298,47.36,1.73139988,1
1505749641,21778297,47.37,1.53629579,1
1505749641,21778296,47.49,0.09025268,1
1505749640,21778294,47.49,0.11000000,0
1505749621,21778267,47.37,0.20000000,1
1505749504,21778164,47.56,13.94000000,0
1505749469,21778114,47.74,1.72722926,0
1505749432,21778054,47.58,2.14600000,1
1505749399,21778001,47.76,1.72651460,0
1505749393,21777994,47.58,7.91234295,1
1505749389,21777983,47.75,7.46471204,1
1505749382,21777980,47.72,10.92647106,0
1505749382,21777979,47.69,0.11000000,0
1505749382,21777978,47.67,0.01172676,0
1505749370,21777963,47.58,6.45794000,1
1505749370,21777962,47.58,1.00000000,1
1505749360,21777950,47.58,3.79808000,1
1505749346,21777909,47.58,5.93812000,1
1505749343,21777904,47.58,9.12344600,1
1505749342,21777902,47.58,5.97735927,1
1505749342,21777901,47.62,0.08347073,1
1505749318,21777883,47.62,0.09281814,0
1505749317,21777882,47.61,0.01167288,0
1505749315,21777881,47.58,6.53814600,1
1505749294,21777860,47.58,8.45636000,1
1505749294,21777859,47.58,7.54955204,1
1505749294,21777857,47.59,8.45044796,1
1505749291,21777856,47.59,0.11000000,0
1505749291,21777855,47.59,20.80955204,0
1505749287,21777852,47.58,8.00000000,1
1505749285,21777851,47.58,0.34648261,1
1505749284,21777849,47.59,1.73399251,0
1505749283,21777848,47.58,15.00000000,1
1505749279,21777847,47.57,2.79000000,0
1505749279,21777846,47.57,13.94000000,0
1505749278,21777845,47.57,1.74502761,0
1505749278,21777844,47.55,0.42714352,0
1505749273,21777837,47.55,0.07808783,0
1505749273,21777835,47.55,1.24046000,0
1505749273,21777833,47.54,16.56000000,0
1505749273,21777831,47.52,0.01168217,0
1505749271,21777828,47.49,0.11000000,0
1505749184,21777680,47.43,12.37698524,1
1505749178,21777669,47.44,0.17566048,1
1505749167,21777663,47.45,0.17562346,1
1505749089,21777475,47.43,8.00000000,1
1505749064,21777419,47.44,1.00000000,1
1505749057,21777397,47.44,1.00000000,1
1505749047,21777337,47.43,56.40971100,1
1505749041,21777321,47.43,78.75000000,1
1505749041,21777320,47.44,25.25000000,1
1505749038,21777311,47.44,25.98000000,1
1505749031,21777302,47.44,3.00000000,1
1505749024,21777291,47.44,18.00000000,1
1505749024,21777289,47.43,12.00000000,1
1505749023,21777286,47.43,16.48000000,1
1505749022,21777275,47.43,1.74000000,0
1505749022,21777272,47.43,14.24330376,0
1505749022,21777267,47.31,0.25000000,1
1505748962,21777159,47.43,0.50000000,0
1505748936,21777097,47.43,1.73669624,0
1505748911,21777066,47.39,0.29000000,1
1505748911,21777065,47.39,0.11000000,0
1505748874,21777049,47.29,1.63297605,1
1505748733,21776842,47.34,1.74148368,0
1505748729,21776834,47.29,0.11000000,0
1505748723,21776813,47.20,198.41583476,0
1505748688,21776731,47.19,0.81000000,0
1505748681,21776727,47.20,13.61810100,0
1505748671,21776708,47.20,11.64000000,0
1505748671,21776706,47.19,8.36000000,0
1505748660,21776698,47.20,4.22711864,0
1505748654,21776690,47.20,1.63575700,0
1505748654,21776689,47.19,0.11000000,0
1505748633,21776657,47.19,3.03592500,0
1505748624,21776651,47.20,5.14541500,0
1505748619,21776648,47.20,30.78217372,0
1505748598,21776592,47.20,20.34586446,0
1505748597,21776589,47.20,9.18861800,0
1505748597,21776588,47.20,7.21021600,0
1505748597,21776587,47.20,3.95800000,0
1505748583,21776567,47.20,2.40398500,0
1505748580,21776562,47.20,53.13369445,0
1505748580,21776561,47.19,0.23474355,0
1505748579,21776557,47.19,1.46525645,0
1505748575,21776554,47.20,18.06910600,0
1505748572,21776537,47.20,26.70095556,0
1505748572,21776536,47.20,0.00000044,0
1505748572,21776535,47.19,2.61000000,0
1505748572,21776533,47.19,0.11000000,0
1505748553,21776511,47.19,4.49000000,0
1505748552,21776509,47.19,8.66000000,0
1505748552,21776508,47.19,3.32518679,0
1505748547,21776497,47.19,4.49481321,0
1505748547,21776495,47.19,0.00069000,0
1505748543,21776483,47.19,3.08931000,0
1505748542,21776482,47.19,0.11000000,0
1505748539,21776469,47.19,8.66000000,0
1505748539,21776468,47.19,7.82069000,0
1505748527,21776455,47.19,0.83931000,1
1505748527,21776454,47.19,3.68000000,0
1505748527,21776453,47.19,3.91000000,0
1505748527,21776452,47.19,3.91000000,0
1505748527,21776451,47.19,1.68000000,0
1505748526,21776450,47.19,6.98069000,0
1505748490,21776369,47.19,3.90924000,0
1505748489,21776368,47.19,3.90924000,0
1505748461,21776317,47.19,1.68083000,0
1505748461,21776316,47.19,0.11000000,0
1505748331,21775969,47.20,1.37690600,0
1505748299,21775865,47.51,1.44543464,1
1505748298,21775863,47.51,0.29000000,0
1505748297,21775857,47.13,5.08011788,0
1505748264,21775695,47.34,1.74354906,0
1505748262,21775684,47.19,0.35000000,1
1505748262,21775680,47.19,0.01497239,1
1505748261,21775679,47.29,1.74502761,1
1505748261,21775672,47.52,63.49936940,1
1505748260,21775670,47.49,0.11000000,0
1505748260,21775668,47.49,29.64483131,1
1505748260,21775667,47.49,50.38700000,1
1505748260,21775666,47.49,4.58953627,1
1505748259,21775663,47.43,1.75019384,0
1505748259,21775661,47.43,1.66781055,1
1505748258,21775657,47.40,0.73378100,0
1505748258,21775651,47.39,0.11000000,0
1505748258,21775647,47.39,4.60822846,1
1505748257,21775645,47.37,0.10491023,0
1505748257,21775644,47.37,1.64633593,0
1505748257,21775641,47.36,23.25005286,1
1505748256,21775639,47.29,0.11000000,0
1505748256,21775635,47.19,0.11000000,0
1505748256,21775633,47.10,8.07420362,0
1505748256,21775631,47.10,9.99300489,0
1505748255,21775629,47.09,0.43000000,0
1505748255,21775626,47.09,2.17000000,0
1505748255,21775625,47.09,0.11000000,0
1505748255,21775622,46.99,0.11000000,0
1505748254,21775620,46.96,1.75046032,0
1505748254,21775616,46.89,0.11000000,0
1505748252,21775606,46.79,0.11000000,0
1505748164,21775365,46.69,0.11000000,0
1505748119,21775250,46.61,5.02510190,1
1505748119,21775249,46.62,1.75046032,1
1505748110,21775236,47.09,1.75019384,0
1505748109,21775235,47.09,10.50283407,1
1505748109,21775234,47.09,9.99999979,0
1505748109,21775233,47.09,0.11000000,0
1505748108,21775232,46.99,0.11000000,0
1505748108,21775230,46.91,1.75664713,0
1505748108,21775227,46.91,0.01175021,0
1505748108,21775225,46.91,40.74900000,1
1505748107,21775224,46.90,69.84500000,1
1505748107,21775222,46.89,0.11000000,0
1505748107,21775217,46.84,0.64000000,0
1505748106,21775215,46.79,0.11000000,0
1505748106,21775212,46.76,3.19000000,0
1505748104,21775201,46.70,70.29729930,0
1505748103,21775198,46.70,3.04871405,0
1505748103,21775197,46.67,0.18128595,0
1505748064,21775143,46.70,40.00000000,0
1505748024,21775086,46.70,16.78000000,0
1505748024,21775085,46.69,0.11000000,0
1505748024,21775084,46.59,0.11000000,0
1505747992,21775043,46.70,7.60103862,0
1505747992,21775042,46.69,3.79000000,0
1505747992,21775041,46.69,0.11000000,0
1505747992,21775040,46.59,0.11000000,0
1505747954,21774981,46.70,6.81033723,0
1505747954,21774980,46.70,2.77617912,0
1505747953,21774978,46.69,4.50000000,0
1505747953,21774976,46.69,0.11000000,0
1505747953,21774972,46.59,0.11000000,0
1505747953,21774971,46.59,1.25000000,1
1505747946,21774949,46.58,3.00000000,0
1505747933,21774934,46.58,20.38050300,0
1505747925,21774931,46.58,7.89909832,0
1505747784,21774762,46.69,5.00337100,0
1505747768,21774741,46.69,6.18963589,0
1505747768,21774740,46.69,0.11000000,0
1505747766,21774738,46.59,0.11000000,0
1505747621,21774557,46.64,4.16766723,1
1505747619,21774555,46.59,0.11000000,0
1505747541,21774296,46.47,4.56000000,1
1505747541,21774295,46.55,0.46889353,1
1505747541,21774291,46.56,20.32976859,1
1505747538,21774273,46.69,4.52919326,1
1505747535,21774249,46.69,6.59000000,1
1505747534,21774243,46.69,0.11000000,0
1505747534,21774240,46.68,6.59000000,0
1505747534,21774238,46.67,0.18080674,0
1505747513,21774180,46.56,9.43848742,0
1505747503,21774141,46.56,20.00000000,0
1505747489,21774098,46.56,9.91999500,0
1505747484,21774077,46.55,1.80652000,1
1505747483,21774075,46.55,3.53979100,1
1505747445,21774021,46.55,0.18479547,1
1505747414,21773958,46.65,0.29327331,0
1505747414,21773954,46.59,0.11000000,0
1505747413,21773952,46.49,0.11000000,0
1505747379,21773853,46.39,1.08538280,1
1505747372,21773805,46.36,0.16700000,1
1505747372,21773804,46.37,40.45000000,1
1505747372,21773803,46.37,3.03000000,1
1505747372,21773801,46.38,15.14000000,1
1505747372,21773799,46.40,16.48000000,1
1505747366,21773765,46.51,11.92553817,1
1505747366,21773764,46.51,6.05246183,1
1505747340,21773625,46.66,4.52215294,0
1505747338,21773619,46.67,2.51011121,0
1505747314,21773431,46.68,2.61317000,0
1505747309,21773381,46.61,1.83025000,0
1505747298,21773290,46.61,1.38124866,0
1505747297,21773282,46.61,51.77429736,0
1505747296,21773265,46.61,5.00000000,0
1505747294,21773253,46.61,1.34929547,0
1505747289,21773205,46.63,1.33892348,0
1505747278,21773117,46.67,3.94360000,0
1505747267,21773008,46.68,6.06741000,0
1505747239,21772910,46.53,1.63378678,1
1505747239,21772909,46.53,13.48000000,1
1505747230,21772893,46.65,6.03586000,0
1505747230,21772892,46.59,0.11000000,0
1505747230,21772891,46.58,4.19834300,0
1505747225,21772880,46.53,3.00000000,1
1505747211,21772850,46.65,1.85520000,0
1505747211,21772847,46.66,16.22763000,1
1505747210,21772841,46.66,12.02000000,0
1505747191,21772793,46.68,1.73134000,0
1505747191,21772792,46.59,0.11000000,0
1505747188,21772789,46.67,9.34882000,0
1505747179,21772761,46.68,1.83042000,0
1505747177,21772760,46.68,1.29518775,0
1505747177,21772759,46.66,0.53501225,0
1505747160,21772700,46.68,1.82234000,0
1505747132,21772609,46.70,2.66617912,1
1505747123,21772572,46.70,0.11000000,1
1505747111,21772537,46.68,0.00000026,0
1505747111,21772536,46.67,1.77844439,0
1505747111,21772535,46.66,0.44537623,0
1505747096,21772496,46.66,1.33957000,0
1505747084,21772464,46.50,1.78073400,0
1505747084,21772463,46.50,2.99502100,0
1505747083,21772462,46.50,5.22424500,0
1505747070,21772446,46.37,1.79033649,1
1505747067,21772431,46.67,1.78073374,0
1505747055,21772406,46.34,1.79110919,1
1505747050,21772394,46.56,1.79188255,0
1505747050,21772392,46.32,2.00000000,1
1505747047,21772380,46.32,10.00000000,1
1505747043,21772362,46.31,1.79226948,1
1505747041,21772330,46.31,13.17999389,1
1505747041,21772328,46.38,0.01172514,1
1505747040,21772327,46.38,1.76595744,1
1505747040,21772325,46.40,20.00000000,1
1505747040,21772323,46.58,1.76746166,1
1505747039,21772320,46.63,1.76821474,1
1505747039,21772316,46.65,1.75664713,1
1505747035,21772304,46.68,6.46981000,0
1505747031,21772277,46.68,1.76595744,1
1505747031,21772276,46.69,1.75423230,1
1505746988,21772145,46.94,0.01095734,1
1505746988,21772144,46.94,1.74565641,1
1505746963,21772098,47.00,2.00000000,1
1505746949,21772074,47.01,3.01000000,1
1505746942,21772058,47.01,10.00000000,1
1505746928,21772034,47.00,1.76595744,1
1505746923,21772015,47.00,1.76595744,1
1505746922,21771997,47.10,0.00699511,1
1505746921,21771995,47.10,9.99300489,1
1505746889,21771877,47.11,0.10491023,1
1505746884,21771843,47.11,1.64633593,1
1505746878,21771825,47.14,10.00000000,1
1505746878,21771824,47.15,8.50593000,1
1505746876,21771822,47.15,6.49407000,1
1505746876,21771821,47.16,4.42693000,1
1505746875,21771820,47.16,4.20407000,1
1505746866,21771753,47.16,6.36900000,1
1505746866,21771752,47.18,18.19420000,1
1505746863,21771746,47.18,1.80580000,1
1505746857,21771738,47.19,6.79701800,1
1505746857,21771736,47.19,1.21000000,1
1505746847,21771719,47.19,9.46761400,1
1505746814,21771681,47.19,0.50000000,1
1505746788,21771575,47.20,2.16073000,1
1505746782,21771557,47.30,4.67716701,0
1505746780,21771553,47.29,0.11000000,0
1505746779,21771551,47.20,16.10000000,1
1505746771,21771547,47.20,1.73927000,1
1505746726,21771482,47.25,12.45594562,1
1505746726,21771481,47.25,20.63000000,1
1505746726,21771480,47.30,4.00000000,1
1505746630,21771375,47.30,0.03275153,0
1505746630,21771374,47.30,0.78737847,1
1505746621,21771364,47.30,1.26479000,1
1505746612,21771353,47.30,11.48670000,1
1505746608,21771345,47.40,2.10443038,0
1505746600,21771329,47.30,1.25754000,1
1505746592,21771309,47.30,1.78590000,1
1505746553,21771273,47.30,1.71672000,1
1505746552,21771272,47.30,1.77885000,1
1505746497,21771214,47.30,1.12638000,1
1505746474,21771175,47.22,0.61717865,1
1505746474,21771174,47.29,0.50523135,1
1505746448,21771149,47.38,1.73764251,0
1505746447,21771146,47.29,1.24046000,1
1505746445,21771139,47.51,6.08882340,0
1505746445,21771138,47.49,0.11000000,0
1505746444,21771134,47.47,8.20000000,0
1505746444,21771132,47.43,1.64000000,0
1505746444,21771131,47.42,17.87700000,1
1505746443,21771130,47.39,0.11000000,0
1505746443,21771128,47.29,0.11000000,0
1505746441,21771122,47.22,1.75621659,0
1505746435,21771114,47.21,1.76746166,0
1505746358,21771041,47.19,3.66469000,1
1505746357,21771038,47.19,0.11000000,0
1505746357,21771036,47.16,0.17325866,0
1505746345,21770995,47.04,11.28244300,1
1505746297,21770859,47.03,5.67300600,0
1505746297,21770858,47.03,4.32699400,0
1505746234,21770612,47.00,10.37500000,0
1505746233,21770604,47.00,20.09370000,0
1505746206,21770471,46.95,0.01162153,0
1505746201,21770437,47.01,2.00000000,0
1505746200,21770435,47.01,1.76821474,1
1505746200,21770434,46.94,2.34661025,0
1505746199,21770433,47.00,15.87291667,0
1505746199,21770432,47.00,10.00000000,1
1505746198,21770431,47.00,5.37588829,1
1505746198,21770430,47.00,11.97973762,1
1505746197,21770429,47.00,0.68723531,1
1505746197,21770428,47.00,0.60276469,1
1505746197,21770427,47.10,1.76595744,1
1505746195,21770423,47.00,0.39723531,1
1505746195,21770422,47.00,10.00000000,1
1505746195,21770420,47.00,9.00000000,1
1505746194,21770419,47.10,8.87988309,0
1505746194,21770415,47.10,20.00023000,0
1505746193,21770414,47.10,12.92575238,1
1505746191,21770408,47.10,3.48603112,1
1505746191,21770406,47.10,5.60000000,1
1505746190,21770405,47.19,1.74700063,1
1505746190,21770404,47.21,0.00010397,1
1505746190,21770400,47.23,1.74553101,1
1505746189,21770396,47.25,0.21100529,0
1505746188,21770391,47.25,0.30006936,1
1505746183,21770370,47.25,1.43303717,1
1505746183,21770369,47.29,0.01200040,1
1505746183,21770368,47.29,0.01148003,1
1505746183,21770367,47.29,0.89458800,1
1505746183,21770365,47.29,0.82526280,1
1505746182,21770363,47.46,0.73712850,1
1505746182,21770362,47.46,1.00000000,1
1505746182,21770361,47.47,1.73676501,1
1505746180,21770358,47.50,15.04889440,1
1505746179,21770356,47.50,38.49040700,1
1505746178,21770354,47.50,3.00000000,1
1505746178,21770352,47.50,9.01363166,1
1505746177,21770351,47.50,22.20784500,1
1505746177,21770350,47.51,13.24000000,1
1505746176,21770346,47.50,1.47088285,1
1505746176,21770344,47.51,1.74700063,0
1505746174,21770336,47.50,10.76833909,1
1505746174,21770334,47.50,0.01055244,1
1505746174,21770333,47.50,1.72512300,1
1505746174,21770331,47.50,3.00000000,1
1505746173,21770324,47.51,10.61287300,1
1505746171,21770313,47.51,9.44632620,1
1505746162,21770268,47.53,0.00495630,1
1505746162,21770266,47.53,1.72952698,1
1505746161,21770260,47.55,4.79558339,1
1505746143,21770086,47.55,1.26458390,1
1505746139,21770047,47.55,13.12386941,1
1505746134,21770024,47.55,51.00000000,1
1505746130,21770005,47.55,16.48000000,1
1505746129,21770000,47.55,16.48000000,1
1505746119,21769935,47.56,1.73541610,1
1505746108,21769863,47.56,2.00000000,0
1505746097,21769795,47.55,1.74553101,1
1505746095,21769788,47.90,4.50964063,1
1505746062,21769654,47.59,4.71633278,0
1505746061,21769651,47.59,37.28593613,1
1505746061,21769650,47.60,6.87773109,1
1505746053,21769621,47.59,1.74406387,1
1505746053,21769619,47.59,10.97000000,1
1505746051,21769617,47.61,0.01200040,0
1505746050,21769612,47.60,7.83302062,1
1505746049,21769602,47.67,1.72952698,1
1505746009,21769445,47.92,5.33115800,0
1505746009,21769442,47.89,0.11000000,0
1505745860,21769139,47.99,4.77423213,0
1505745860,21769137,47.99,3.54000000,0
1505745816,21769043,48.00,2.58005500,0
1505745796,21769022,47.78,0.73712850,0
1505745796,21769021,47.78,1.00000000,1
1505745795,21769019,48.00,1.62495002,0
1505745795,21769018,47.99,1.72952698,0
1505745778,21769000,47.79,20.00000000,1
1505745738,21768953,47.99,0.31309198,0
1505745738,21768952,47.92,8.52673502,0
1505745732,21768938,47.91,8.99673500,0
1505745729,21768922,47.79,1.35000000,1
1505745706,21768842,47.92,2.00000000,0
1505745694,21768785,47.99,7.54161094,1
1505745694,21768779,47.88,2.55000000,0
1505745692,21768773,47.85,0.00506027,0
1505745689,21768761,47.81,0.25000000,1
1505745689,21768760,47.83,8.53147478,1
1505745651,21768600,47.82,0.01055244,0
1505745635,21768532,48.44,3.69408501,1
1505745635,21768529,48.18,1.72300217,0
1505745635,21768527,48.18,1.72952698,1
1505745634,21768519,47.99,2.51000000,0
1505745633,21768518,47.99,0.34361584,0
1505745586,21768294,48.11,1.71187942,0
1505745584,21768289,47.85,6.27699783,1
1505745583,21768286,47.86,1.72300217,0
1505745546,21768185,47.81,4.17555755,1
1505745492,21768126,47.80,1.00000000,1
1505745484,21768112,47.80,1.00000000,1
1505745480,21768104,47.79,1.73676501,1
1505745473,21768096,48.20,1.71228771,0
1505745472,21768095,48.18,7.29901321,1
1505745472,21768094,48.18,7.46228779,1
1505745470,21768093,48.16,9.00623218,0
1505745470,21768092,47.94,0.01148003,0
1505745464,21768088,48.18,0.00000042,1
1505745463,21768087,48.18,1.71098700,1
1505745444,21768059,48.22,0.01256605,1
1505745444,21768058,48.22,0.17375288,1
1505745444,21768057,48.22,1.52537420,1
1505745444,21768056,48.23,0.18561280,1
1505745407,21767966,48.23,0.81438720,1
1505745407,21767965,48.26,20.25914480,1
1505745405,21767959,48.26,8.82612500,1
1505745403,21767957,48.26,1.71985080,1
1505745397,21767949,48.26,0.19487940,1
1505745397,21767947,48.27,1.70242660,1
1505745300,21767815,48.45,0.60000000,1
1505745298,21767814,48.45,1.40000000,0
1505745219,21767719,48.35,3.11520165,0
1505745207,21767714,48.36,9.92224979,0
1505745173,21767689,48.35,1.69609180,1
1505745173,21767688,48.35,0.57086287,1
1505745143,21767664,48.52,2.00432811,0
1505745137,21767660,48.50,2.90740300,1
1505745137,21767659,48.50,13.70385500,1
1505745135,21767658,48.50,7.43395900,1
1505745135,21767657,48.50,2.90660500,1
1505745101,21767615,48.50,72.86817800,1
1505745099,21767611,48.51,24.95482200,1
1505745091,21767606,48.51,1.99700000,1
1505745089,21767600,48.51,19.22091400,1
1505745080,21767594,48.50,0.18000000,1
1505745078,21767587,48.52,31.25000000,1
1505745077,21767586,48.53,0.59590100,0
1505745016,21767533,48.51,0.21008000,1
1505744947,21767410,48.51,1.74571000,1
1505744937,21767395,48.51,1.71098742,1
1505744751,21767293,48.35,1.42913713,1
1505744751,21767291,48.39,1.03686287,1
1505744739,21767280,48.39,0.66760921,1
1505744739,21767279,48.41,1.00000000,1
1505744738,21767277,48.42,1.70495134,0
1505744737,21767276,48.42,0.86883362,1
1505744653,21767142,48.46,1.02949203,1
1505744653,21767141,48.47,1.00000000,1
1505744653,21767140,48.49,1.59052253,1
1505744653,21767139,48.50,0.70491900,1
1505744653,21767138,48.65,0.04461643,1
1505744634,21767112,48.65,0.10960000,1
1505744630,21767101,48.67,21.70369536,1
1505744629,21767099,48.67,40.70317600,1
1505744629,21767098,48.67,4.00000000,1
1505744627,21767096,48.67,1.27620300,1
1505744625,21767087,48.67,9.96000000,1
1505744624,21767084,48.67,13.06622700,1
1505744624,21767083,48.67,2.74279200,1
1505744624,21767081,48.67,9.96000000,1
1505744623,21767077,48.67,1.71672400,1
1505744623,21767074,48.67,14.86169900,1
1505744621,21767072,48.67,0.00948364,0
1505744620,21767070,48.65,1.51134112,0
1505744619,21767069,48.61,2.51000000,0
1505744605,21767033,48.64,0.00306252,1
1505744598,21767023,48.65,10.25179856,0
1505744555,21766979,48.64,1.69366756,1
1505744538,21766950,48.64,1.70670195,0
1505744538,21766949,48.62,2.38000000,0
1505744538,21766948,48.59,0.11000000,0
1505744538,21766947,48.56,0.11000000,0
1505744538,21766946,48.55,0.01256605,0
1505744466,21766838,48.50,1.00000000,1
1505744462,21766833,48.50,0.29888452,0
1505744459,21766824,48.50,1.70111548,1
1505744440,21766813,48.53,0.00000028,0
1505744440,21766812,48.53,0.00391324,0
1505744413,21766793,48.49,0.11000000,0
1505744412,21766790,48.47,0.42505198,0
1505744278,21766685,48.46,1.70361221,1
1505744274,21766675,48.47,0.98711711,0
1505744273,21766673,48.47,0.29496589,0
1505744258,21766649,48.46,1.70340767,0
1505744253,21766645,48.47,1.84588405,1
1505744253,21766644,48.39,0.11000000,0
1505744251,21766642,48.35,0.10328416,0
1505744228,21766620,48.29,0.11000000,0
1505744220,21766598,48.27,1.71973171,0
1505744220,21766594,48.27,0.79213629,0
1505744216,21766557,48.27,0.92312230,0
1505744214,21766544,48.19,0.11000000,0
1505744193,21766526,48.16,13.78649335,0
1505744192,21766525,48.16,2.41071428,0
1505744191,21766523,48.16,23.48206079,0
1505744191,21766521,48.14,16.19720821,0
1505744191,21766519,48.14,5.29882800,0
1505744189,21766502,48.14,9.39754600,0
1505744189,21766499,48.13,2.04033800,0
1505744188,21766496,48.13,4.63003200,0
1505744182,21766487,48.13,0.35963000,1
1505744178,21766483,48.14,8.36585000,0
1505744176,21766478,48.14,58.40693809,0
1505744176,21766476,48.13,8.36000000,0
1505744165,21766462,48.14,9.51863300,0
1505744165,21766461,48.13,9.93000000,0
1505744132,21766445,48.13,0.09723665,0
1505744130,21766443,48.10,0.11000000,0
1505744124,21766430,48.13,2.15915229,0
1505744122,21766426,48.13,2.15914700,0
1505744111,21766381,48.13,1.02164000,0
1505744101,21766293,48.14,49.81300000,0
1505744086,21766276,48.14,4.11022533,0
1505744074,21766268,48.15,5.64030981,0
1505744017,21766234,48.15,36.17403946,0
1505744017,21766231,48.14,2.49000000,0
1505744017,21766229,48.14,10.40288000,0
1505744015,21766221,48.14,2.05712000,0
1505744004,21766198,48.14,10.55555878,0
1505744004,21766196,48.13,0.11000000,0
1505744003,21766193,48.13,6.89000000,0
1505744003,21766192,48.10,0.11000000,0
1505743907,21766000,48.09,0.10328416,0
1505743904,21765998,48.09,0.00671584,0
1505743904,21765997,48.00,0.88351416,0
1505743903,21765996,47.99,0.11000000,0
1505743872,21765974,48.00,0.84556532,0
1505743871,21765973,48.00,0.19339301,0
1505743837,21765966,48.00,5.08687500,0
1505743835,21765965,47.99,0.11000000,0
1505743783,21765940,47.70,1.74004192,1
1505743686,21765841,48.00,3.00000000,0
1505743671,21765830,48.00,1.71973199,0
1505743669,21765829,47.71,11.27092052,0
1505743669,21765828,47.72,1.72907948,0
1505743663,21765826,47.71,1.73967721,1
1505743630,21765799,48.00,2.04000000,1
1505743628,21765797,48.00,6.63937200,1
1505743620,21765775,48.00,0.66550000,1
1505743605,21765741,48.00,2.04000000,1
1505743605,21765740,48.00,4.71512800,1
1505743605,21765739,48.00,2.21107500,1
1505743604,21765738,48.00,5.24905300,1
1505743593,21765726,48.00,1.15500000,1
1505743591,21765719,48.00,1.38487200,1
1505743591,21765718,48.00,0.69424400,1
1505743589,21765715,48.00,4.30575600,1
1505743589,21765714,48.00,5.00000000,1
1505743587,21765710,48.01,3.21000000,0
1505743526,21765633,48.01,3.23388554,0
1505743526,21765630,48.01,1.71525859,1
1505743501,21765607,48.14,3.07914416,0
1505743480,21765594,48.12,0.62177889,0
1505743450,21765572,48.14,10.00023000,0
1505743443,21765567,48.14,4.00000000,0
1505743339,21765471,48.20,31.16327600,1
1505743337,21765470,48.20,21.06700600,1
1505743273,21765439,48.44,1.64574731,0
1505743262,21765428,48.45,3.96925696,0
1505743262,21765427,48.45,0.11000000,1
1505743262,21765426,48.39,0.11000000,0
1505743260,21765423,48.36,10.00000000,0
1505743252,21765377,48.35,8.04591520,0
1505743252,21765376,48.35,4.01633919,0
1505743250,21765375,48.29,0.11000000,0
1505743228,21765339,48.20,22.76971800,1
1505743212,21765228,48.21,5.47229473,1
1505743211,21765226,48.22,1.15470527,1
1505743184,21765117,48.21,9.88979881,1
1505743184,21765116,48.21,1.41216909,1
1505743155,21765094,48.21,0.29496589,1
1505743155,21765093,48.21,1.70503411,1
1505743153,21765090,48.38,2.87838993,1
1505743153,21765089,48.46,19.14023000,1
1505743152,21765088,48.46,13.86000000,0
1505743152,21765087,48.38,17.19000000,0
1505743120,21765051,48.36,1.70069841,0
1505743118,21765050,48.64,1.10358165,1
1505743118,21765049,48.64,7.47189000,1
1505743118,21765047,48.62,1.70710947,0
1505743117,21765046,48.56,1.70930171,0
1505743117,21765045,48.56,2.72959900,1
1505743117,21765044,48.55,2.86000000,0
1505743117,21765043,48.54,0.00000355,0
1505743116,21765042,48.54,1.70956000,0
1505743116,21765041,48.54,0.00037794,0
1505743116,21765040,48.54,6.55217000,1
1505743116,21765039,48.52,1.70572413,0
1505743114,21765037,48.44,5.31871896,0
1505743113,21765036,48.44,2.05924855,0
1505743103,21765021,48.44,1.70431560,0
1505743095,21765002,48.32,17.15319781,0
1505743094,21764996,48.27,2.57960324,0
1505743093,21764995,48.27,14.00709302,0
1505743090,21764992,48.21,24.89965900,1
1505743058,21764956,48.27,0.41330019,0
1505743000,21764886,48.05,2.15489307,1
1505742980,21764849,48.27,0.00000355,1
1505742958,21764802,48.27,1.70956000,1
1505742938,21764757,48.01,0.00037794,0
1505742938,21764755,48.01,15.08017180,0
1505742936,21764753,48.04,2.81611644,1
1505742935,21764748,48.04,4.70700196,1
1505742935,21764747,48.08,0.63727123,1
1505742935,21764746,48.10,1.00000000,1
1505742863,21764619,48.10,19.59136354,1
1505742832,21764600,48.29,1.70930171,0
1505742825,21764592,48.49,1.44919861,1
1505742824,21764591,48.44,1.71189827,0
1505742824,21764590,48.34,2.43000000,0
1505742824,21764589,48.34,1.00000000,1
1505742822,21764585,48.25,1.00000000,0
1505742819,21764579,48.24,1.61522000,0
1505742819,21764578,48.20,1.00000000,0
1505742808,21764573,48.16,9.01748503,1
1505742807,21764572,48.16,1.71189827,1
1505742776,21764545,48.21,11.34836159,1
1505742772,21764539,48.21,11.39427587,1
1505742772,21764537,48.25,0.50000000,1
1505742770,21764535,48.26,1.70572413,1
1505742733,21764480,48.46,2.00474618,0
1505742714,21764450,48.26,5.48820618,1
1505742714,21764448,48.29,1.70710947,1
1505742714,21764446,48.30,1.00000000,1
1505742714,21764445,48.32,1.80468435,1
1505742708,21764438,48.50,4.81542000,0
1505742696,21764422,48.50,2.33000000,0
1505742663,21764396,48.61,9.95738560,0
1505742663,21764395,48.61,6.86281600,1
1505742662,21764393,48.60,6.00000000,0
1505742662,21764391,48.59,0.91000000,0
1505742662,21764389,48.59,12.48661300,1
1505742662,21764387,48.59,7.45746400,1
1505742662,21764386,48.59,6.84778500,1
1505742661,21764379,48.56,4.55000000,0
1505742660,21764374,48.54,2.41000000,0
1505742659,21764371,48.53,26.17600000,0
1505742659,21764370,48.53,0.89606400,0
1505742653,21764364,48.53,1.00000000,0
1505742403,21763864,48.58,0.49556680,0
1505742401,21763861,48.57,0.70376627,0
1505742287,21763596,48.58,18.00000000,0
1505742269,21763576,48.59,1.11750994,1
1505742267,21763573,48.59,0.58151035,0
1505742267,21763572,48.59,1.69653040,0
1505742266,21763569,48.33,2.80000000,1
1505742266,21763567,48.63,0.27719514,0
1505742265,21763566,48.62,2.00000000,0
1505742265,21763565,48.59,0.11000000,0
1505742265,21763564,48.58,13.98000000,0
1505742265,21763563,48.58,69.02422400,1
1505742264,21763562,48.53,9.47039339,0
1505742264,21763561,48.52,1.71063356,0
1505742263,21763559,48.50,1.14135273,0
1505742263,21763558,48.50,0.57000000,0
1505742263,21763557,48.50,0.13730129,0
1505742263,21763556,48.50,0.06691669,0
1505742263,21763554,48.50,0.72284684,0
1505742263,21763553,48.50,0.92170051,0
1505742262,21763552,48.50,1.57409800,0
1505742262,21763551,48.50,1.00000000,0
1505742226,21763507,48.30,1.26707500,1
1505742226,21763506,48.33,17.19000000,1
1505742219,21763493,48.32,11.25237500,1
1505742129,21763388,48.45,1.70191795,0
1505742084,21763340,48.41,9.28196700,0
1505742082,21763335,48.41,0.99987916,0
1505742081,21763333,48.41,9.28196654,1
1505742080,21763328,48.41,1.00000000,0
1505742046,21763269,48.30,1.00000000,0
1505742042,21763261,48.28,14.33518000,1
1505742026,21763238,48.27,2.83241000,1
1505742004,21763197,48.40,15.31001100,1
1505741998,21763186,48.40,1.00000000,1
1505741986,21763172,48.40,7.30000000,1
1505741981,21763166,48.42,0.10282883,0
1505741980,21763165,48.40,1.77997800,1
1505741971,21763150,48.41,1.00000000,0
1505741965,21763139,48.40,21.53788200,1
1505741964,21763138,48.40,1.00000000,1
1505741959,21763132,48.40,2.07212900,1
1505741958,21763131,48.40,1.00000000,1
1505741927,21763092,48.41,11.59350672,1
1505741915,21763081,48.48,6.09144032,0
1505741915,21763079,48.47,14.47042862,0
1505741901,21763075,48.49,2.05712518,0
1505741862,21763011,48.41,0.27352555,1
1505741795,21762780,48.45,7.39293340,0
1505741795,21762777,48.45,27.20273260,0
1505741772,21762696,48.45,15.66733537,0
1505741772,21762695,48.45,0.86021863,0
1505741761,21762653,48.47,3.72169700,1
1505741760,21762649,48.47,1.84830300,1
1505741758,21762635,48.46,14.43000000,0
1505741736,21762555,48.41,16.06537728,1
1505741698,21762420,48.40,31.43512377,1
1505741674,21762365,48.41,2.97474000,1
1505741673,21762361,48.42,4.19235100,1
1505741672,21762359,48.42,9.01311000,1
1505741672,21762358,48.42,4.58197200,1
1505741667,21762334,48.42,3.21220800,1
1505741664,21762313,48.42,3.57738300,1
1505741663,21762304,48.46,3.21049020,1
1505741662,21762303,48.46,4.78951000,1
1505741661,21762295,48.46,1.99999980,1
1505741624,21762238,48.41,1.74589114,1
1505741621,21762229,48.41,1.15532039,1
1505741619,21762222,48.41,1.15532039,1
1505741616,21762210,48.40,6.42031552,1
1505741540,21762117,48.25,2.00000000,1
1505741513,21762081,48.49,1.70050551,0
1505741507,21762048,48.42,1.70229089,0
1505741507,21762047,48.42,1.70501957,0
1505741504,21762042,48.42,1.70280190,0
1505741503,21762039,48.49,1.97562750,0
1505741503,21762038,48.49,1.71177221,0
1505741502,21762037,48.49,0.11000000,0
1505741502,21762036,48.48,1.71213195,0
1505741502,21762035,48.46,1.71282706,0
1505741502,21762033,48.46,1.71180221,0
1505741501,21762029,48.43,1.36388139,0
1505741501,21762027,48.43,0.35000000,0
1505741501,21762023,48.42,1.71419011,0
1505741501,21762021,48.41,36.73000000,1
1505741500,21762020,48.41,8.65008368,1
1505741500,21762019,48.41,43.96100000,0
1505741481,21762002,48.41,10.20023000,0
1505741460,21761947,48.20,16.16960706,1
1505741438,21761902,48.18,5.72000000,1
1505741438,21761901,48.19,2.28000000,1
1505741430,21761863,48.18,1.14582021,1
1505741430,21761862,48.18,1.71282706,1
1505741429,21761861,48.18,1.14135273,1
1505741425,21761855,48.41,1.70294928,0
1505741425,21761853,48.41,1.70434802,0
1505741423,21761848,48.18,0.57000000,0
1505741421,21761841,48.19,3.43000000,1
1505741381,21761623,48.16,27.92398666,1
1505741381,21761622,48.16,1.71213195,1
1505741381,21761621,48.16,1.36388139,1
1505741371,21761606,48.41,1.70537178,0
1505741370,21761605,48.41,1.70305153,0
1505741369,21761604,48.16,0.35000000,0
1505741368,21761602,48.16,3.65000000,1
1505741354,21761583,48.16,29.06789477,1
1505741354,21761582,48.16,1.71419011,1
1505741354,21761581,48.16,1.71177221,1
1505741354,21761580,48.45,0.09512091,1
1505741352,21761573,48.45,1.60688545,1
1505741352,21761570,48.45,0.00185518,0
1505741351,21761569,48.45,1.70123605,0
1505741351,21761568,48.45,0.00064785,0
1505741350,21761566,48.16,7.08708700,0
1505741348,21761560,48.16,7.08678530,1
1505741327,21761531,48.45,1.70328189,0
1505741325,21761527,48.45,0.12927690,1
1505741325,21761526,48.45,1.42631537,1
1505741324,21761522,48.45,0.14833747,0
1505741324,21761520,48.45,1.70166253,0
1505741315,21761515,48.38,0.26930266,1
1505741314,21761512,48.38,5.31600592,1
1505741314,21761510,48.38,0.60009861,0
1505741292,21761492,48.46,5.09224102,1
1505741291,21761491,48.45,0.00007777,0
1505741291,21761490,48.45,1.71316423,0
1505741291,21761489,48.43,2.37000000,0
1505741291,21761487,48.41,3.00000000,0
1505741290,21761486,48.39,1.71525859,0
1505741290,21761485,48.39,0.11000000,0
1505741290,21761484,48.35,52.92595525,0
1505741290,21761483,48.32,5.44114428,1
1505741289,21761482,48.35,1.70670221,0
1505741289,21761480,48.35,1.70508815,0
1505741288,21761476,48.35,12.20517419,0
1505741288,21761475,48.35,1.68927557,0
1505741287,21761474,48.35,28.57780463,0
1505741287,21761472,48.35,1.19000000,0
1505741287,21761471,48.34,2.48000000,0
1505741287,21761470,48.31,1.71833554,0
1505741287,21761469,48.31,0.00002184,0
1505741286,21761468,48.30,5.00000000,0
1505741286,21761467,48.29,12.40000000,0
1505741286,21761466,48.29,0.29763848,0
1505741286,21761465,48.29,0.11000000,0
1505741285,21761464,48.28,1.71914277,0
1505741285,21761463,48.27,1.71954584,0
1505741285,21761462,48.24,1.03124098,0
1505741285,21761461,48.24,0.68941445,0
1505741284,21761459,48.23,1.72106296,0
1505741284,21761457,48.21,1.72179343,0
1505741284,21761456,48.20,5.48951486,0
1505741284,21761455,48.19,10.00000000,1
1505741282,21761447,48.19,20.00000000,0
1505741214,21761343,48.20,40.51048514,0
1505741214,21761342,48.19,14.73000000,0
1505741214,21761340,48.19,1.00000000,0
1505741184,21761280,48.05,12.00000000,1
1505741170,21761258,48.05,4.20000000,1
1505741122,21761175,48.05,62.97000000,1
1505741122,21761174,48.06,38.03000000,1
1505741119,21761172,48.06,11.00000000,1
1505741113,21761161,48.06,10.52135753,1
1505741108,21761153,48.19,10.34965761,0
1505741099,21761131,48.13,0.00007777,1
1505741093,21761074,48.18,12.41087608,1
1505741083,21761048,48.18,2.00008282,0
1505741078,21761013,48.18,2.20000000,1
1505741078,21761012,48.18,2.00000000,1
1505741027,21760835,48.19,0.20601600,0
1505741026,21760829,48.19,5.27280900,0
1505741026,21760827,48.18,2.42994600,0
1505741002,21760767,48.18,1.71063356,0
1505740997,21760722,48.13,1.71316423,1
1505740996,21760720,48.13,1.71525859,1
1505740996,21760716,48.19,18.53366685,0
1505740996,21760715,48.19,0.11000000,0
1505740995,21760714,48.17,2.43231000,0
1505740995,21760713,48.14,1.71180221,1
1505740992,21760692,48.18,2.53496781,0
1505740992,21760691,48.18,9.63000000,0
1505740992,21760689,48.18,1.18000000,0
1505740991,21760688,48.18,1.65526219,0
1505740984,21760677,48.17,0.13730129,1
1505740981,21760663,48.17,1.57409800,0
1505740979,21760658,48.18,0.07829949,0
1505740979,21760656,48.18,1.71526886,1
1505740979,21760654,48.15,1.61388907,0
1505740979,21760653,48.15,0.11000000,0
1505740978,21760650,48.14,11.44000000,1
1505740978,21760649,48.13,1.72390409,0
1505740977,21760648,48.11,0.96356041,0
1505740977,21760647,48.11,2.08376637,0
1505740977,21760645,48.09,0.11000000,0
1505740977,21760644,48.07,1.71713674,0
1505740976,21760643,48.07,0.00955680,0
1505740976,21760640,48.06,1.33784396,0
1505740976,21760637,48.06,0.11000000,0
1505740976,21760635,48.06,0.27932879,0
1505740975,21760631,48.05,0.00023460,0
1505740975,21760629,48.05,1.70506391,0
1505740975,21760628,48.05,0.02216299,0
1505740975,21760627,48.05,0.58133014,0
1505740975,21760625,48.05,1.13547438,0
1505740975,21760624,48.05,0.01079526,0
1505740974,21760622,48.03,1.22505597,0
1505740974,21760621,48.03,0.29214179,0
1505740974,21760620,48.03,1.72582341,0
1505740974,21760619,48.03,0.00241769,0
1505740974,21760618,48.02,1.72873583,0
1505740973,21760617,48.02,1.08238419,0
1505740973,21760616,48.02,0.64607229,0
1505740972,21760613,48.01,0.00936297,0
1505740969,21760608,48.00,0.00043048,0
1505740969,21760606,48.00,1.00000000,0
1505740969,21760604,48.00,0.98942787,0
1505740968,21760600,48.00,2.42394700,0
1505740965,21760592,48.00,13.06145300,0
1505740961,21760584,48.00,2.48632000,0
1505740959,21760582,48.00,1.98985800,0
1505740943,21760568,48.00,1.72890900,0
1505740943,21760566,48.00,3.45719200,0
1505740928,21760518,48.00,9.17046300,0
1505740928,21760514,48.00,10.60000000,0
1505740927,21760510,48.00,2.36479167,0
1505740914,21760476,48.00,20.86026200,0
1505740900,21760421,48.00,1.27000923,0
1505740900,21760419,48.00,0.80811577,0
1505740897,21760414,48.00,0.40023000,0
1505740885,21760388,48.00,8.79165423,0
1505740885,21760387,48.00,2.50000000,0
1505740885,21760386,48.00,3.50000000,0
1505740885,21760385,48.00,0.25000000,0
1505740885,21760384,48.00,1.00000000,0
1505740884,21760382,47.99,0.11000000,0
1505740884,21760381,47.98,1.71834577,0
1505740873,21760363,47.98,1.71833554,1
1505740872,21760360,47.98,0.00002184,0
1505740871,21760359,47.98,1.03124098,1
1505740855,21760346,47.97,1.30252985,0
1505740855,21760345,47.97,0.02018822,0
1505740855,21760344,47.97,0.11000000,0
1505740855,21760343,47.97,0.02277495,0
1505740851,21760339,47.97,0.42787265,0
1505740851,21760338,47.97,0.00006817,0
1505740851,21760337,47.97,1.27977762,0
1505740851,21760336,47.97,1.73050026,0
1505740851,21760335,47.97,7.83391004,0
1505740849,21760334,47.96,2.42845687,0
1505740831,21760311,47.96,0.31192661,0
1505740825,21760306,47.96,0.52168474,0
1505740774,21760237,47.90,2.92287400,1
1505740773,21760232,47.90,15.81462456,1
1505740773,21760229,47.90,18.88525900,1
1505740772,21760223,47.90,22.00000000,1
1505740771,21760218,47.90,17.19000000,1
1505740768,21760210,47.90,95.10000000,1
1505740768,21760209,47.91,35.90000000,1
1505740765,21760200,47.91,10.00000000,1
1505740762,21760192,47.96,1.71914277,0
1505740762,21760189,47.96,1.72106296,0
1505740759,21760186,47.90,10.00000000,1
1505740756,21760179,47.97,6.70235884,0
1505740756,21760178,47.93,0.22571964,0
1505740755,21760177,47.93,0.76138925,0
1505740755,21760176,47.93,0.11000000,0
1505740755,21760175,47.93,0.62380908,0
1505740755,21760174,47.93,0.01085765,0
1505740755,21760173,47.92,1.73238731,0
1505740753,21760171,47.91,0.02879527,0
1505740753,21760170,47.90,10.00000000,1
1505740714,21760086,47.90,8.23671622,0
1505740712,21760084,47.90,45.00000000,0
1505740666,21759966,47.86,1.17882000,0
1505740663,21759961,47.90,7.01774530,0
1505740660,21759955,47.90,0.94044050,0
1505740654,21759940,47.90,11.52150313,0
1505740652,21759934,47.89,39.45000000,0
1505740648,21759925,47.90,0.13569937,0
1505740647,21759923,47.89,4.03000000,0
1505740638,21759897,47.89,1.00000000,0
1505740630,21759882,47.88,0.00017481,1
1505740624,21759866,47.88,2.80981559,1
1505740622,21759848,47.88,17.19000000,0
1505740622,21759846,47.86,0.00000960,0
1505740619,21759836,47.86,1.72217888,1
1505740618,21759835,47.86,1.72390409,1
1505740610,21759822,47.86,7.09000000,0
1505740609,21759819,47.86,32.34867343,1
1505740607,21759815,47.89,1.72179343,0
1505740607,21759814,47.89,1.61388907,0
1505740607,21759812,47.89,0.11000000,0
1505740605,21759808,47.86,1.01165752,0
1505740601,21759803,47.85,0.77103944,0
1505740601,21759802,47.85,0.00000014,0
1505740601,21759801,47.84,0.64414984,0
1505740601,21759800,47.82,1.73580069,0
1505740601,21759799,47.82,1.73598383,0
1505740600,21759798,47.79,0.09617349,0
1505740600,21759797,47.78,15.47000000,0
1505740597,21759789,47.74,15.47286326,0
1505740597,21759788,47.74,1.71713674,1
1505740531,21759669,47.74,0.00955680,0
1505740529,21759661,47.75,1.72873583,1
1505740525,21759655,47.75,1.72890881,0
1505740523,21759652,47.79,1.64075768,0
1505740523,21759650,47.79,1.73700126,0
1505740523,21759649,47.79,0.11000000,0
1505740522,21759648,47.77,0.51174014,0
1505740522,21759647,47.77,1.22593714,0
1505740522,21759644,47.76,1.73819775,0
1505740522,21759642,47.76,1.73797355,0
1505740521,21759638,47.75,1.73832762,0
1505740521,21759637,47.75,0.00078250,0
1505740519,21759629,47.75,0.99390067,0
1505740518,21759626,47.75,0.74366266,0
1505740518,21759623,47.74,1.73874043,0
1505740518,21759621,47.73,0.00043048,0
1505740516,21759614,47.73,0.00023460,1
1505740515,21759612,47.73,1.70506391,1
1505740503,21759511,47.71,1.22505597,1
1505740499,21759485,47.70,1.72824110,1
1505740496,21759480,47.71,1.46064300,0
1505740495,21759479,47.70,1.46064297,0
1505740494,21759466,47.70,0.27953752,0
1505740494,21759465,47.70,0.00000049,0
1505740493,21759463,47.70,1.74020600,0
1505740493,21759462,47.69,0.12029415,0
1505740486,21759456,47.69,0.11000000,0
1505740482,21759448,47.67,0.02025030,0
1505740474,21759436,47.65,1.04288670,0
1505740473,21759434,47.65,0.00970965,0
1505740473,21759433,47.65,0.01140365,0
1505740442,21759354,47.64,1.71368597,0
1505740440,21759353,47.63,1.42726148,0
1505740438,21759352,47.63,0.06450168,0
1505740438,21759351,47.63,0.25098001,0
1505740437,21759350,47.61,0.35772483,0
1505740437,21759349,47.61,0.00542976,0
1505740437,21759348,47.61,0.11000000,0
1505740437,21759347,47.61,1.27035958,0
1505740435,21759345,47.60,17.32201684,0
1505740387,21759277,47.60,1.74351400,0
1505740385,21759272,47.60,50.93446916,0
1505740385,21759269,47.59,0.11000000,0
1505740385,21759267,47.58,1.33301284,0
1505740382,21759255,47.58,1.73238731,0
1505740381,21759223,47.58,1.73459985,1
1505740377,21759204,47.58,0.00000014,0
1505740376,21759201,47.58,5.70999986,0
1505740376,21759200,47.58,1.74474841,0
1505740376,21759198,47.58,0.06714879,0
1505740376,21759197,47.58,0.34557794,0
1505740372,21759196,47.58,0.15442206,0
1505740372,21759195,47.58,0.50000000,0
1505740372,21759194,47.58,0.67762321,0
1505740372,21759193,47.58,1.07882650,0
1505740372,21759192,47.58,0.66563096,0
1505740371,21759191,47.57,1.74330523,0
1505740371,21759190,47.55,1.74399509,0
1505740371,21759189,47.55,1.73252396,0
1505740371,21759188,47.55,0.01307682,0
1505740370,21759183,47.54,0.00000045,0
1505740369,21759181,47.54,1.74613000,0
1505740369,21759178,47.54,0.01164601,0
1505740362,21759166,47.53,1.00000000,0
1505740361,21759165,47.52,0.64414984,0
1505740358,21759155,47.52,1.35585016,0
1505740357,21759154,47.51,1.74539213,0
1505740357,21759153,47.51,1.74714160,0
1505740357,21759152,47.51,1.24003354,0
1505740355,21759151,47.51,0.50708691,0
1505740354,21759150,47.51,1.74701012,0
1505740354,21759149,47.51,1.23549897,0
1505740350,21759146,47.51,0.50947088,0
1505740350,21759145,47.51,0.01162224,0
1505740350,21759144,47.50,1.63736888,0
1505740350,21759141,47.50,0.11000000,0
1505740350,21759139,47.50,1.00000000,0
1505740350,21759138,47.50,3.03593145,0
1505740349,21759136,47.50,10.10483165,0
1505740349,21759134,47.50,1.63757024,0
1505740349,21759133,47.50,0.11000000,0
1505740349,21759132,47.50,0.34987911,0
1505740336,21759121,47.50,20.68855900,0
1505740293,21759073,47.50,6.05213900,0
1505740286,21759068,47.50,7.46461600,0
1505740280,21759066,47.50,11.93188598,0
1505740280,21759065,47.49,9.62000000,0
1505740280,21759064,47.49,0.11000000,0
1505740280,21759063,47.48,0.09291502,0
1505740265,21759054,47.48,4.01263690,0
1505740216,21758990,47.48,4.28023000,0
1505740216,21758989,47.44,0.11000000,0
1505740215,21758985,47.39,0.11000000,0
1505740083,21758846,47.48,6.77000000,0
1505740082,21758843,47.45,14.01000000,0
1505740082,21758841,47.39,0.11000000,0
1505740080,21758831,47.34,0.11000000,0
1505740041,21758800,47.28,6.70000000,0
1505740038,21758797,47.29,0.72086600,1
1505740036,21758793,47.29,2.00000000,1
1505740033,21758783,47.13,1.26089460,1
1505740033,21758780,47.22,16.80000000,1
1505740032,21758778,47.26,20.00000000,1
1505740032,21758775,47.27,32.80000000,1
1505740031,21758772,47.29,17.19000000,0
1505740030,21758769,47.29,17.08000000,1
1505739994,21758710,47.33,6.70000000,0
1505739971,21758690,47.38,2.08421275,0
1505739963,21758679,47.30,13.00111363,1
1505739945,21758648,47.29,0.11000000,0
1505739848,21758562,47.38,14.22960155,0
1505739811,21758499,47.48,1.57106604,0
1505739811,21758498,47.48,0.31916396,0
1505739809,21758492,47.39,0.11000000,0
1505739669,21758335,47.50,7.99478818,1
1505739669,21758334,47.50,9.15000000,1
1505739668,21758333,47.48,0.11000000,0
1505739668,21758332,47.44,0.11000000,0
1505739667,21758331,47.39,3.00000000,1
1505739666,21758328,47.39,0.11000000,0
1505739598,21758029,47.46,1.73693117,0
1505739595,21758027,47.47,4.89023000,0
1505739594,21758025,47.39,0.11000000,0
1505739518,21757905,47.35,12.33712658,0
1505739518,21757903,47.35,10.23432400,0
1505739518,21757902,47.29,0.11000000,0
1505739450,21757772,47.28,5.67922300,0
1505739444,21757753,47.23,10.44078400,0
1505739442,21757739,47.25,8.30774067,0
1505739441,21757726,47.27,12.17480546,1
1505739440,21757723,47.27,8.31365059,0
1505739424,21757664,47.25,1.74399509,1
1505739424,21757663,47.25,1.74330523,1
1505739400,21757590,47.30,5.75068300,0
1505739395,21757579,47.30,47.61000000,1
1505739395,21757578,47.30,5.00000000,1
1505739395,21757576,47.35,26.00000000,1
1505739394,21757575,47.35,10.00000000,1
1505739385,21757556,47.35,10.00000000,1
1505739381,21757551,47.35,4.00000000,1
1505739367,21757513,47.34,0.00000021,1
1505739367,21757511,47.35,5.00000000,1
1505739344,21757466,47.47,5.00000000,0
1505739344,21757465,47.47,5.00000000,0
1505739330,21757422,47.34,9.99999979,1
1505739308,21757376,47.47,0.60349313,1
1505739307,21757371,47.47,1.13547438,1
1505739307,21757370,47.47,1.73700126,1
1505739303,21757351,47.47,32.83198400,0
1505739303,21757350,47.47,1.74560100,0
1505739303,21757348,47.47,63.85761900,0
1505739302,21757344,47.47,2.44438900,0
1505739301,21757336,47.48,3.12000000,0
1505739301,21757334,47.35,0.89687100,0
1505739301,21757327,47.35,10.13312900,0
1505739300,21757325,47.33,15.59000000,0
1505739299,21757320,47.34,6.74711900,0
1505739299,21757318,47.34,16.62288100,0
1505739298,21757316,47.34,11.03000000,0
1505739297,21757312,47.34,3.61885000,0
1505739291,21757285,47.34,7.42606800,0
1505739284,21757277,47.30,13.43342000,0
1505739283,21757273,47.30,7.56658000,0
1505739258,21757257,47.32,2.10252000,0
1505739252,21757253,47.33,10.00000000,0
1505739237,21757238,47.34,11.07125500,0
1505739235,21757236,47.35,3.11934721,0
1505739235,21757235,47.34,4.99999979,0
1505739231,21757225,47.25,1.74474841,0
1505739229,21757222,47.24,7.03254285,1
1505739229,21757220,47.25,31.75000000,1
1505739229,21757218,47.25,1.74539213,1
1505739229,21757217,47.26,17.47206481,1
1505739229,21757216,47.30,5.00000000,1
1505739092,21756987,47.36,5.99095180,1
1505739092,21756986,47.37,1.46064297,1
1505739089,21756980,47.37,0.27953752,0
1505739087,21756973,47.37,1.72046248,1
1505739086,21756972,47.48,0.50023000,1
1505739085,21756968,47.48,4.49977000,0
1505739074,21756953,47.48,0.25023000,1
1505739073,21756949,47.48,4.75000000,0
1505739062,21756929,47.41,1.09317945,1
1505739057,21756926,47.42,1.73819775,1
1505739050,21756916,47.44,0.00000049,1
1505739040,21756891,47.44,1.74020600,1
1505739023,21756867,47.48,5.00000000,0
1505739008,21756822,47.49,1.73580069,1
1505739007,21756820,47.50,1.73797355,0
1505738997,21756793,47.50,11.00273684,0
1505738997,21756792,47.50,40.77221052,0
1505738996,21756791,47.49,0.90364500,0
1505738996,21756790,47.49,0.84440354,0
1505738996,21756789,47.49,1.39579237,0
1505738996,21756788,47.49,0.35211326,0
1505738996,21756787,47.49,0.11000000,0
1505738995,21756784,47.48,9.39000000,1
1505738994,21756781,47.48,6.30545712,0
1505738982,21756739,47.48,9.68454288,1
1505738979,21756731,47.48,15.99000000,0
1505738961,21756703,47.48,1.73874043,0
1505738960,21756700,47.48,1.73598383,0
1505738959,21756695,47.48,2.38412766,1
1505738959,21756693,47.48,1.74834917,0
1505738958,21756691,47.47,1.74851268,0
1505738958,21756688,47.45,6.39938323,0
1505738958,21756687,47.44,0.90000963,0
1505738958,21756686,47.44,0.11000000,0
1505738957,21756685,47.44,0.73980719,0
1505738957,21756683,47.44,1.74969333,0
1505738957,21756682,47.44,0.00000543,0
1505738957,21756681,47.44,1.72588764,0
1505738957,21756680,47.44,0.02394381,0
1505738956,21756677,47.42,1.75057353,0
1505738955,21756676,47.42,1.75063773,0
1505738955,21756674,47.42,0.01224591,0
1505738939,21756634,47.41,1.12700246,0
1505738939,21756633,47.40,1.64130936,0
1505738939,21756632,47.40,0.11000000,0
1505738939,21756631,47.39,0.10476701,0
1505738938,21756630,47.39,0.01692117,0
1505738936,21756624,47.39,0.11000000,0
1505738920,21756521,47.36,0.00904820,0
1505738916,21756498,47.24,7.47600600,1
1505738913,21756490,47.25,29.70742955,1
1505738913,21756489,47.26,2.00257045,1
1505738913,21756488,47.26,48.96142600,1
1505738913,21756486,47.26,23.52356200,1
1505738912,21756485,47.26,14.51244155,1
1505738912,21756484,47.28,0.00000045,1
1505738912,21756481,47.28,1.74613000,1
1505738908,21756470,47.31,9.43614900,1
1505738907,21756467,47.31,8.05314700,1
1505738907,21756465,47.31,22.47121600,1
1505738907,21756462,47.31,9.89894500,1
1505738897,21756448,47.35,0.46150525,0
1505738887,21756423,47.35,0.37281621,0
1505738887,21756422,47.35,0.11000000,0
1505738886,21756421,47.33,0.16952287,0
1505738886,21756420,47.33,0.11000000,0
1505738886,21756419,47.33,0.23766092,0
1505738881,21756405,47.28,1.74190391,0
1505738879,21756401,47.33,1.23673692,0
1505738879,21756400,47.33,0.28926479,0
1505738879,21756398,47.33,1.46465592,0
1505738879,21756396,47.32,0.00934237,0
1505738875,21756386,47.29,1.75534220,0
1505738875,21756384,47.29,1.75385052,0
1505738875,21756383,47.29,0.11000000,0
1505738875,21756382,47.28,0.00000014,0
1505738874,21756381,47.28,1.38508969,0
1505738874,21756379,47.28,0.37046835,0
1505738874,21756377,47.27,0.00734620,0
1505738854,21756273,47.24,11.77386621,1
1505738854,21756272,47.26,0.06714879,1
1505738851,21756260,47.26,0.50000000,1
1505738846,21756241,47.26,0.50000000,1
1505738839,21756208,47.26,5.65911976,1
1505738838,21756206,47.25,1.64687158,0
1505738838,21756202,47.24,1.75653293,0
1505738837,21756197,47.23,14.51000000,1
1505738836,21756195,47.23,0.00000031,0
1505738836,21756194,47.23,1.74767100,0
1505738836,21756192,47.23,0.00977250,0
1505738836,21756191,47.23,0.01198372,0
1505738827,21756147,47.22,14.00000000,0
1505738818,21756123,47.22,1.74834917,0
1505738808,21756055,47.19,0.11000000,0
1505738808,21756052,47.19,0.11000000,0
1505738808,21756051,47.19,1.75891484,0
1505738807,21756047,47.19,0.12178407,0
1505738807,21756045,47.16,16.37942647,0
1505738804,21756024,47.16,0.81057353,1
1505738803,21756020,47.16,1.75000000,0
1505738803,21756019,47.16,15.43942647,0
1505738797,21755990,47.10,23.70083900,1
1505738796,21755987,47.10,5.57201800,1
1505738794,21755959,47.16,1.75057353,0
1505738793,21755953,47.09,0.11000000,0
1505738772,21755856,47.03,68.62138100,1
1505738771,21755855,47.08,0.61300000,1
1505738771,21755854,47.08,42.38700000,0
1505738747,21755796,46.99,0.11000000,0
1505738631,21755529,47.10,1.75063773,0
1505738629,21755528,46.91,3.50341000,0
1505738628,21755524,46.91,1.50300000,0
1505738614,21755484,46.91,3.48011200,1
1505738613,21755478,46.90,9.22000000,1
1505738613,21755477,46.90,1.78759814,1
1505738613,21755475,46.90,98.21240186,1
1505738613,21755474,46.91,12.59000000,1
1505738612,21755472,46.96,0.00000014,1
1505738612,21755470,47.00,0.19759800,1
1505738610,21755456,47.00,4.80240200,1
1505738598,21755439,47.17,1.74714160,0
1505738572,21755401,47.01,2.82373151,0
1505738571,21755400,47.01,0.02626849,1
1505738568,21755391,47.04,0.87988946,0
1505738552,21755372,47.01,14.51000039,1
1505738552,21755371,47.01,1.75182361,1
1505738546,21755363,47.11,2.00000000,0
1505738534,21755347,47.08,5.13461652,0
1505738523,21755295,47.09,1.64075546,1
1505738523,21755294,47.10,6.59447878,1
1505738474,21755242,47.10,8.00000000,1
1505738416,21755177,47.10,5.36305837,1
1505738416,21755175,47.10,0.90000963,1
1505738395,21755142,47.11,2.00000000,1
1505738395,21755141,47.11,13.07715800,0
1505738380,21755124,47.10,0.11000000,1
1505738375,21755118,47.11,0.00000011,1
1505738374,21755117,47.15,10.81465189,1
1505738373,21755115,47.15,11.26309300,1
1505738297,21755049,47.12,4.23429542,0
1505738268,21755007,47.12,4.41619467,1
1505738263,21754996,47.12,14.59023446,1
1505738263,21754995,47.12,7.37389100,1
1505738262,21754993,47.12,27.60830200,1
1505738254,21754977,47.12,46.61473100,1
1505738239,21754933,47.12,29.39664687,1
1505738118,21754587,47.10,0.73980719,1
1505738118,21754586,47.11,1.64130936,1
1505738117,21754585,47.12,2.65076545,1
1505738117,21754583,47.12,1.34923455,1
1505738117,21754582,47.17,1.74712045,1
1505738117,21754581,47.17,0.90364500,1
1505738106,21754558,47.19,0.11000000,0
1505738099,21754544,47.17,0.91520033,0
1505738098,21754543,47.16,1.65033653,0
1505738098,21754542,47.16,0.11000000,0
1505738098,21754541,47.15,1.75808431,0
1505738098,21754540,47.13,1.76118770,0
1505738097,21754539,47.13,0.00000572,0
1505738097,21754538,47.13,0.00000375,0
1505738097,21754537,47.13,0.77166656,0
1505738097,21754535,47.13,1.00000000,0
1505738096,21754533,47.12,0.11000000,1
1505738095,21754531,47.12,0.01179271,0
1505738047,21754369,47.10,1.48211319,0
1505738046,21754367,47.10,0.28020281,0
1505738015,21754305,47.09,0.11000000,0
1505738009,21754299,47.06,1.76396934,0
1505738009,21754298,47.06,1.85746597,0
1505737970,21754094,46.99,0.17000000,1
1505737958,21754031,47.00,25.10000000,1
1505737954,21754018,46.99,0.11517600,1
1505737945,21753995,47.05,1.75248937,0
1505737942,21753987,47.01,1.75999976,1
1505737942,21753986,47.01,1.75000000,1
1505737942,21753985,47.01,0.00000024,1
1505737942,21753984,47.01,2.66903500,1
1505737942,21753983,47.01,10.98946300,1
1505737940,21753973,47.01,1.76339660,0
1505737940,21753972,47.01,1.76429222,0
1505737939,21753971,47.01,0.00141093,0
1505737939,21753970,47.01,0.00240201,0
1505737926,21753946,47.00,18.54208557,0
1505737926,21753945,47.00,1.00000000,0
1505737926,21753944,47.00,4.03356954,0
1505737913,21753920,47.00,26.66000000,0
1505737906,21753904,46.99,20.67246000,1
1505737899,21753881,47.00,29.46000000,0
1505737898,21753876,46.99,25.00000000,1
1505737888,21753849,46.99,10.08142100,1
1505737886,21753843,46.99,3.97000000,1
1505737885,21753842,46.99,15.85624400,1
1505737881,21753837,46.99,7.82266000,1
1505737880,21753836,46.99,31.73600000,1
1505737879,21753835,47.00,25.00000000,0
1505737878,21753831,46.99,1.64650900,1
1505737877,21753830,46.99,7.06491500,1
1505737877,21753829,46.99,18.10198852,1
1505737877,21753828,46.99,29.31460548,1
1505737877,21753827,47.00,10.00000000,0
1505737877,21753826,47.00,10.09374589,0
1505737877,21753825,47.00,7.09625411,0
1505737873,21753821,46.99,4.72000000,1
1505737859,21753812,46.99,5.61000000,1
1505737855,21753809,46.99,2.60332029,0
1505737840,21753801,46.96,1.38508969,1
1505737840,21753800,46.97,0.00000031,1
1505737837,21753799,46.97,1.74767100,1
1505737816,21753786,46.99,1.75644971,0
1505737813,21753783,46.99,4.89023000,0
1505737813,21753781,46.99,0.11000000,0
1505737802,21753700,46.96,1.39723896,0
1505737801,21753698,46.89,0.37046304,0
1505737767,21753613,46.89,1.65033653,0
1505737767,21753610,46.89,0.11000000,0
1505737763,21753595,46.88,0.01184481,0
1505737741,21753455,46.87,0.60000000,1
1505737733,21753431,46.87,1.76118770,1
1505737729,21753417,46.87,0.10999428,0
1505737729,21753415,46.87,0.11000000,0
1505737729,21753414,46.87,0.11000000,0
1505737729,21753413,46.87,0.33329741,0
1505737729,21753412,46.87,0.11000000,0
1505737729,21753411,46.87,1.13646315,0
1505737729,21753410,46.87,0.19125716,0
1505737720,21753398,46.86,2.10101800,0
1505737711,21753372,46.86,1.75960387,0
1505737707,21753362,46.81,1.66342170,0
1505737707,21753361,46.81,0.11000000,0
1505737681,21753255,46.79,0.11000000,0
1505737676,21753224,46.78,1.76148604,0
1505737673,21753213,46.78,11.28908553,1
1505737673,21753212,46.74,0.00000047,0
1505737671,21753205,46.74,1.77597157,0
1505737670,21753204,46.73,0.00756043,0
1505737652,21753157,46.65,19.26776820,0
1505737652,21753153,46.65,21.49093302,1
1505737652,21753151,46.66,1.77826400,1
1505737651,21753150,46.66,1.77885800,1
1505737651,21753147,46.69,1.76339660,1
1505737651,21753146,46.70,1.75428018,1
1505737590,21752972,46.70,1.13862448,0
1505737590,21752971,46.70,0.11000000,0
1505737590,21752969,46.70,0.52734252,0
1505737589,21752966,46.69,0.00240201,0
1505737588,21752957,46.69,2.19759799,0
1505737588,21752955,46.69,0.11000000,0
1505737588,21752953,46.68,0.00239701,0
1505737588,21752952,46.68,0.86985362,0
1505737588,21752951,46.68,0.90601845,0
1505737587,21752949,46.66,0.15723598,0
1505737587,21752948,46.66,1.60975126,0
1505737587,21752945,46.66,0.01187610,0
1505737587,21752944,46.65,0.00000559,0
1505737586,21752942,46.65,1.77941100,0
1505737586,21752937,46.64,5.00000000,0
1505737529,21752682,46.59,0.11000000,1
1505737512,21752589,46.59,0.11000000,0
1505737512,21752587,46.59,0.11000000,0
1505737506,21752545,46.57,40.69000000,0
1505737501,21752519,46.55,1.78308958,0
1505737497,21752512,46.54,1.04878984,0
1505737497,21752511,46.54,0.73496322,0
1505737493,21752455,46.51,1.23126114,0
1505737491,21752452,46.50,1.67511853,0
1505737490,21752451,46.50,0.11000000,0
1505737466,21752357,46.40,1.09923053,1
1505737461,21752307,46.39,1.09999500,1
1505737460,21752294,46.39,6.07428300,1
1505737460,21752290,46.39,1.50292300,1
1505737459,21752287,46.39,1.50370600,1
1505737459,21752285,46.39,1.50412800,1
1505737443,21752184,46.40,50.00000000,1
1505737439,21752168,46.41,10.00000000,1
1505737431,21752154,46.40,19.45970330,1
1505737431,21752153,46.49,1.66342170,1
1505737430,21752152,46.49,0.11000000,0
1505737427,21752148,46.40,19.06103140,1
1505737427,21752147,46.41,2.19952260,1
1505737426,21752146,46.41,1.78859716,0
1505737426,21752145,46.41,0.00007800,0
1505737426,21752143,46.41,0.01180224,0
1505737421,21752130,46.40,0.21714000,0
1505737418,21752114,46.40,0.00000379,1
1505737417,21752105,46.40,0.21714000,1
1505737416,21752095,46.40,0.00000021,0
1505737416,21752094,46.40,1.78285600,0
1505737411,21752068,46.39,0.80100000,1
1505737409,21752053,46.39,0.11000000,0
1505737406,21752039,46.38,8.56890000,0
1505737341,21751867,46.29,0.11000000,0
1505737176,21751642,46.39,1.77941659,0
1505737175,21751641,46.39,1.77736904,0
1505737170,21751636,46.39,1.14003541,0
1505737170,21751635,46.39,0.11000000,0
1505737170,21751634,46.35,0.52734252,0
1505737169,21751633,46.37,0.87225063,1
1505737169,21751631,46.37,0.90601845,0
1505737167,21751630,46.37,6.31572137,0
1505737167,21751629,46.35,1.58698437,0
1505737166,21751628,46.34,1.78403126,0
1505737166,21751627,46.30,1.79301563,0
1505737166,21751626,46.29,0.11000000,0
1505737164,21751625,46.26,1.41136100,0
1505737075,21751516,46.19,1.67511853,1
1505737027,21751462,46.19,0.11000000,0
1505737026,21751461,46.09,0.11000000,0
1505736912,21751369,46.05,1.80278019,0
1505736600,21751001,46.04,1.58698437,0
1505736596,21750990,46.04,1.79301563,0
1505736593,21750982,46.32,6.48048450,1
1505736592,21750981,46.32,0.53766840,0
1505736592,21750980,46.32,1.25370000,0
1505736592,21750979,46.29,0.11000000,0
1505736592,21750978,46.26,1.79432836,0
1505736592,21750977,46.23,2.62000000,0
1505736591,21750975,46.19,0.11000000,0
1505736591,21750973,46.17,2.27473034,0
1505736591,21750971,46.09,0.11000000,0
1505736591,21750968,46.08,0.00000040,0
1505736590,21750963,46.08,20.87999960,0
1505736590,21750961,46.05,0.00000040,0
1505736588,21750951,46.05,4.17999960,0
1505736588,21750949,46.04,0.81247940,0
1505736549,21750886,46.06,0.89000000,0
1505736549,21750885,45.99,0.11000000,0
1505736505,21750869,45.69,1.81659006,1
1505736443,21750805,45.90,11.39607400,0
1505736420,21750790,46.03,1.14450791,0
1505736420,21750789,45.99,0.11000000,0
1505736420,21750788,45.90,1.74549209,0
1505736407,21750785,45.90,3.00000000,0
1505736391,21750776,45.90,3.00000000,0
1505736377,21750764,45.61,1.81977636,0
1505736375,21750763,45.90,0.25450791,0
1505736375,21750762,45.90,1.80867291,1
1505736373,21750760,45.89,0.11000000,0
1505736328,21750739,45.97,2.89000000,0
1505736328,21750738,45.89,0.11000000,0
1505736286,21750688,45.91,3.00000000,0
1505736219,21750672,45.96,0.18658510,0
1505736219,21750671,45.77,0.81341490,0
1505736216,21750665,45.61,1.81977636,1
1505736210,21750664,45.61,0.01070923,0
1505736204,21750661,46.00,9.58441300,1
1505736201,21750660,46.00,11.05060000,1
1505736144,21750594,46.01,13.20426400,1
1505736143,21750589,46.00,4.13549300,1
1505736143,21750587,46.00,2.69032100,1
1505736142,21750585,46.01,37.77000000,1
1505736129,21750568,46.00,22.53917300,1
1505736129,21750566,46.01,22.12405000,1
1505736127,21750563,46.01,15.64595000,1
1505736127,21750562,46.01,38.94000000,1
1505736111,21750547,46.01,3.07212300,1
1505736109,21750546,46.08,1.00000000,0
1505736103,21750539,46.01,6.00000000,1
1505736069,21750502,46.06,6.00000000,0
1505735990,21750369,46.07,1.50496236,0
1505735990,21750368,45.98,0.11000000,0
1505735990,21750367,45.93,0.99929993,0
1505735990,21750366,45.93,0.38573771,0
1505735986,21750359,45.92,1.80906713,0
1505735946,21750266,45.93,0.61356222,0
1505735945,21750265,45.93,0.99929993,0
1505735945,21750264,45.92,1.27713785,0
1505735945,21750263,45.89,0.11000000,0
1505735932,21750241,45.88,0.53192907,0
1505735932,21750239,45.88,2.35807093,0
1505735932,21750237,45.84,0.11000000,0
1505735924,21750226,45.88,1.00000000,0
1505735920,21750216,45.88,2.89000000,0
1505735920,21750215,45.84,0.11000000,0
1505735897,21750198,45.88,1.79043115,0
1505735897,21750197,45.84,0.11000000,0
1505735897,21750196,45.83,1.09956885,0
1505735880,21750182,45.88,19.89000000,0
1505735880,21750181,45.79,0.11000000,0
1505735869,21750169,45.88,2.89000000,0
1505735869,21750168,45.79,0.11000000,0
1505735840,21750154,45.88,0.89000000,0
1505735840,21750153,45.79,0.11000000,0
1505735713,21750053,45.87,5.01483000,0
1505735710,21750051,45.69,1.81659006,1
1505735694,21750038,45.88,7.44093287,1
1505735694,21750037,45.88,1.80906713,1
1505735693,21750033,45.89,1.00000000,1
1505735692,21750032,45.93,0.99999961,1
1505735639,21749976,45.93,8.13178700,1
1505735624,21749967,46.00,21.05398656,0
1505735620,21749965,45.93,1.00000000,1
1505735617,21749963,45.93,15.82204839,1
1505735617,21749962,45.95,0.00000761,1
1505735616,21749959,45.95,40.81999239,1
1505735596,21749951,46.00,42.29067300,0
1505735596,21749950,45.99,17.70932700,0
1505735594,21749948,45.93,22.53436200,1
1505735555,21749896,45.93,1.51180300,1
1505735529,21749882,46.00,56.53746895,0
1505735529,21749881,45.99,0.97000000,0
1505735529,21749880,45.99,21.00159803,0
1505735529,21749879,45.98,21.49093302,0
1505735336,21749750,45.95,50.00000000,1
1505735328,21749748,45.99,5.16692884,0
1505735326,21749747,45.98,0.11000000,0
1505735093,21749621,46.00,2.52000000,0
1505735092,21749620,46.00,2.52000000,0
1505735091,21749617,46.00,2.52000000,0
1505735090,21749616,46.00,2.52000000,0
1505735089,21749614,46.00,2.52000000,0
1505735088,21749612,45.99,1.15000000,1
1505735061,21749608,45.99,1.37000000,1
1505735053,21749604,45.99,1.62000000,0
1505735053,21749603,45.99,0.78000000,0
1505735053,21749602,45.98,0.11000000,0
1505735051,21749601,45.90,12.58542054,1
1505734919,21749534,45.99,1.07066000,0
1505734875,21749498,45.99,9.76000000,0
1505734875,21749497,45.99,2.62000000,0
1505734874,21749496,45.99,2.62000000,0
1505734812,21749431,46.00,1.01312800,0
1505734812,21749430,45.99,3.12000000,0
1505734808,21749429,45.97,21.49093302,1
1505734807,21749426,45.98,1.00000000,0
1505734806,21749420,45.97,17.19000000,1
1505734763,21749405,45.96,33.03076476,0
1505734679,21749360,45.99,4.27000000,0
1505734679,21749359,45.99,0.11000000,0
1505734654,21749350,45.99,5.20000000,0
1505734654,21749349,45.99,20.72000000,0
1505734606,21749329,45.99,2.14720591,0
1505734574,21749286,46.00,35.41355200,0
1505734574,21749284,45.99,6.59000000,0
1505734529,21749255,45.99,9.34188356,0
1505734511,21749232,45.99,7.81999500,0
1505734444,21749166,46.00,2.22197300,1
1505734416,21749157,46.01,1.79432836,0
1505734412,21749154,46.01,0.53766840,1
1505734364,21749126,46.28,8.51166810,0
1505734362,21749125,46.19,0.11000000,0
1505734287,21749039,46.01,1.25370000,1
1505733999,21748471,46.29,0.20448931,1
1505733999,21748470,46.29,1.84040376,1
1505733997,21748465,46.29,0.11000000,0
1505733979,21748433,46.27,1.78182704,0
1505733977,21748422,46.03,0.00002241,0
1505733931,21748286,46.03,1.78403126,1
1505733828,21748044,46.37,1.77826018,0
1505733824,21748037,46.22,1.77816328,0
1505733823,21748036,46.39,118.93382000,1
1505733823,21748034,46.37,1.77821571,0
1505733822,21748029,46.29,0.11000000,0
1505733822,21748026,46.22,0.60629896,0
1505733822,21748025,46.19,81.79138170,1
1505733822,21748024,46.19,2.46792960,1
1505733821,21748023,46.22,1.78370104,0
1505733820,21748021,46.19,1.00000000,0
1505733815,21748008,46.21,0.00021640,0
1505733814,21748004,46.19,4.20939815,1
1505733813,21748000,46.19,0.11000000,0
1505733770,21747931,46.06,1.77821571,1
1505733769,21747930,46.09,0.00000021,1
1505733677,21747781,46.10,1.78859716,1
1505733676,21747774,46.10,0.00007800,0
1505733674,21747771,46.10,1.78777428,1
1505733399,21747394,46.25,1.78288297,0
1505733344,21747094,46.12,6.52941100,0
1505733339,21747031,46.11,1.78313400,1
1505733320,21746895,46.09,1.78285600,1
1505733280,21746675,46.35,3.17745161,0
1505733280,21746674,46.35,2.49000000,0
1505733280,21746673,46.34,4.85390592,0
1505733163,21746572,46.39,0.16674847,1
1505733161,21746571,46.41,0.15723598,1
1505733152,21746570,46.49,0.62538780,1
1505733152,21746569,46.49,5.62849018,1
1505733150,21746568,46.49,8.33635648,0
1505733134,21746522,46.49,1.66364352,0
1505733134,21746521,46.49,0.11000000,0
1505733132,21746520,46.41,1.60975126,1
1505733127,21746516,46.40,1.03575261,0
1505733127,21746515,46.40,0.63125940,0
1505733127,21746514,46.40,0.12204228,0
1505733126,21746513,46.40,0.00040597,0
1505733126,21746512,46.40,0.57895109,0
1505733126,21746511,46.40,1.09966143,0
1505733126,21746510,46.40,0.11000000,0
1505733125,21746507,46.39,1.50073617,1
1505733124,21746504,46.39,0.11000000,0
1505733120,21746493,46.32,0.00001123,0
1505733120,21746491,46.32,1.66984158,0
1505733120,21746489,46.32,0.12233013,0
1505733119,21746486,46.31,0.00000529,0
1505733119,21746482,46.31,1.79236800,0
1505733116,21746478,46.30,0.22586694,1
1505733099,21746466,46.30,1.55509067,0
1505733096,21746461,46.22,9.00000000,1
1505733087,21746448,46.30,0.58575600,1
1505733086,21746447,46.30,0.00000021,0
1505733085,21746445,46.30,1.68296232,0
1505733085,21746444,46.30,0.11000000,0
1505733085,21746443,46.30,11.01200061,0
1505733085,21746441,46.29,1.60928086,0
1505733064,21746410,46.04,1.89000000,1
1505733062,21746402,46.19,0.11000000,1
1505733061,21746397,46.29,1.78119977,0
1505733059,21746393,46.29,1.79237329,0
1505733058,21746392,46.29,1.79218294,0
1505733058,21746391,46.29,3.85080814,0
1505733058,21746390,46.29,0.11000000,0
1505733058,21746389,46.29,9.00000000,0
1505733058,21746388,46.28,6.97503686,0
1505733057,21746385,46.28,12.69496314,0
1505733057,21746382,46.19,0.11000000,0
1505732885,21746210,46.29,25.16415596,1
1505732884,21746206,46.29,1.51792202,1
1505732883,21746204,46.29,1.51792202,1
1505732878,21746182,46.29,0.26264939,1
1505732877,21746179,46.29,1.51860385,0
1505732875,21746167,46.00,9.77802700,1
1505732875,21746164,46.01,1.66985281,1
1505732873,21746155,46.04,3.27812400,1
1505732872,21746149,46.04,35.36187600,1
1505732836,21746090,46.30,1.78308958,0
1505732835,21746085,46.28,1.04878984,0
1505732834,21746084,46.28,0.73496322,0
1505732834,21746083,46.28,1.78170943,0
1505732832,21746081,46.10,8.81138748,1
1505732832,21746080,46.10,1.78861252,1
1505732831,21746079,46.30,12.09954051,0
1505732831,21746078,46.29,0.11000000,0
