date,tid,price,amount,type
1505779245,21805607,56.53,1.46003134,0
1505779244,21805606,56.58,17.63906057,1
1505779243,21805605,56.58,17.63283319,1
1505779243,21805604,56.58,17.63283319,1
1505779243,21805603,56.58,17.63283319,1
1505779243,21805602,56.58,17.63283319,1
1505779242,21805601,56.64,1.45564287,1
1505779242,21805600,56.81,17.36164354,1
1505779242,21805599,56.81,0.22152843,1
1505779242,21805598,56.81,1.64460157,1
1505779242,21805597,56.81,3.50000000,1
1505779242,21805594,56.81,1.09119100,1
1505779242,21805592,56.81,8.99040000,1
1505779241,21805589,56.79,1.46176808,0
1505779241,21805588,56.79,0.89596724,1
1505779241,21805587,56.79,0.44960676,1
1505779240,21805586,56.79,17.13975756,1
1505779240,21805585,56.79,17.58936432,1
1505779240,21805584,56.79,17.58936432,1
1505779240,21805583,56.79,3.91763180,1
1505779240,21805582,56.79,13.67173252,1
1505779240,21805581,56.79,17.40781248,1
1505779240,21805580,56.79,0.18155184,1
1505779240,21805579,56.79,2.95697016,1
1505779240,21805578,56.79,1.09545400,1
1505779239,21805577,56.79,2.66566000,1
1505779239,21805576,56.77,0.00047906,0
1505779239,21805575,56.77,1.46174283,0
1505779239,21805574,56.76,1.46242239,0
1505779238,21805573,56.76,0.00591451,0
1505779238,21805572,56.76,1.45643635,0
1505779238,21805571,56.76,1.46245165,0
1505779238,21805569,56.76,1.06186200,1
1505779238,21805568,56.75,3.96616743,0
1505779238,21805567,56.75,17.60176211,0
1505779238,21805566,56.75,17.60176211,0
1505779237,21805565,56.75,17.60176211,0
1505779237,21805564,56.75,17.60176211,0
1505779237,21805563,56.75,17.60176211,0
1505779237,21805562,56.75,9.02502202,0
1505779237,21805561,56.72,3.00000000,0
1505779237,21805560,56.72,5.58121746,1
1505779237,21805559,56.72,1.45711954,1
1505779237,21805558,56.72,8.00673800,1
1505779236,21805555,56.71,1.46222189,0
1505779236,21805554,56.66,2.45000000,0
1505779236,21805553,56.66,4.24243037,1
1505779236,21805552,56.66,2.48846863,1
1505779235,21805551,56.66,5.67143600,1
1505779235,21805550,56.66,9.46981651,1
1505779235,21805549,56.66,17.62972114,1
1505779235,21805548,56.66,3.60413435,1
1505779235,21805547,56.66,8.52082200,1
1505779235,21805546,56.66,5.50476479,1
1505779235,21805545,56.66,13.47529121,1
1505779234,21805544,56.65,0.43000000,0
1505779234,21805543,56.64,3.72572439,1
1505779234,21805542,56.64,17.63594632,1
1505779234,21805540,56.64,17.63594632,1
1505779233,21805539,56.64,17.63594632,1
1505779233,21805538,56.64,17.63594632,1
1505779233,21805536,56.64,12.73049033,1
1505779233,21805534,56.64,1.46548955,0
1505779233,21805533,56.64,0.96750882,1
1505779233,21805532,56.64,17.63594632,1
1505779233,21805530,56.64,17.63594632,1
1505779233,21805529,56.64,17.63594632,1
1505779233,21805528,56.64,6.78125000,1
1505779232,21805526,56.63,1.46226458,0
1505779232,21805525,56.63,1.46579801,0
1505779232,21805524,56.62,1.46337174,0
1505779231,21805523,56.61,0.00000051,0
1505779231,21805522,56.61,1.46634755,0
1505779231,21805521,56.60,0.79350448,0
1505779231,21805520,56.60,0.67294292,0
1505779230,21805519,56.60,1.46665688,0
1505779230,21805518,56.59,2.06937107,0
1505779230,21805517,56.59,0.10062893,0
1505779230,21805516,56.59,1.46670824,0
1505779230,21805515,56.59,1.46676779,0
1505779229,21805514,56.51,2.47807582,0
1505779229,21805512,56.50,14.64070796,0
1505779228,21805511,56.27,12.93814800,1
1505779228,21805510,56.50,17.67964602,0
1505779228,21805509,56.50,17.67964602,0
1505779190,21805486,56.23,29.65400000,1
1505779160,21805458,56.47,0.05011510,0
1505779160,21805457,56.47,10.52788398,0
1505779160,21805456,56.47,7.16115444,0
1505779160,21805454,56.47,8.61784556,0
1505779160,21805453,56.47,9.07119286,0
1505779160,21805451,56.47,6.70780714,0
1505779160,21805450,56.47,10.98123128,0
1505779159,21805449,56.47,4.79776872,0
1505779159,21805448,56.46,17.64202855,0
1505779159,21805447,56.46,0.02507145,0
1505779159,21805446,56.46,17.66710000,0
1505779158,21805445,56.35,4.18900000,0
1505779158,21805444,56.35,8.72979193,0
1505779158,21805442,56.35,17.72670807,0
1505779155,21805440,56.58,14.96783315,0
1505779155,21805438,56.57,0.80005785,0
1505779154,21805437,56.54,1.88816406,1
1505779154,21805435,56.57,15.77885805,1
1505779154,21805434,56.55,0.53100000,1
1505779153,21805430,56.54,1.34877017,0
1505779153,21805429,56.54,17.66713831,0
1505779152,21805428,56.54,17.66713831,0
1505779152,21805427,56.54,17.66713831,0
1505779152,21805426,56.54,17.66713831,0
1505779152,21805425,56.54,2.98267659,0
1505779152,21805423,56.54,14.68446172,0
1505779149,21805421,56.54,17.65776914,0
1505779149,21805420,56.54,17.65776914,0
1505779148,21805419,56.57,0.42919215,0
1505779148,21805418,56.57,2.58000000,1
1505779148,21805415,56.53,14.65894218,1
1505779148,21805414,56.53,17.67026357,1
1505779148,21805413,56.53,17.67026357,1
1505779147,21805412,56.53,0.00053068,1
1505779147,21805410,56.53,17.66973290,0
1505779146,21805409,56.53,0.00053068,1
1505779146,21805408,56.53,17.66973289,1
1505779146,21805407,56.20,3.34293000,1
1505779145,21805406,56.20,4.20458000,0
1505779145,21805404,56.53,17.67026358,0
1505779145,21805403,56.53,17.67026358,0
1505779144,21805401,56.53,10.35826358,0
1505779144,21805400,56.20,7.31200000,0
1505779144,21805399,56.53,17.67026358,0
1505779144,21805398,56.53,17.66401415,0
1505779143,21805397,56.53,17.67026358,0
1505779143,21805396,56.53,17.67026358,0
1505779143,21805395,56.19,1.22925000,1
1505779143,21805394,56.55,11.31508930,0
1505779142,21805393,56.53,6.34892485,0
1505779142,21805392,56.53,17.66401415,0
1505779142,21805391,56.55,16.00106100,1
1505779142,21805390,56.55,16.28682157,0
1505779142,21805389,56.55,1.37719258,0
1505779140,21805388,56.25,1.67179000,0
1505779123,21805356,56.21,0.53100000,1
1505779123,21805355,56.24,1.46337174,1
1505779123,21805354,56.25,1.46226458,1
1505779123,21805352,56.55,1.45810543,1
1505779122,21805351,56.57,1.83736963,1
1505779122,21805350,56.55,13.42245801,0
1505779120,21805349,56.26,2.41597917,0
1505779094,21805336,56.56,1.45777470,1
1505779094,21805334,56.58,17.03712734,0
1505779094,21805333,56.58,0.61752094,0
1505779094,21805330,56.58,0.00053022,0
1505779094,21805328,56.58,0.84900592,0
1505779094,21805326,56.58,1.46700680,0
1505779093,21805324,56.57,1.46736652,0
1505779093,21805323,56.56,1.46764665,0
1505779093,21805322,56.56,12.40881899,0
1505779092,21805321,56.56,13.30516265,0
1505779092,21805320,56.55,0.11550228,0
1505779092,21805319,56.54,0.71000000,0
1505779091,21805318,56.53,17.66973289,0
1505779091,21805317,56.53,17.67026358,0
1505779090,21805316,56.41,3.54000000,0
1505779073,21805314,56.16,0.11550228,1
1505779071,21805313,56.56,1.45771636,0
1505779070,21805311,56.56,17.66089108,0
1505779070,21805309,56.56,17.66089108,0
1505779070,21805308,56.56,17.66089108,0
1505779070,21805307,56.56,13.25089108,0
1505779070,21805306,56.56,4.41000000,1
1505779070,21805302,56.56,12.43475954,0
1505779069,21805301,56.56,4.15997814,0
1505779069,21805299,56.56,13.50091294,1
1505779069,21805296,56.56,17.66089108,1
1505779069,21805295,56.56,17.66089108,1
1505779069,21805293,56.56,17.66089108,1
1505779069,21805291,56.56,8.51641382,1
1505779069,21805289,56.56,9.14447726,1
1505779069,21805287,56.56,8.52563649,1
1505779068,21805283,56.54,1.05000000,0
1505779068,21805282,56.53,17.67026358,0
1505779068,21805281,56.53,17.66713831,0
1505779067,21805280,56.53,17.66713831,0
1505779067,21805279,56.41,5.24000000,0
1505779066,21805278,56.39,8.10996450,0
1505779066,21805277,56.39,17.71413371,0
1505779065,21805276,56.39,17.71413371,0
1505779061,21805272,56.39,5.00000000,0
1505779057,21805266,56.39,1.46176808,0
1505779054,21805257,56.19,7.54623348,0
1505779053,21805252,56.19,1.46736652,0
1505779042,21805226,56.54,9.11508898,0
1505779042,21805224,56.54,8.55204932,1
1505779041,21805222,56.54,6.70505068,1
1505779041,21805221,56.54,10.96208762,1
1505779041,21805220,56.54,4.29501238,1
1505779041,21805219,56.53,13.37449143,1
1505779040,21805218,56.54,17.66713830,0
1505779040,21805217,56.54,17.66713830,0
1505779040,21805216,56.54,17.66713830,0
1505779040,21805215,56.54,17.66713831,0
1505779040,21805214,56.54,17.66713831,0
1505779040,21805213,56.54,17.66713831,0
1505779039,21805212,56.54,17.66713830,0
1505779039,21805211,56.54,4.83779483,0
1505779039,21805210,56.54,8.53486169,0
1505779039,21805209,56.54,17.66713831,0
1505779038,21805208,56.53,4.29530086,1
1505779038,21805207,56.53,10.37042254,1
1505779038,21805206,56.54,17.66713830,1
1505779038,21805205,56.54,17.66713830,1
1505779038,21805204,56.53,7.29984104,0
1505779038,21805203,56.53,17.67026358,0
1505779037,21805202,56.53,2.02848045,1
1505779037,21805199,56.53,17.66713831,0
1505779037,21805198,56.53,17.66713831,0
1505779037,21805197,56.53,17.66713831,0
1505779036,21805196,56.44,15.66667754,0
1505779036,21805194,56.44,17.69844082,0
1505779035,21805191,56.44,17.69844082,0
1505779035,21805190,56.44,17.69844082,0
1505779028,21805172,56.45,1.46242239,0
1505779027,21805166,56.55,17.66401414,1
1505779027,21805165,56.55,12.68664898,1
1505779026,21805164,56.55,12.46648983,1
1505779026,21805163,56.54,0.00000026,0
1505779026,21805162,56.51,1.46898661,0
1505779026,21805161,56.45,1.29000000,0
1505779025,21805160,56.42,2.41000000,0
1505779025,21805159,56.41,0.03755718,0
1505779025,21805158,56.41,6.42244282,0
1505779024,21805154,56.35,4.99503111,0
1505779024,21805153,56.35,17.72670807,0
1505779023,21805152,56.33,11.30135640,0
1505779020,21805151,56.32,17.73615057,0
1505778985,21805130,56.33,17.73300195,0
1505778984,21805129,56.33,6.42517307,0
1505778984,21805128,56.33,11.30782888,0
1505778982,21805127,56.33,6.42464050,0
1505778982,21805126,56.33,11.30836145,0
1505778982,21805124,56.33,3.22563465,0
1505778981,21805123,56.30,14.51509800,1
1505778981,21805122,56.33,17.73300195,0
1505778980,21805121,56.33,17.73300195,0
1505778980,21805120,56.30,3.22735300,1
1505778978,21805119,56.30,14.51509770,0
1505778977,21805118,56.30,17.74245115,0
1505778977,21805117,56.30,17.74245115,0
1505778975,21805115,56.31,17.73930030,0
1505778974,21805113,56.34,17.72985446,0
1505778973,21805110,56.35,17.72670807,0
1505778973,21805109,56.35,17.72670807,0
1505778973,21805108,56.35,17.72670807,0
1505778972,21805107,56.35,17.72670807,0
1505778972,21805105,56.35,17.72670807,0
1505778971,21805103,56.35,0.00230700,0
1505778971,21805102,56.34,14.54029108,0
1505778970,21805101,56.34,17.72985446,0
1505778970,21805100,56.34,17.72985446,0
1505778970,21805099,56.30,3.18960000,0
1505778969,21805098,56.35,17.72670807,0
1505778968,21805097,56.35,17.72670807,0
1505778968,21805095,56.35,3.18899733,0
1505778967,21805093,56.34,14.54029108,0
1505778965,21805092,56.34,17.72985446,0
1505778964,21805088,56.32,3.19900900,1
1505778963,21805086,56.34,17.72985446,0
1505778962,21805085,56.32,14.53714137,0
1505778962,21805084,56.32,17.73615056,1
1505778961,21805083,56.32,17.72670807,0
1505778960,21805081,56.34,10.04985446,0
1505778960,21805080,56.34,7.68000000,0
1505778959,21805079,56.13,4.04070005,0
1505778959,21805078,56.13,17.73300195,0
1505778959,21805073,56.33,17.73300195,0
1505778957,21805071,56.33,17.73300195,0
1505778943,21805066,56.35,17.72670807,1
1505778942,21805065,56.29,17.74560313,0
1505778942,21805064,56.30,17.74245115,1
1505778942,21805063,56.30,13.63806115,1
1505778940,21805062,56.30,4.10439000,1
1505778939,21805060,56.30,17.74245115,0
1505778939,21805059,56.30,17.72670807,0
1505778939,21805058,56.34,8.59985446,1
1505778938,21805056,56.34,9.13000000,0
1505778937,21805055,56.30,17.73930030,0
1505778936,21805053,56.31,17.72985446,0
1505778935,21805052,56.26,17.73615057,0
1505778933,21805051,56.32,17.73615057,0
1505778882,21805021,56.29,6.90560313,1
1505778882,21805020,56.29,10.84000000,0
1505778879,21805018,56.20,1.46898661,0
1505778877,21805017,56.22,17.76769833,0
1505778875,21805016,56.24,16.28954176,1
1505778874,21805015,56.24,1.47183804,0
1505778871,21805014,56.23,17.76453850,0
1505778859,21805010,56.21,17.77085928,0
1505778852,21805006,56.21,17.77085928,0
1505778733,21804960,56.00,1.46468400,1
1505778732,21804959,56.01,56.21072400,1
1505778697,21804918,56.13,35.55318012,0
1505778542,21804871,56.09,20.00000000,0
1505778465,21804859,56.00,1.01233800,1
1505778200,21804773,56.13,0.50504307,0
1505778185,21804770,55.85,1.94874000,0
1505778108,21804660,56.14,46.41832126,1
1505778107,21804659,56.13,17.36300000,1
1505778107,21804657,56.13,13.87259136,1
1505778106,21804654,56.13,17.86000000,0
1505778106,21804653,56.13,30.18799500,0
1505778037,21804557,55.93,1.47183804,1
1505778037,21804553,56.02,1.22848982,1
1505778033,21804551,55.96,14.47000000,0
1505778016,21804535,55.97,14.42500000,1
1505778005,21804505,56.03,15.00000000,0
1505777839,21804408,56.28,2.67324093,0
1505777839,21804407,56.27,12.55000000,0
1505777838,21804406,56.17,2.51310362,0
1505777691,21804332,56.17,17.76393092,0
1505777641,21804312,56.04,7.32630494,0
1505777585,21804292,56.00,5.53227313,1
1505777515,21804265,56.17,8.88196546,0
1505777395,21804223,56.14,45.62959030,0
1505777339,21804204,56.14,1.84760000,1
1505777311,21804200,56.14,1.84570000,1
1505776463,21803929,56.40,29.17785483,1
1505776427,21803920,56.40,7.84000000,0
1505776427,21803919,56.40,6.63084304,0
1505776306,21803854,56.40,7.83915696,0
1505776218,21803828,56.46,0.00047906,1
1505776213,21803827,56.48,1.46114837,0
1505776210,21803823,56.46,1.46174283,1
1505776207,21803821,56.50,96.80803605,0
1505776207,21803820,56.50,3.00000000,0
1505776207,21803819,56.47,3.23000000,0
1505776207,21803818,56.43,2.57000000,0
1505776207,21803817,56.42,16.13000000,0
1505776207,21803816,56.39,0.50000000,0
1505776206,21803815,56.39,1.47201212,0
1505776206,21803814,56.22,9.81503345,0
1505776206,21803813,56.18,1.20614625,0
1505776175,21803808,56.17,1.08927000,1
1505776127,21803788,56.12,6.76000000,0
1505776121,21803785,56.12,1.94000000,1
1505775934,21803666,56.18,0.26408076,0
1505775932,21803665,56.12,0.00000570,0
1505775911,21803646,56.12,1.48160800,0
1505775896,21803618,56.13,14.32299500,0
1505775896,21803617,56.12,0.62000000,0
1505775235,21803244,56.07,0.99039842,0
1505775235,21803243,56.07,0.00960158,0
1505775222,21803238,56.06,1.94762900,0
1505775206,21803228,56.05,5.64101000,0
1505774940,21803111,55.91,1.48559155,1
1505774936,21803110,56.02,1.48001055,0
1505774936,21803109,56.01,6.01543269,0
1505774936,21803108,56.00,1.48532569,0
1505774931,21803104,55.85,2.86405000,1
1505774830,21803040,56.00,26.38089285,1
1505774830,21803039,55.95,12.83000000,0
1505774828,21803037,55.78,0.00000025,0
1505774823,21803032,55.78,1.49334267,0
1505774823,21803031,55.77,0.00000033,0
1505774797,21803022,55.77,1.48905600,0
1505774531,21802950,55.55,1.49414941,1
1505774455,21802924,55.55,1.49414941,1
1505774436,21802914,55.59,7.59998945,0
1505774436,21802913,55.65,7.92000000,0
1505774436,21802912,55.65,1.48001055,0
1505774434,21802910,55.72,10.00000000,1
1505774407,21802884,56.01,23.98313900,1
1505774405,21802882,56.01,6.01576100,1
1505774321,21802759,56.04,1.77997859,0
1505774315,21802755,55.72,7.38000000,1
1505774315,21802753,55.89,15.00000000,0
1505774313,21802750,55.97,0.62000000,1
1505774285,21802723,56.06,7.86000000,0
1505774285,21802722,56.06,12.14000000,0
1505774283,21802720,55.98,2.58545900,1
1505774239,21802655,55.80,18.14390734,0
1505774228,21802641,55.80,1.98166216,0
1505774131,21802549,55.74,44.34286166,1
1505774097,21802471,55.71,4.68448703,0
1505774096,21802470,55.78,1.55546074,1
1505774096,21802469,55.79,6.11000000,1
1505774096,21802468,55.84,1.47022701,1
1505774096,21802467,55.84,14.47000000,0
1505774095,21802466,55.89,14.47000000,0
1505774094,21802465,55.89,14.47000000,1
1505774055,21802403,56.12,1.40000000,1
1505774023,21802374,55.92,46.77949121,1
1505774019,21802371,55.90,50.00000000,0
1505773817,21802207,56.48,2.35949121,1
1505773733,21802161,56.48,44.42000000,0
1505773654,21802147,56.49,11.09877854,0
1505773606,21802132,56.22,2.00000000,1
1505773578,21802112,56.22,70.29920596,1
1505773576,21802111,56.28,55.52000000,1
1505773404,21802048,56.25,24.57000000,1
1505773273,21801977,56.30,5.25827000,0
1505773255,21801960,56.30,7.01000000,0
1505773255,21801959,56.29,3.19000000,0
1505773219,21801943,56.30,14.28230000,0
1505773051,21801880,56.36,9.88294100,0
1505772967,21801788,56.43,1.46122807,0
1505772903,21801766,56.30,3.34884547,0
1505772888,21801762,56.30,1.58853200,0
1505772857,21801758,56.30,19.79499500,0
1505772857,21801757,56.29,3.79000000,0
1505772810,21801733,56.29,3.04542500,0
1505772800,21801712,56.29,1.46457457,0
1505772788,21801697,56.30,0.21230800,0
1505772788,21801696,56.29,5.47167200,0
1505772787,21801695,56.29,0.20832800,0
1505772714,21801605,56.25,0.99306667,0
1505772685,21801534,56.19,10.82110000,0
1505772645,21801471,56.30,34.45399644,0
1505772643,21801467,56.29,1.77000000,0
1505772635,21801456,56.30,0.00000051,1
1505772629,21801447,56.31,1.46332453,1
1505772612,21801429,56.37,58.44615805,1
1505772595,21801404,56.37,5.38376700,1
1505772593,21801397,56.37,48.30812200,1
1505772592,21801395,56.42,66.58728080,0
1505772586,21801387,56.37,16.87000000,1
1505772579,21801375,56.38,46.00000000,1
1505772574,21801371,56.43,7.30147300,0
1505772574,21801370,56.43,5.38376700,0
1505772569,21801367,56.42,0.00591451,1
1505772539,21801345,56.53,13.04806100,0
1505772514,21801324,56.54,1.46802300,0
1505772514,21801323,56.52,3.00000000,0
1505772458,21801216,56.50,10.82340000,1
1505772454,21801212,56.50,0.62061317,0
1505772433,21801136,56.50,1.45887013,0
1505772427,21801117,56.50,1.45938849,0
1505772427,21801115,56.50,1.46112821,0
1505772422,21801094,56.48,1.45972900,0
1505772422,21801093,56.48,0.01004219,0
1505772422,21801092,56.48,1.46978545,0
1505772422,21801090,56.47,0.01002066,0
1505772400,21801072,56.45,49.90000000,1
1505772389,21801060,56.45,49.90000000,1
1505772380,21801046,56.45,49.90000000,1
1505772371,21801002,56.45,49.90000000,1
1505772362,21800975,56.45,49.61060000,1
1505772353,21800942,56.45,10.00000000,0
1505772353,21800941,56.45,0.00807553,0
1505772347,21800916,56.44,31.57280000,1
1505772338,21800856,56.42,1.45643635,1
1505772338,21800855,56.42,1.34496365,1
1505772328,21800801,56.42,0.10680000,1
1505772326,21800795,56.41,28.36440000,1
1505772322,21800763,56.39,1.47101195,0
1505772322,21800761,56.39,0.00480512,0
1505772322,21800760,56.39,1.45710000,0
1505772322,21800759,56.39,0.01013646,0
1505772322,21800753,56.39,1.47197678,0
1505772321,21800751,56.38,1.47006351,0
1505772321,21800748,56.32,1.47368297,0
1505772321,21800743,56.32,1.53420199,0
1505772258,21800481,56.32,1.46579801,0
1505772257,21800480,56.30,1.46634755,1
1505772257,21800477,56.30,1.45477421,1
1505772257,21800475,56.31,0.00000024,1
1505772255,21800466,56.31,1.44431100,1
1505772230,21800402,56.27,1.47510442,0
1505772230,21800401,56.27,1.47510826,0
1505772229,21800399,56.27,1.46511719,0
1505772229,21800398,56.27,1.47507803,0
1505772229,21800397,56.27,0.00992921,0
1505772229,21800396,56.24,1.47585958,0
1505772229,21800395,56.24,1.00000000,0
1505772229,21800393,56.22,10.00000000,0
1505772212,21800345,56.08,10.00000000,0
1505772074,21800201,56.23,0.79350448,1
1505772072,21800200,56.23,0.67294292,0
1505772069,21800196,56.22,1.46802326,1
1505772068,21800192,56.23,1.46705708,0
1505772067,21800191,56.22,1.46670824,0
1505772066,21800188,56.00,1.76898272,0
1505772058,21800180,56.00,69.78619300,0
1505771945,21800109,56.00,3.87056100,0
1505771822,21800082,55.76,0.50000000,0
1505771765,21800067,55.93,1.98788000,0
1505771763,21800064,55.93,2.79361000,0
1505771761,21800062,55.93,0.97360000,0
1505771761,21800061,55.92,13.03000000,0
1505771759,21800059,55.91,13.03910000,0
1505771733,21800046,55.90,1.47510442,0
1505771731,21800043,55.90,1.13520000,0
1505771731,21800042,55.70,0.84000000,0
1505771729,21800040,55.89,0.98870800,0
1505771725,21800037,55.90,2.96855000,0
1505771716,21800036,55.73,0.84000000,0
1505771695,21800025,55.90,3.00407130,1
1505771670,21800009,55.90,60.00000000,1
1505771656,21800006,55.90,81.89053192,1
1505771654,21800005,55.93,3.03646808,1
1505771550,21799928,56.00,18.28005235,1
1505771473,21799888,56.04,0.53408279,0
1505771473,21799887,56.03,25.68802427,1
1505771473,21799886,56.02,9.04000000,1
1505771469,21799884,55.94,1.47368297,1
1505771215,21799720,55.75,10.51098785,1
1505771214,21799719,55.76,67.75870785,0
1505771214,21799717,55.89,1.78922884,1
1505771214,21799715,55.99,1.47101195,1
1505771212,21799714,56.00,1.47006351,1
1505771124,21799680,56.16,1.00000000,0
1505771047,21799613,56.21,1.46613531,0
1505771047,21799612,56.23,0.51410069,1
1505771045,21799611,56.23,1.47613856,0
1505771045,21799609,56.22,0.00976075,0
1505771031,21799590,56.03,25.85500000,0
1505771013,21799570,56.03,2.00000000,0
1505771013,21799568,56.03,25.26559200,0
1505771010,21799567,56.08,0.00480512,1
1505771010,21799566,56.20,0.19656790,1
1505770991,21799552,56.20,33.80343210,0
1505770919,21799484,56.19,1.87542267,0
1505770742,21799305,56.20,1.46676779,0
1505770737,21799289,56.20,1.72980011,0
1505770737,21799288,56.20,0.00049196,0
1505770676,21799251,56.19,1.17775443,0
1505770674,21799250,56.20,1.47641763,0
1505770618,21799113,56.17,42.80586166,1
1505770613,21799105,56.17,1.53700000,1
1505770599,21799064,56.08,1.45710000,1
1505770598,21799062,56.17,1.45972900,1
1505770597,21799057,56.19,1.46700680,0
1505770589,21799030,56.15,1.47821125,0
1505770589,21799028,56.14,1.47851331,0
1505770589,21799026,56.14,0.00801430,0
1505770584,21799006,56.13,0.00057762,0
1505770584,21799005,56.13,0.11080000,0
1505770584,21799004,56.13,0.16484700,0
1505770583,21799003,56.13,1.20260000,0
1505770583,21799002,56.12,1.53021455,0
1505770562,21798972,56.12,1.46978545,0
1505770552,21798964,56.11,1.47939856,0
1505770551,21798963,56.11,0.00826229,0
1505770534,21798936,56.07,1.47769492,0
1505770534,21798935,56.03,1.47698672,0
1505770534,21798934,56.02,1.47899932,0
1505770533,21798933,56.01,1.48204860,0
1505770533,21798932,56.00,0.00000015,0
1505770516,21798891,56.00,1.48221178,0
1505770516,21798890,56.00,2.05379022,0
1505770437,21798698,56.00,1.47423300,0
1505770433,21798688,56.00,1.47197678,0
1505770430,21798683,55.97,2.06903506,0
1505770430,21798682,55.96,1.48323837,0
1505770430,21798681,55.94,4.42000000,0
1505770426,21798659,55.93,60.00000000,0
1505770252,21798487,55.83,1.47510826,0
1505770229,21798483,55.75,43.00020000,1
1505770228,21798482,55.75,7.07210000,1
1505770227,21798481,55.71,14.82000000,0
1505770226,21798480,55.70,4.80669000,0
1505770161,21798451,55.70,1.10000000,0
1505770112,21798428,55.84,1.47641763,0
1505770110,21798424,55.82,1.47690959,0
1505770108,21798423,55.53,7.88944042,0
1505770108,21798422,55.53,15.00000000,0
1505770107,21798421,55.53,1.10000000,1
1505770107,21798420,55.54,30.51000000,1
1505770107,21798419,55.55,19.50055958,1
1505770107,21798418,55.85,1.47613856,0
1505770050,21798392,55.62,18.02470000,0
1505770029,21798382,55.65,1.47899932,1
1505770023,21798377,55.69,1.47769492,1
1505770023,21798375,55.70,53.41511571,1
1505769987,21798365,55.82,6.02460000,0
1505769926,21798288,55.92,27.36069385,0
1505769883,21798253,55.72,3.94643497,1
1505769883,21798252,55.77,1.05356503,1
1505769824,21798190,55.93,1.47425420,1
1505769815,21798187,55.83,1.17724000,1
1505769814,21798186,55.83,1.17724000,1
1505769813,21798185,55.83,1.17724000,1
1505769812,21798184,55.83,2.99400000,1
1505769765,21798174,55.94,1.46511719,1
1505769752,21798172,55.95,1.47507803,0
1505769728,21798149,55.87,1.47585958,1
1505769719,21798143,55.82,1.48707551,0
1505769710,21798140,55.79,0.53650000,0
1505769619,21798030,55.80,2.45000000,0
1505769598,21797964,55.72,0.04984594,1
1505769598,21797963,55.73,71.17065406,1
1505769582,21797941,55.70,54.66050000,1
1505769582,21797940,55.74,16.56000000,1
1505769566,21797924,55.71,52.93050000,1
1505769566,21797923,55.74,18.29000000,1
1505769558,21797911,55.71,37.78400000,1
1505769558,21797910,55.76,32.90000000,1
1505769558,21797909,55.77,0.53650000,1
1505769532,21797816,55.80,20.52231116,0
1505769532,21797815,55.72,0.03656724,0
1505769531,21797814,55.79,52.27923276,1
1505769520,21797801,55.80,1.47768884,0
1505769519,21797799,55.65,61.86000000,0
1505769267,21797636,55.61,1.43301000,0
1505769042,21797443,55.77,1.47851331,0
1505769040,21797442,55.77,43.36184328,1
1505769040,21797440,55.76,8.72000000,0
1505769038,21797438,55.69,1.58542914,0
1505769008,21797413,55.69,47.89865471,0
1505769008,21797412,55.68,10.36000000,0
1505769008,21797411,55.66,81.00000000,0
1505768977,21797390,55.63,1.47406659,1
1505768961,21797367,55.66,1.48323837,0
1505768948,21797328,55.50,4.28108108,0
1505768948,21797327,55.45,0.00467989,0
1505768913,21797280,55.37,5.23063000,0
1505768860,21797249,55.37,3.13313500,0
1505768855,21797247,55.37,5.23063000,0
1505768827,21797238,55.37,3.96817300,0
1505768756,21797205,55.37,3.21486400,0
1505768756,21797204,55.36,0.54170000,0
1505768753,21797200,55.37,5.61256800,0
1505768746,21797196,55.38,11.95000000,0
1505768552,21797096,55.21,4.66578700,0
1505768551,21797095,55.21,14.24583900,0
1505768483,21797034,55.21,6.62373400,0
1505768446,21797023,55.21,11.68464000,0
1505768377,21797005,55.05,6.66891063,1
1505768233,21796929,55.07,7.24540000,1
1505768184,21796902,55.01,4.45830000,1
1505768184,21796901,55.04,0.54170000,1
1505768173,21796891,55.30,5.08000000,0
1505768009,21796830,55.24,1.50280644,0
1505767814,21796713,55.09,1.50662552,0
1505767812,21796711,55.25,44.79330316,0
1505767810,21796710,55.23,50.00000000,0
1505767769,21796666,55.24,22.30533587,0
1505767769,21796665,55.23,26.79466413,0
1505767686,21796633,55.24,85.52035085,0
1505767686,21796632,55.21,0.00000034,0
1505767686,21796631,55.20,1.50362281,0
1505767679,21796627,55.08,1.50744642,1
1505767677,21796625,55.20,0.00000037,1
1505767676,21796623,55.21,1.50854200,0
1505767675,21796622,55.20,1.50389563,0
1505767661,21796615,55.16,3.43115200,0
1505767654,21796613,55.16,1.83942400,0
1505767639,21796606,55.00,1.50909090,0
1505767636,21796604,55.19,14.41000000,0
1505767636,21796603,55.16,8.45000000,0
1505767636,21796602,55.15,15.48757602,0
1505767631,21796601,55.15,58.75527300,0
1505767623,21796597,55.15,8.51867000,0
1505767601,21796586,55.14,40.36162300,0
1505767594,21796583,55.14,10.04000000,0
1505767572,21796573,55.14,11.92000000,0
1505767551,21796554,55.15,225.04897600,0
1505767550,21796551,55.15,5.38633500,0
1505767550,21796550,55.15,92.97724700,0
1505767549,21796548,55.14,14.17000000,0
1505767524,21796526,55.15,16.82694800,0
1505767523,21796525,55.15,6.23939800,0
1505767523,21796524,55.15,29.90080292,0
1505767523,21796523,55.14,16.83000000,0
1505767522,21796522,55.10,1.50964008,0
1505767500,21796513,55.10,8.49035992,0
1505767500,21796512,55.10,1.51018922,0
1505767500,21796511,55.08,1.50963986,0
1505767116,21796386,54.98,1.51570489,1
1505767110,21796382,54.79,1.51487497,1
1505766942,21796192,55.04,16.59653000,0
1505766938,21796185,55.05,26.00714500,0
1505766918,21796145,55.08,32.70000000,0
1505766908,21796137,55.07,10.08000000,0
1505766880,21796089,55.08,2.91030700,0
1505766879,21796080,55.07,16.01060579,0
1505766856,21796046,55.07,19.27618500,0
1505766728,21795941,55.14,2.87289595,0
1505766727,21795940,55.11,1.51046405,0
1505766632,21795903,54.82,1.51432220,1
1505766630,21795901,55.16,10.57940000,0
1505766567,21795878,55.22,1.49212420,0
1505766565,21795868,54.76,68.06962320,1
1505766564,21795867,54.77,1.50607875,1
1505766564,21795866,54.78,1.50498640,1
1505766563,21795865,54.80,1.50525933,1
1505766563,21795864,54.80,0.00244934,1
1505766563,21795863,54.80,1.50171883,1
1505766563,21795862,54.80,25.83258352,0
1505766563,21795861,54.82,1.50389563,1
1505766563,21795860,54.82,0.96349563,1
1505766563,21795859,54.82,0.54040000,1
1505766562,21795858,54.83,1.19583808,1
1505766562,21795857,54.83,0.31024067,1
1505766562,21795856,54.83,10.88858600,0
1505766562,21795855,54.84,101.00000000,1
1505766561,21795854,54.85,1.50444081,1
1505766561,21795853,54.85,88.00000000,0
1505766561,21795851,54.85,1.58338789,0
1505766561,21795850,54.86,1.50280644,1
1505766560,21795849,54.86,1.50280644,1
1505766560,21795848,54.88,1.51046405,1
1505766560,21795847,54.89,0.73114642,1
1505766560,21795846,54.89,0.77438595,1
1505766559,21795845,54.92,103.00000000,1
1505766559,21795844,54.93,1.59000000,1
1505766558,21795843,55.02,7.96000000,1
1505766558,21795842,55.06,1.49711399,1
1505766558,21795841,55.10,62.00129263,1
1505766556,21795839,55.11,16.07000000,1
1505766046,21795580,55.09,62.31138286,1
1505765426,21795197,55.32,0.65193000,0
1505765426,21795196,55.31,0.54040000,0
1505765425,21795195,55.32,3.92404000,0
1505765424,21795191,55.32,3.92404000,0
1505765423,21795189,55.31,3.92404000,0
1505765422,21795187,55.32,3.92404000,0
1505764632,21794690,55.19,1.50389563,0
1505764564,21794624,55.19,0.96349563,0
1505764563,21794622,55.19,0.54040000,0
1505764561,21794620,55.44,42.67750235,1
1505764553,21794608,55.44,1.49711399,1
1505764552,21794607,55.44,1.79538366,1
1505764548,21794597,55.26,44.28468184,0
1505764547,21794590,55.26,6.06062800,0
1505764543,21794575,55.26,3.93937200,0
1505764540,21794569,55.26,1.50444081,0
1505764540,21794567,55.26,14.03000000,0
1505764532,21794556,55.26,0.84585358,0
1505764532,21794555,55.26,0.73114642,0
1505764532,21794554,55.25,13.91000000,0
1505764529,21794547,55.23,14.03000000,0
1505764529,21794546,55.22,1.50444081,0
1505764342,21794395,55.24,28.14892687,0
1505764342,21794394,55.20,1.19583808,0
1505764300,21794369,55.20,0.31024067,0
1505764300,21794368,55.17,1.50525933,0
1505764277,21794351,54.97,1.50991449,1
1505764276,21794350,55.14,6.31069607,1
1505764265,21794347,55.14,1.50607875,0
1505764237,21794332,54.94,1.51073898,1
1505764179,21794297,55.08,14.03000000,1
1505764135,21794245,55.10,5.00000000,0
1505764134,21794244,55.09,1.50662552,1
1505764043,21794169,55.00,1.38268879,1
1505764043,21794168,55.04,71.17065406,1
1505763924,21794134,55.00,177.00000000,1
1505763907,21794120,55.00,27.21000000,1
1505763906,21794119,55.00,71.17065406,1
1505763879,21794108,54.96,3.65720000,1
1505763833,21794097,55.01,25.78138500,0
1505763549,21793921,55.00,11.43670000,0
1505763548,21793920,55.00,1.70128000,0
1505763522,21793909,55.00,11.43670000,0
1505763516,21793906,55.00,13.13798000,0
1505763500,21793889,55.00,24.57468000,0
1505763492,21793879,55.00,37.71266000,0
1505763475,21793851,55.00,92.73512700,0
1505763474,21793850,55.00,7.26487300,0
1505763450,21793838,55.00,100.00000000,0
1505763429,21793817,55.00,91.51910500,0
1505763428,21793816,55.00,8.48089500,0
1505763408,21793764,55.00,8.48089500,0
1505763407,21793761,55.00,91.51910500,0
1505763396,21793757,55.05,7.00000000,0
1505763374,21793736,54.95,1.51046405,1
1505763373,21793735,55.09,29.32453848,1
1505763320,21793696,55.09,1.50662552,1
1505763311,21793684,55.00,29.16883600,0
1505763309,21793683,55.00,17.42178800,0
1505763300,21793674,55.00,8.40937600,0
1505763208,21793624,55.08,14.75000000,0
1505763157,21793611,55.00,19.87676709,0
1505763157,21793610,55.00,5.12323291,0
1505763142,21793605,55.00,25.00000000,0
1505763139,21793603,55.00,32.60000000,0
1505763139,21793602,55.00,8.80000000,0
1505763126,21793588,54.91,5.00000000,1
1505763125,21793587,55.00,9.10000000,0
1505763092,21793559,55.00,1.44000000,0
1505763091,21793555,55.00,16.40996768,0
1505763091,21793553,54.99,0.20397899,0
1505763090,21793552,54.99,1.30758538,0
1505763088,21793549,55.00,20.00000000,0
1505763087,21793548,55.00,12.33543200,0
1505763087,21793545,55.00,20.00000000,0
1505763087,21793544,55.00,4.01151000,0
1505763087,21793543,55.00,12.96530000,0
1505763086,21793542,55.00,1.70705300,0
1505763086,21793541,55.00,5.18073000,0
1505763086,21793538,54.91,1.51183970,1
1505763085,21793537,55.00,1.30961441,0
1505763084,21793535,55.06,7.51930000,1
1505763084,21793534,55.08,13.57110000,1
1505763084,21793533,55.10,1.46338000,1
1505763083,21793532,55.11,1.46338000,1
1505763072,21793519,55.00,0.27956832,0
1505763072,21793518,55.00,199.72043168,0
1505763066,21793516,54.96,1.51211513,1
1505763054,21793503,55.00,0.00037080,0
1505763054,21793502,55.00,176.03077282,0
1505763054,21793501,55.00,23.96885638,0
1505763050,21793497,55.00,3.00000000,1
1505763039,21793488,55.26,0.77438595,0
1505763039,21793487,55.25,1.51046405,0
1505763029,21793484,54.93,1.51101401,1
1505763016,21793466,55.00,1.51211513,1
1505763015,21793465,55.00,5.00000000,0
1505763015,21793464,55.00,0.00000290,0
1505763014,21793461,55.00,15.87671000,0
1505763013,21793460,55.00,24.92474340,1
1505763013,21793459,55.02,15.30500000,1
1505763013,21793458,55.03,13.89354370,1
1505762962,21793443,55.00,0.50099332,1
1505762962,21793441,55.01,83.00000000,1
1505762962,21793440,55.03,1.49900668,1
1505762962,21793439,55.11,15.00000000,1
1505762949,21793433,55.06,1.50772025,1
1505762946,21793432,55.05,87.84000000,1
1505762946,21793431,55.08,7.75000000,1
1505762946,21793430,55.13,101.00000000,1
1505762946,21793429,55.15,96.00000000,1
1505762946,21793428,55.16,7.41000000,1
1505762929,21793413,55.16,100.00000000,1
1505762901,21793410,55.14,55.85888185,1
1505762901,21793409,55.15,1.49175540,1
1505762901,21793408,55.21,90.00000000,1
1505762901,21793407,55.22,9.44000000,1
1505762901,21793406,55.23,43.20936275,1
1505762763,21793327,55.40,37.00000000,0
1505762678,21793245,55.23,1.50280644,1
1505762677,21793243,55.41,2.90651578,0
1505762677,21793242,55.41,1.49900668,1
1505762676,21793241,55.37,4.00000000,0
1505762548,21793134,55.15,1.50498640,1
1505762537,21793131,55.18,0.00244934,0
1505762536,21793130,55.37,7.38827307,1
1505762517,21793110,55.38,4.12002394,1
1505762512,21793109,55.37,57.70000000,1
1505762475,21793079,55.37,2.30000000,1
1505762470,21793076,55.37,3.48241000,1
1505762453,21793055,55.37,35.68159900,1
1505762428,21793037,55.37,4.48284000,1
1505762420,21793030,55.36,1.32000000,1
1505762403,21793022,55.36,11.06502500,1
1505762403,21793021,55.36,3.67551409,1
1505762403,21793020,55.41,9.44267582,1
1505762270,21792921,55.41,19.97774800,1
1505762270,21792920,55.42,22.70000000,1
1505762265,21792917,55.42,10.00000000,1
1505762083,21792811,55.42,36.69938344,1
1505762081,21792810,55.43,31.52000000,1
1505761990,21792771,55.50,0.71891892,0
1505761901,21792670,55.36,1.78201000,1
1505761835,21792631,55.50,3.59459459,0
1505761768,21792549,55.23,1.50280644,1
1505761607,21792414,55.39,34.13960253,1
1505761607,21792412,55.40,10.71955764,1
1505761526,21792358,55.38,21.39015500,0
1505761417,21792259,55.56,9.24130200,1
1505761406,21792243,55.54,5.25472500,0
1505761310,21792081,55.40,22.97000000,1
1505761309,21792080,55.44,14.03000000,1
1505760795,21791700,55.53,15.81871673,1
1505760795,21791698,55.69,1.47745363,1
1505760712,21791663,55.69,48.52254637,1
1505760712,21791662,55.70,1.47745363,1
1505760501,21791517,55.82,0.00000551,1
1505760500,21791516,55.82,6.21820000,1
1505760492,21791506,55.82,14.26958900,1
1505760485,21791499,55.82,204.00000000,1
1505760473,21791487,55.82,202.00000000,1
1505760440,21791466,55.94,8.91580265,0
1505760114,21791308,55.82,6.30383368,1
1505760103,21791307,55.82,14.40440018,1
1505760102,21791306,55.83,14.63000000,1
1505759916,21791224,55.82,52.01789737,1
1505759916,21791223,55.87,1.46817356,1
1505759916,21791222,55.91,1.46586264,1
1505759916,21791221,55.93,5.04806643,1
1505759892,21791186,55.93,0.00997258,0
1505759855,21791156,55.88,0.00403079,0
1505759837,21791144,55.75,0.78607426,0
1505759806,21791072,55.75,32.31870700,0
1505759799,21791056,55.75,52.18047334,0
1505759793,21791051,55.75,7.81952666,0
1505759783,21791039,55.75,16.05646819,0
1505759759,21791021,55.75,44.85916017,0
1505759752,21791018,55.75,59.35528530,0
1505759739,21791010,55.75,0.58850900,0
1505759739,21791009,55.75,0.64471470,0
1505759716,21790999,55.75,60.00000000,0
1505759681,21790982,55.75,46.59400000,0
1505759681,21790978,55.74,13.77000000,0
1505759465,21790865,55.73,6.31523082,0
1505759391,21790839,55.73,1.47918961,0
1505759390,21790838,55.73,4.98750000,0
1505759389,21790837,55.59,0.08717847,0
1505759389,21790836,55.59,16.18650900,0
1505759388,21790832,55.59,89.63940000,0
1505759388,21790831,55.59,13.12000000,0
1505759387,21790826,55.59,11.26214400,0
1505759386,21790825,55.59,216.91851950,0
1505759386,21790823,55.59,1.48333041,0
1505759385,21790821,55.59,83.00000000,0
1505759350,21790790,55.58,98.24530000,1
1505759276,21790760,55.77,1.47825564,0
1505759274,21790758,55.58,1.91268161,0
1505759225,21790741,55.51,2.10000000,1
1505759225,21790740,55.51,0.76265939,0
1505759224,21790738,55.51,1.47960411,1
1505759224,21790737,55.54,0.48458244,1
1505759224,21790736,55.55,60.17065406,1
1505759218,21790729,55.58,24.56387190,0
1505759215,21790728,55.58,5.43508300,0
1505759192,21790710,55.58,10.76934149,0
1505759185,21790697,55.54,0.99900000,1
1505759178,21790694,55.58,5.28319500,0
1505759177,21790693,55.58,18.03582700,0
1505759035,21790576,55.60,11.00000000,1
1505759015,21790560,55.84,218.30291862,1
1505759014,21790559,55.84,57.90000000,1
1505759007,21790556,55.84,17.00000000,1
1505759000,21790555,55.84,2.10000000,1
1505758999,21790553,55.84,25.90000000,1
1505758917,21790459,55.85,1.47641763,0
1505758910,21790455,55.77,15.78534822,0
1505758910,21790454,55.76,68.21465178,0
1505758881,21790427,55.77,11.09037117,0
1505758871,21790415,55.76,1.47793152,0
1505758869,21790408,55.53,5.95406400,0
1505758867,21790405,55.53,1.47781193,0
1505758861,21790387,55.79,1.47798328,0
1505758860,21790382,55.50,188.93225539,0
1505758852,21790359,55.50,1.48359729,1
1505758851,21790358,55.53,15.62287934,1
1505758849,21790352,55.78,1.47807076,0
1505758833,21790330,55.78,1.47725407,0
1505758830,21790321,55.79,1.47854148,0
1505758828,21790319,55.80,1.47939856,0
1505758828,21790318,55.80,1.47767405,0
1505758826,21790312,55.55,1.50171883,0
1505758753,21790231,55.56,1.48406452,0
1505758752,21790224,55.25,5.15000000,0
1505758747,21790213,55.58,1.48338206,0
1505758746,21790211,55.26,0.00040333,0
1505758745,21790208,55.26,15.05259650,0
1505758743,21790206,55.26,12.63403700,0
1505758743,21790205,55.26,7.98124200,0
1505758740,21790204,55.26,15.05300000,1
1505758740,21790203,55.53,3.99700567,1
1505758740,21790202,55.54,4.49000000,1
1505758739,21790201,55.58,0.79171550,1
1505758735,21790195,55.59,1.48331556,1
1505758689,21790170,55.59,1.48184803,1
1505758686,21790168,55.61,1.47960411,1
1505758686,21790167,55.62,1.47959671,1
1505758658,21790137,55.72,3.77075935,0
1505758628,21790098,55.87,1.47575621,0
1505758610,21790067,55.79,4.55848925,0
1505758610,21790065,55.80,8.75053200,0
1505758609,21790063,55.80,1.49947339,0
1505758606,21790049,55.76,1.48418402,0
1505758584,21790022,55.82,1.74853936,0
1505758542,21789974,55.79,9.46890123,1
1505758398,21789840,55.87,4.46339717,0
1505758124,21789515,55.87,1.47546089,0
1505758123,21789512,55.62,0.00010006,0
1505758102,21789492,55.62,45.10490529,0
1505758101,21789490,55.62,0.03984998,1
1505757992,21789411,55.86,1.47615332,0
1505757989,21789406,55.61,1.44067614,0
1505757987,21789402,55.69,1.47932386,1
1505757880,21789285,55.70,49.75013510,0
1505757872,21789274,55.88,1.47563238,1
1505757862,21789256,55.74,1.47903525,0
1505757861,21789249,55.74,1.48007226,0
1505757859,21789245,55.76,1.47826062,1
1505757859,21789244,55.97,1.47325955,1
1505757858,21789242,56.00,132.34003345,0
1505757858,21789240,56.00,4.00000000,0
1505757858,21789239,56.00,5.00000000,0
1505757858,21789238,55.99,0.00223857,0
1505757858,21789237,55.99,1.22560000,0
1505757858,21789236,55.99,0.25472099,0
1505757858,21789235,55.99,13.89000000,1
1505757857,21789233,55.98,0.00258857,0
1505757857,21789230,55.98,1.20202238,0
1505757857,21789229,55.98,0.27827196,0
1505757857,21789225,55.97,0.00230507,0
1505757856,21789223,55.97,0.24726143,0
1505757856,21789222,55.97,1.23360000,0
1505757856,21789220,55.95,13.89000000,0
1505757856,21789217,55.90,36.90000000,0
1505757855,21789215,55.81,1.47732562,0
1505757855,21789213,55.81,0.01004074,0
1505757855,21789211,55.81,14.03000000,1
1505757855,21789209,55.79,1.48788050,0
1505757854,21789207,55.77,1.48728101,0
1505757854,21789206,55.77,0.00104788,0
1505757854,21789204,55.76,1.48858755,0
1505757854,21789203,55.76,14.03000000,1
1505757853,21789195,55.74,14.03000000,0
1505757853,21789194,55.74,1.48919428,0
1505757824,21789140,55.52,7.46831352,1
1505757824,21789139,55.57,0.00230507,1
1505757824,21789138,55.60,39.84458141,1
1505757816,21789119,55.60,42.23570000,1
1505757816,21789118,55.60,7.66430000,1
1505757808,21789113,55.60,2.17570000,1
1505757797,21789083,55.60,10.84571143,1
1505757797,21789082,55.67,0.00258857,1
1505757789,21789067,55.67,1.20202238,1
1505757789,21789065,55.72,0.00057762,1
1505757777,21789049,55.72,0.11080000,1
1505757770,21789036,55.72,0.16484700,1
1505757768,21789031,55.72,1.20260000,1
1505757755,21788991,55.57,0.24726143,1
1505757755,21788990,55.61,0.00223857,1
1505757754,21788986,55.67,1.21270503,0
1505757754,21788982,55.63,0.01003612,0
1505757743,21788944,55.61,1.22560000,1
1505757731,21788888,55.57,1.23360000,1
1505757728,21788874,55.61,1.23520949,0
1505757727,21788873,55.59,1.49309307,0
1505757727,21788872,55.59,1.49316032,0
1505757727,21788871,55.59,1.49324701,0
1505757727,21788869,55.57,1.49371702,0
1505757725,21788866,55.45,1.49700190,0
1505757725,21788865,55.45,1.09930139,0
1505757713,21788822,55.35,11.27249337,1
1505757713,21788820,55.36,0.23000000,1
1505757713,21788819,55.39,1.48728101,1
1505757713,21788818,55.42,1.47732562,1
1505757708,21788807,55.45,0.39780540,0
1505757708,21788806,55.45,1.36323460,0
1505757705,21788790,55.45,3.52447551,0
1505757702,21788781,55.45,0.36776000,0
1505757698,21788778,55.45,1.75910334,0
1505757676,21788740,55.45,1.49683900,0
1505757635,21788594,55.45,1.48858755,0
1505757625,21788586,55.40,1.49822723,0
1505757620,21788584,55.39,1.45596030,0
1505757620,21788583,55.39,0.04084263,0
1505757288,21788287,55.11,15.88060039,1
1505757288,21788286,55.18,0.95339961,1
1505757268,21788241,55.37,0.00000404,1
1505757267,21788240,55.37,20.71150000,1
1505757224,21788172,55.37,21.00790000,1
1505757218,21788164,55.37,3.42545129,0
1505757217,21788161,55.37,1.76051500,0
1505757215,21788154,55.37,1.75947295,0
1505757215,21788153,55.37,4.58456076,0
1505757185,21788101,55.37,1.49097699,1
1505757185,21788099,55.38,0.24235905,1
1505757175,21788083,55.37,1.48919428,1
1505757173,21788079,55.37,0.23568777,0
1505757173,21788078,55.33,0.00810906,0
1505757156,21788056,55.32,0.97418567,0
1505757155,21788054,55.27,0.78781433,0
1505757141,21788021,55.27,0.71370884,0
1505757050,21787878,55.21,1.50881657,0
1505757018,21787813,55.20,1.49309307,0
1505757003,21787790,55.06,9.25749810,0
1505757002,21787788,55.06,1.49700190,0
1505756990,21787779,55.08,0.87725341,1
1505756979,21787772,55.16,1.63000000,1
1505756979,21787771,55.20,1.49316032,1
1505756931,21787728,54.95,22.28203644,0
1505756925,21787720,54.95,13.29600000,0
1505756914,21787709,54.85,8.87068100,0
1505756914,21787707,54.88,0.10021900,1
1505756885,21787667,54.95,4.42196356,0
1505756767,21787573,54.96,40.00000000,0
1505756730,21787503,54.95,69.45524000,0
1505756666,21787461,55.00,7.48424033,1
1505756630,21787440,55.02,1.45700818,1
1505756628,21787438,55.01,0.04084263,0
1505756628,21787437,55.01,2.95915737,1
1505756567,21787416,55.21,1.49324701,0
1505756550,21787402,55.16,1.49371702,0
1505756547,21787393,55.01,1.49885708,0
1505756533,21787386,55.00,1.21575967,0
1505756524,21787376,54.96,0.54490000,0
1505756494,21787332,55.00,0.09954800,0
1505756494,21787331,55.00,0.09886800,0
1505756494,21787329,55.00,0.09821500,0
1505756402,21787265,54.98,1.49885200,0
1505756384,21787245,54.72,0.97191286,0
1505756382,21787238,54.72,0.54490000,1
1505756372,21787205,54.82,15.22758627,0
1505756370,21787203,54.82,44.77200000,1
1505756282,21787118,54.98,1.09686397,0
1505756277,21787089,54.97,1.51239067,0
1505756260,21787062,54.88,12.71823260,1
1505756192,21786998,54.73,2.38381110,1
1505756174,21786991,54.73,20.03500000,1
1505756174,21786990,54.74,15.00000000,1
1505755955,21786794,54.71,0.01823303,1
1505755953,21786793,54.98,0.41635389,0
1505755876,21786738,55.02,18.12829366,0
1505755812,21786670,54.95,1.49792124,0
1505755748,21786573,54.66,1.51875571,1
1505755747,21786568,54.65,0.55904641,0
1505755746,21786565,54.65,0.95970930,0
1505755716,21786493,54.72,0.12386980,1
1505755716,21786491,54.73,28.72000000,1
1505755716,21786490,54.73,7.54144800,0
1505755714,21786486,54.74,41.19195217,0
1505755714,21786485,54.74,9.58000000,1
1505755712,21786481,55.06,1.49710679,0
1505755699,21786389,55.08,1.49822723,0
1505755696,21786380,55.01,1.50019378,0
1505755694,21786370,54.84,1.51368174,0
1505755694,21786369,54.77,0.01016882,0
1505755694,21786366,54.75,0.01017622,0
1505755675,21786308,54.74,0.01017992,0
1505755648,21786259,54.69,1.51764470,0
1505755648,21786258,54.68,1.51903367,0
1505755582,21786040,54.65,0.73193046,0
1505755580,21786032,54.50,1.02285525,0
1505755577,21786011,54.50,0.50000000,1
1505755577,21786009,54.51,0.00008052,1
1505755577,21786006,54.51,2.94210203,0
1505755575,21786005,54.51,5.52056000,0
1505755575,21786004,54.51,1.51368174,0
1505755573,21785996,54.51,2.18407410,1
1505755572,21785995,54.51,1.52265639,1
1505755571,21785994,54.51,3.29326951,1
1505755571,21785993,54.54,6.70673049,1
1505755570,21785992,54.54,7.15120291,1
1505755570,21785991,54.61,0.60905709,1
1505755568,21785988,54.61,0.00968664,1
1505755568,21785986,54.61,0.01053229,1
1505755568,21785985,54.61,0.88036384,1
1505755568,21785984,54.61,26.37234081,1
1505755567,21785978,54.61,0.67690000,1
1505755566,21785976,54.61,5.03012331,1
1505755507,21785885,54.61,1.51986815,1
1505755500,21785872,54.62,0.89049123,1
1505755500,21785870,54.62,1.50909090,1
1505755500,21785869,54.62,3.00000000,1
1505755500,21785868,54.63,7.04395600,1
1505755500,21785867,54.64,24.41000000,1
1505755499,21785866,54.63,6.98604400,1
1505755470,21785815,54.64,30.54978300,1
1505755458,21785797,54.63,1.51931173,0
1505755448,21785773,54.69,1.49697400,1
1505755425,21785720,54.81,1.50416817,1
1505755425,21785719,54.83,14.03000000,1
1505755422,21785717,54.85,13.05189300,0
1505755422,21785716,54.82,0.97810700,0
1505755421,21785713,54.82,3.99000000,1
1505755420,21785712,54.82,10.03189300,1
1505755417,21785710,54.86,7.99293500,0
1505755343,21785602,54.82,2.53810700,1
1505755343,21785601,54.82,1.46189300,1
1505755301,21785501,54.93,0.52648826,0
1505755260,21785362,54.82,12.56810700,1
1505755259,21785361,54.82,3.00000000,1
1505755241,21785293,54.84,3.00000000,1
1505755227,21785243,54.84,0.00000025,0
1505755227,21785241,54.84,29.30674600,0
1505755225,21785227,54.83,8.47178505,1
1505755224,21785223,54.83,0.00041711,0
1505755223,21785215,54.83,51.52779784,0
1505755217,21785183,54.84,1.51404596,1
1505755215,21785173,54.84,0.01000792,1
1505755215,21785171,54.84,1.49334292,1
1505755215,21785170,54.86,0.53000000,1
1505755214,21785169,54.90,1.50171883,1
1505755213,21785166,54.91,2.67000000,1
1505755213,21785164,54.91,1.50144717,1
1505755213,21785163,54.94,0.07279396,1
1505755213,21785162,54.94,1.42783883,1
1505755213,21785161,54.94,0.60116117,1
1505755213,21785160,54.94,0.90164527,1
1505755212,21785159,54.95,1.50036153,1
1505755212,21785157,54.95,1.50307859,1
1505755212,21785153,54.96,1.50009036,1
1505755212,21785149,54.97,1.50152317,1
1505755198,21785087,54.98,0.59869468,1
1505755198,21785084,55.00,0.49892246,1
1505755196,21785082,55.08,0.90238286,1
1505755188,21785066,55.10,2.15868415,1
1505755143,21785017,55.10,13.79579500,1
1505755142,21785015,55.10,4.60790698,1
1505755131,21784947,55.10,0.00350000,1
1505755131,21784946,55.11,5.00000000,1
1505755120,21784910,55.10,176.00000000,1
1505754988,21784816,55.12,1.50580551,1
1505754987,21784814,55.29,1.00895254,0
1505754987,21784813,55.29,1.50144717,1
1505754966,21784793,55.32,10.00000000,0
1505754779,21784661,55.17,0.90000000,0
1505754744,21784652,55.10,76.19000000,1
1505754525,21784533,55.08,5.28100000,1
1505754504,21784524,55.08,4.38061700,1
1505754493,21784515,55.08,6.18338300,1
1505754480,21784495,55.08,10.56400000,1
1505754358,21784411,55.07,6.54402000,1
1505754356,21784406,55.07,14.28000000,0
1505754355,21784405,55.06,38.71000000,0
1505754327,21784370,55.04,3.19276889,0
1505754298,21784324,55.00,1.50909090,1
1505754283,21784314,55.00,6.99198664,1
1505754283,21784313,55.00,0.01821731,1
1505754283,21784312,55.00,1.48078937,1
1505754283,21784311,55.00,0.01021745,1
1505754283,21784310,55.00,1.48878923,1
1505754271,21784299,55.04,10.00000000,1
1505754263,21784294,55.01,38.71508269,1
1505754263,21784293,55.10,1.00000000,1
1505754261,21784292,55.23,10.28491731,1
1505754201,21784250,55.17,22.56443719,0
1505754185,21784238,55.19,0.14691248,1
1505754118,21784202,55.41,20.66068414,1
1505754118,21784201,55.32,19.72000000,0
1505754117,21784200,55.11,5.45129907,0
1505754094,21784136,55.11,1.73514970,0
1505754064,21784104,55.17,1.81257930,1
1505753956,21784035,55.37,36.00000000,0
1505753923,21784016,55.06,35.08379949,0
1505753922,21784015,55.06,13.10000000,0
1505753922,21784014,55.06,1.81620051,1
1505753911,21784006,55.05,3.99360408,1
1505753911,21784003,55.16,1.81290790,1
1505753909,21784001,55.17,44.19348802,1
1505753900,21783994,55.27,1.50171883,0
1505753889,21783976,55.25,0.54070000,0
1505753873,21783962,55.29,0.64464000,0
1505753836,21783935,55.03,4.19349342,1
1505753836,21783934,55.03,2.18430244,0
1505753836,21783932,55.13,40.00000000,1
1505753834,21783930,55.21,1.81126607,1
1505753834,21783927,55.22,1.81093807,1
1505753706,21783776,55.11,1.50607875,0
1505753631,21783669,55.03,9.81785664,0
1505753631,21783668,55.03,4.92579500,0
1505753630,21783665,55.03,13.71000000,0
1505753625,21783655,55.03,24.60828483,0
1505753623,21783642,55.03,141.08775123,0
1505753622,21783641,55.03,5.85031230,1
1505753569,21783608,55.00,50.00000000,1
1505753561,21783598,55.01,7.14002826,1
1505753561,21783597,55.02,35.71988246,0
1505753559,21783595,55.02,7.14008928,1
1505753550,21783576,55.01,5.18197004,0
1505753550,21783575,55.04,1.49792456,1
1505753550,21783574,55.08,1.50144717,1
1505753548,21783573,55.11,1.49603460,1
1505753548,21783572,55.11,0.32262363,1
1505753540,21783567,55.11,0.17773790,1
1505753362,21783261,55.26,9.87420000,0
1505753337,21783235,55.11,1.00000000,1
1505753271,21783204,55.28,0.54070000,1
1505753206,21783100,55.20,3.71252004,1
1505753197,21783064,55.20,4.28747996,1
1505753114,21782980,55.38,3.06805203,1
1505753114,21782979,55.41,9.88804797,1
1505753093,21782947,55.38,45.31711207,1
1505753044,21782937,55.31,48.09870000,1
1505753034,21782929,55.38,49.90000000,1
1505753024,21782926,55.31,1.80140000,1
1505753013,21782919,55.38,25.65460000,1
1505752896,21782853,55.23,1.98474539,1
1505752896,21782852,55.31,0.25231945,1
1505752896,21782851,55.45,0.03843516,1
1505752894,21782849,55.56,2.27952000,1
1505752781,21782688,55.49,0.00400000,1
1505752777,21782686,55.49,1.99600000,1
1505752709,21782650,55.45,19.45410000,1
1505752592,21782487,55.48,0.02200000,1
1505752576,21782483,55.48,10.97800000,1
1505752485,21782419,55.31,39.36706952,1
1505752484,21782418,55.31,1.48993048,1
1505752419,21782277,55.43,3.62265992,0
1505752407,21782271,55.43,3.62266000,0
1505752358,21782241,55.23,57.98359664,1
1505752358,21782240,55.34,1.48279693,1
1505752358,21782239,55.35,1.80668473,1
1505752262,21782153,55.63,15.61173165,1
1505752254,21782144,55.33,1.25770000,1
1505752254,21782143,55.34,0.54070000,1
1505752241,21782129,55.48,1.79840000,1
1505752230,21782116,55.47,1.79940000,1
1505752191,21782042,55.47,42.18785148,1
1505752190,21782041,55.48,7.71214852,1
1505752178,21782011,55.46,11.65070000,1
1505752161,21781986,55.45,9.84727349,1
1505752161,21781984,55.45,1.80342651,1
1505752139,21781919,55.80,1.47948738,0
1505752137,21781909,55.47,8.37324867,1
1505752137,21781908,55.48,1.80245133,1
1505752135,21781897,55.78,1.47821125,1
1505752133,21781882,55.67,1.48078937,0
1505752133,21781880,55.67,0.01021745,0
1505752110,21781746,55.45,2.27450000,1
1505752086,21781688,55.46,49.90000000,1
1505752083,21781676,55.50,15.19817053,0
1505752079,21781671,55.47,1.50144717,0
1505752007,21781549,55.46,5.22935449,0
1505751869,21781292,55.19,21.95000000,1
1505751703,21781023,55.15,14.03000000,0
1505751666,21780936,55.16,1.13782865,0
1505751663,21780931,55.12,16.46352000,1
1505751493,21780743,55.14,1.50525933,1
1505751446,21780705,55.31,1.13140300,1
1505751375,21780604,55.50,40.30711207,0
1505751375,21780603,55.49,5.01000000,0
1505751315,21780583,55.33,1.50009036,1
1505751314,21780582,55.48,0.00432140,1
1505751305,21780546,55.49,0.00035547,1
1505751266,21780494,55.50,18.49471740,0
1505751233,21780457,55.49,1.50000000,0
1505751233,21780456,55.49,12.53001053,0
1505751228,21780448,55.49,1.49998947,0
1505751227,21780446,55.49,0.00037153,0
1505751226,21780442,55.48,1.49603460,1
1505751225,21780439,55.49,12.52962847,1
1505751224,21780438,55.49,1.50036653,0
1505751224,21780436,55.49,12.52963347,0
1505751224,21780435,55.48,1.50036153,0
1505751194,21780356,55.19,5.00000000,1
1505751177,21780333,55.18,1.50416817,1
1505751175,21780332,55.50,40.97909792,0
1505751175,21780331,55.50,16.02000000,0
1505751175,21780330,55.50,1.50036153,1
1505751174,21780329,55.49,35.19294605,0
1505751174,21780328,55.33,1.50307859,0
1505751172,21780327,55.31,0.07279396,0
1505751137,21780300,55.07,1.50717268,0
1505751135,21780292,55.31,1.42783883,1
1505751133,21780287,55.31,0.60116117,0
1505751125,21780271,55.31,0.90164527,0
1505751123,21780264,55.06,0.01006234,0
1505751088,21780201,55.06,27.18462859,0
1505751088,21780199,55.14,0.01429393,1
1505751088,21780198,55.14,1.48039362,1
1505751088,21780197,55.14,1.49522608,1
1505751086,21780193,55.23,1.81061018,1
1505751078,21780171,55.32,1.75633632,0
1505751073,21780165,55.21,0.01000792,0
1505751071,21780161,55.34,0.01260409,1
1505751071,21780160,55.34,1.47698672,1
1505751050,21780105,55.38,1.80570603,1
1505751026,21780043,55.42,29.38999979,0
1505751022,21780005,55.43,29.38994937,1
1505751016,21779985,55.44,20.40991258,0
1505750944,21779821,55.37,1.49954832,1
1505750944,21779820,55.36,0.00968664,0
1505750940,21779812,55.59,45.55000000,1
1505750936,21779810,55.60,10.00000000,1
1505750905,21779783,55.58,14.45000000,0
1505750864,21779760,55.37,0.01821731,0
1505750796,21779659,55.68,0.45012900,0
1505750701,21779578,55.62,12.35562300,0
1505750552,21779469,55.43,1.49738408,0
1505750551,21779468,55.78,6.25887415,0
1505750549,21779466,55.75,1.48878923,1
1505750521,21779456,55.41,1.49792456,1
1505750506,21779448,55.58,1.49334292,0
1505750471,21779375,55.78,0.17873790,0
1505750408,21779322,55.75,1.77757771,0
1505750408,21779321,55.75,0.01053229,0
1505750389,21779287,55.72,1.44794900,0
1505750146,21779032,55.66,14.03000000,0
1505750071,21778933,55.70,17.22385300,0
1505750068,21778928,55.53,0.01429393,1
1505750061,21778923,55.72,0.46522608,1
1505750061,21778922,55.72,12.53477392,1
1505750059,21778920,55.72,1.49522608,1
1505750058,21778917,55.72,14.00887927,1
1505750057,21778916,55.71,0.02112073,0
1505750056,21778915,55.71,1.48161370,1
1505750056,21778914,55.72,14.03000000,1
1505750056,21778913,55.72,1.46726557,1
1505750013,21778846,55.83,1.47612379,0
1505750000,21778827,55.90,8.90000000,1
1505750000,21778826,55.90,100.00000000,1
1505750000,21778825,55.91,1.47307530,1
1505749985,21778795,55.97,4.63373236,0
1505749937,21778723,55.95,1.00000000,1
1505749937,21778721,55.95,100.00000000,1
1505749929,21778704,56.00,0.23144673,0
1505749929,21778703,55.95,7.18057427,0
1505749927,21778701,56.00,13.76855289,1
1505749873,21778585,56.00,41.08943816,1
1505749873,21778584,56.02,4.00200000,1
1505749870,21778580,56.02,0.99800000,1
1505749793,21778489,56.02,1.46905264,1
1505749783,21778479,56.06,1.22648000,0
1505749781,21778478,56.06,40.43120000,0
1505749778,21778472,56.16,1.73041310,0
1505749760,21778405,56.16,2.78092735,0
1505749760,21778404,56.08,1.48161370,0
1505749758,21778402,56.06,0.18006133,0
1505749644,21778305,56.01,22.99999983,1
1505749626,21778280,56.15,14.71326803,0
1505749626,21778277,56.15,5.80000000,0
1505749610,21778246,56.00,8.70000000,1
1505749581,21778227,56.00,8.44310000,1
1505749566,21778216,56.00,27.99890895,1
1505749566,21778215,56.05,8.82271074,1
1505749566,21778214,56.06,0.17838031,1
1505749562,21778202,56.15,0.90000000,0
1505749504,21778162,56.16,4.60390327,0
1505749504,21778160,56.15,0.53360000,0
1505749356,21777937,56.05,19.03690000,1
1505749346,21777910,56.05,0.17770000,1
1505749335,21777898,56.12,0.17770000,1
1505749322,21777886,56.11,9.12344594,1
1505749322,21777885,56.12,21.27065406,1
1505749289,21777853,56.05,21.22850000,1
1505749175,21777667,56.25,0.00313268,1
1505749145,21777623,56.27,1.46496512,0
1505749145,21777619,56.25,1.46210000,1
1505749137,21777600,56.01,11.15257014,1
1505749136,21777593,56.02,1.46602529,1
1505749136,21777589,56.03,1.47140457,0
1505749134,21777582,56.04,15.91000000,1
1505749132,21777575,56.17,49.90000000,1
1505748791,21776934,55.83,20.82221335,1
1505748790,21776933,55.88,1.46618665,1
1505748790,21776931,56.22,18.31284590,1
1505748789,21776930,56.22,4.02000000,1
1505748788,21776928,56.26,44.32563100,0
1505748785,21776925,56.22,70.41953616,1
1505748784,21776921,56.22,1.03973740,0
1505748748,21776857,56.17,0.04126873,1
1505748744,21776854,56.17,20.84030000,1
1505748732,21776840,56.17,0.19770000,1
1505748704,21776788,55.93,2.92420000,1
1505748693,21776747,55.90,19.51630000,1
1505748693,21776746,55.91,0.53360000,1
1505748683,21776730,56.18,0.71080263,0
1505748679,21776724,55.89,49.90000000,1
1505748665,21776700,55.90,17.28740000,1
1505748656,21776691,55.90,20.36920000,1
1505748646,21776667,55.93,14.70960000,1
1505748637,21776661,55.93,20.21550000,1
1505748627,21776653,55.89,1.46310000,1
1505748615,21776643,55.97,8.60080000,1
1505748605,21776617,55.92,49.90000000,1
1505748593,21776580,55.84,9.43461000,1
1505748593,21776579,55.95,19.36000000,1
1505748593,21776578,55.95,0.00469000,1
1505748590,21776577,56.38,1.46212885,0
1505748588,21776572,56.28,5.14541568,1
1505748586,21776569,56.28,0.23451045,0
1505748584,21776568,56.28,1.46548955,0
1505748582,21776564,56.00,8.73000000,0
1505748580,21776560,56.00,48.38462471,1
1505748580,21776559,56.12,0.05007296,1
1505748580,21776558,56.27,1.46530233,1
1505748577,21776556,56.41,1.46149437,0
1505748575,21776555,56.49,13.02055507,1
1505748575,21776553,56.46,1.47028588,0
1505748575,21776552,56.41,110.00000000,0
1505748574,21776550,56.34,1.13341977,0
1505748574,21776549,56.34,0.34000000,0
1505748574,21776548,56.33,1.47108068,0
1505748574,21776545,56.32,3.00000000,0
1505748573,21776544,56.31,0.52000000,0
1505748573,21776543,56.31,27.46000000,0
1505748573,21776542,56.31,1.46437118,0
1505748573,21776541,56.31,0.00981429,0
1505748573,21776540,56.30,1.00000000,0
1505748573,21776539,56.30,1.47449630,0
1505748572,21776538,56.29,1.47457685,0
1505748572,21776534,56.27,2.61000000,0
1505748571,21776532,56.13,1.47878586,0
1505748567,21776527,56.12,24.89020000,1
1505748551,21776506,56.12,49.90000000,1
1505748549,21776502,56.12,14.03000000,1
1505748547,21776498,56.12,4.52124430,1
1505748546,21776491,56.12,6.54809038,1
1505748544,21776486,56.12,0.06039236,0
1505748541,21776470,55.99,13.33330000,1
1505748531,21776460,55.95,2.24650000,1
1505748519,21776432,56.01,27.36520000,1
1505748517,21776426,55.98,0.00207000,0
1505748510,21776405,55.98,49.79793000,0
1505748510,21776403,55.97,0.00207000,0
1505748510,21776400,55.97,1.78793000,1
1505748510,21776398,55.97,12.24207000,0
1505748508,21776395,55.97,1.78793000,0
1505748481,21776338,55.99,1.78730000,0
1505748447,21776301,55.99,1.78617000,0
1505748424,21776283,56.00,93.90053571,0
1505748423,21776280,55.99,14.03000000,1
1505748422,21776266,55.99,14.03000000,0
1505748422,21776263,55.99,48.21433000,0
1505748415,21776235,55.99,1.78567000,0
1505748401,21776217,55.99,27.31759400,0
1505748388,21776181,56.12,1.46932176,0
1505748383,21776166,56.12,1.47028588,0
1505748379,21776156,56.09,73.65591014,0
1505748379,21776155,56.00,1.47792781,0
1505748378,21776152,55.99,1.00000000,0
1505748378,21776150,55.96,1.48331556,0
1505748377,21776146,55.94,0.14264256,0
1505748377,21776145,55.94,1.48363415,0
1505748377,21776144,55.94,1.33892348,0
1505748376,21776143,55.94,0.00234927,0
1505748371,21776127,55.92,85.88023498,0
1505748370,21776126,55.92,11.52197407,0
1505748369,21776120,55.70,34.38000000,0
1505748368,21776119,55.70,54.77000000,0
1505748368,21776117,55.74,10.85000000,1
1505748368,21776116,55.92,1.46437118,1
1505748368,21776115,55.93,1.13341977,1
1505748358,21776073,55.93,0.34000000,0
1505748351,21776064,55.86,0.13658278,0
1505748351,21776063,55.86,1.34929547,0
1505748350,21776060,55.86,3.80800000,0
1505748350,21776059,55.86,1.98091524,0
1505748350,21776058,55.86,1.48439100,0
1505748350,21776056,55.86,0.16469376,0
1505748350,21776055,55.86,3.08285624,0
1505748350,21776054,55.86,2.88614376,0
1505748349,21776053,55.86,2.99200000,0
1505748349,21776052,55.86,11.56800000,0
1505748349,21776051,55.86,1.47800000,0
1505748349,21776050,55.86,1.48608626,0
1505748349,21776049,55.76,0.00866898,0
1505748335,21776030,55.71,1.48717301,0
1505748335,21776029,55.71,18.10000000,0
1505748335,21776027,55.71,20.98400000,0
1505748335,21776026,55.71,7.61886431,0
1505748332,21776006,55.71,0.98386800,0
1505748331,21775964,55.71,40.79726769,0
1505748331,21775954,55.71,7.69316531,0
1505748330,21775946,55.71,30.01851300,0
1505748330,21775945,55.71,9.43250300,0
1505748321,21775931,55.71,24.02681869,0
1505748321,21775930,55.69,3.27291631,0
1505748321,21775929,55.69,10.42053000,0
1505748320,21775928,55.69,12.94109500,0
1505748319,21775921,55.69,18.78249500,0
1505748307,21775890,55.69,16.23047300,0
1505748306,21775882,55.69,0.38348300,0
1505748303,21775876,55.69,6.59894500,0
1505748301,21775870,55.69,0.54417300,0
1505748299,21775864,55.69,1.37690644,0
1505748295,21775848,55.69,1.76059000,0
1505748274,21775730,55.69,7.39175113,0
1505748273,21775729,55.60,11.25301787,0
1505748273,21775726,55.60,16.71354400,0
1505748272,21775724,55.60,28.64451400,0
1505748265,21775700,55.60,8.41544000,0
1505748265,21775699,55.60,5.08011788,0
1505748264,21775696,55.59,1.97801931,0
1505748263,21775688,55.59,4.57717729,0
1505748262,21775681,55.59,4.57717729,0
1505748258,21775650,55.59,1.66781055,0
1505748254,21775615,55.59,13.50602400,0
1505748252,21775605,55.59,1.48331556,0
1505748252,21775603,55.59,13.43214600,0
1505748251,21775598,55.52,2.74881000,1
1505748250,21775594,55.59,47.23472800,0
1505748249,21775588,55.59,40.34920400,0
1505748246,21775579,55.59,14.47215000,0
1505748245,21775575,55.59,7.19342600,0
1505748245,21775574,55.59,49.12782200,0
1505748229,21775530,55.60,17.66300000,0
1505748223,21775510,55.60,10.61036625,0
1505748211,21775478,55.69,21.29664212,0
1505748211,21775477,55.68,2.58000000,0
1505748209,21775471,55.60,11.98458775,0
1505748205,21775461,55.60,3.78039568,0
1505748204,21775458,55.60,2.73143000,0
1505748204,21775456,55.51,3.86753300,0
1505748204,21775455,55.51,9.04143100,0
1505748188,21775425,55.51,1.59867800,0
1505748186,21775423,55.51,32.91077300,0
1505748186,21775422,55.50,10.93000000,0
1505748137,21775280,55.38,60.42170600,0
1505748137,21775277,55.37,9.42329400,0
1505748102,21775195,55.22,8.50103971,0
1505748088,21775170,55.22,6.90149000,0
1505748087,21775167,55.22,14.44115800,0
1505748086,21775166,55.22,7.96050200,0
1505748085,21775165,55.22,8.50104000,0
1505748068,21775152,55.16,2.43645100,1
1505748068,21775151,55.16,0.18129079,1
1505748066,21775149,55.22,8.72430000,0
1505748064,21775144,55.22,2.92707100,0
1505748058,21775131,55.22,5.62422500,0
1505748057,21775130,55.22,6.90387800,0
1505748057,21775128,55.22,18.04400000,0
1505748040,21775101,55.22,18.07180400,0
1505748040,21775100,55.21,8.34333700,0
1505748034,21775096,55.21,37.16568500,0
1505748033,21775095,55.21,34.69943100,0
1505748026,21775088,55.21,0.72390300,0
1505748021,21775076,55.21,18.76662400,0
1505748020,21775074,55.21,20.56020400,0
1505748015,21775066,55.21,7.22818000,0
1505748015,21775064,55.21,10.32017600,0
1505748009,21775062,55.21,0.23500700,0
1505748007,21775059,55.21,1.00000000,0
1505747999,21775048,55.21,6.99025100,0
1505747998,21775046,55.21,0.25000000,0
1505747989,21775034,55.21,36.06093200,0
1505747981,21775022,55.21,0.64123500,0
1505747979,21775018,55.21,1.76503500,0
1505747973,21775009,55.21,0.25000000,0
1505747959,21774993,55.22,12.33650071,0
1505747959,21774992,55.10,14.96038829,0
1505747955,21774988,55.22,21.73411700,0
1505747953,21774974,55.22,18.49304600,0
1505747953,21774973,55.22,54.03069800,0
1505747944,21774947,55.06,37.22387465,1
1505747928,21774932,55.22,3.33486200,0
1505747924,21774930,55.21,4.73636500,0
1505747905,21774892,55.22,2.00000000,1
1505747774,21774748,55.44,6.70000000,1
1505747624,21774563,55.24,4.42321014,1
1505747524,21774209,55.22,99.81923355,1
1505747524,21774208,55.32,0.18076645,1
1505747506,21774163,55.41,9.91999500,0
1505747506,21774162,55.41,6.05246200,0
1505747474,21774058,55.15,1.00000000,1
1505747431,21773989,55.06,47.84730391,0
1505747431,21773985,55.17,0.18125793,1
1505747431,21773984,55.39,27.97143816,1
1505747428,21773982,55.39,7.82000000,1
1505747416,21773960,55.39,9.30000000,0
1505747386,21773895,55.16,1.39644699,1
1505747386,21773893,55.32,1.48717301,1
1505747384,21773881,55.40,0.25155280,1
1505747383,21773875,55.40,55.08000000,0
1505747383,21773874,55.37,1.50036153,0
1505747343,21773648,55.50,15.46161031,1
1505747338,21773616,55.50,4.53838969,1
1505747311,21773392,55.55,0.14264256,1
1505747296,21773274,55.56,0.13658278,1
1505747294,21773254,55.56,1.34929547,1
1505747292,21773231,55.56,1.48363415,1
1505747289,21773208,55.55,1.33892348,1
1505747283,21773153,55.34,0.59797500,0
1505747260,21772989,55.34,0.90115649,0
1505747248,21772946,55.22,53.47087700,0
1505747247,21772933,55.23,7.92000000,0
1505747237,21772908,55.02,89.00000000,1
1505747221,21772862,55.27,7.83689100,0
1505747212,21772854,54.99,50.77673864,1
1505747212,21772853,55.00,5.15526136,1
1505747212,21772852,55.03,33.06800000,1
1505747202,21772825,55.00,199.59900000,0
1505747196,21772810,55.06,1.51376983,0
1505747196,21772808,55.05,1.50909090,0
1505747184,21772775,54.90,69.00000000,1
1505747157,21772696,54.89,15.53000000,0
1505747143,21772644,54.70,1.51764490,1
1505747137,21772626,54.67,55.14443014,1
1505747137,21772625,54.68,44.85556986,1
1505747129,21772603,54.61,25.07683438,1
1505747129,21772602,54.61,1.50991449,1
1505747129,21772601,54.62,3.00000000,1
1505747129,21772600,54.71,1.50689905,1
1505747129,21772599,54.74,1.50635208,1
1505747129,21772597,54.82,3.00000000,1
1505747120,21772563,54.99,2.77617912,0
1505747067,21772436,54.86,82.22931003,0
1505747050,21772393,54.86,1.01294203,0
1505747049,21772389,54.86,0.50000000,1
1505747045,21772373,54.97,198.50630626,1
1505747044,21772372,54.98,21.08600000,1
1505747039,21772321,55.11,0.88384600,0
1505747039,21772312,55.11,10.03410600,0
1505747035,21772305,55.11,12.38239300,0
1505747032,21772280,55.11,3.41873692,0
1505747032,21772278,55.10,1.50635208,0
1505747029,21772269,55.11,2.70893000,0
1505747028,21772267,55.10,0.70348000,0
1505747028,21772266,55.10,2.29652000,1
1505747025,21772262,55.01,3.54882000,0
1505747023,21772256,55.03,1.25118000,0
1505747022,21772255,55.00,36.50086851,1
1505747022,21772253,55.03,1.49913149,1
1505747019,21772230,55.06,0.16831356,1
1505747019,21772227,55.06,1.33640000,1
1505747019,21772225,55.08,2.44000000,1
1505747015,21772216,55.19,10.95090000,0
1505747008,21772194,55.09,1.50689905,1
1505747005,21772189,55.17,1.48674041,1
1505747000,21772179,55.18,14.72300000,1
1505746979,21772124,55.19,10.00000000,1
1505746962,21772097,55.39,8.89138012,0
1505746933,21772046,55.45,8.07420362,0
1505746926,21772028,55.38,9.99300489,0
1505746923,21772012,55.38,4.59637815,0
1505746922,21772003,55.37,2.42187000,0
1505746921,21771994,55.38,9.99300489,0
1505746915,21771982,55.44,4.52155600,0
1505746911,21771975,55.44,0.13143581,0
1505746911,21771974,55.44,0.16831356,0
1505746906,21771957,55.44,1.33640000,0
1505746900,21771929,55.43,33.25005265,0
1505746895,21771918,55.46,1.48608626,0
1505746894,21771911,55.00,18.99582335,0
1505746893,21771908,55.00,21.14425600,0
1505746893,21771906,55.00,1.80135000,0
1505746893,21771905,55.00,22.84955900,1
1505746893,21771904,55.00,12.20901165,1
1505746892,21771902,55.00,16.81933335,0
1505746892,21771901,55.00,11.55436700,0
1505746892,21771899,55.00,174.40400000,0
1505746892,21771897,55.00,1.00579700,0
1505746892,21771896,55.00,9.03383200,0
1505746892,21771895,55.00,59.50000000,0
1505746892,21771894,55.00,1.31897300,0
1505746891,21771893,55.00,1.04933700,0
1505746891,21771892,55.00,0.63279505,0
1505746891,21771891,55.00,0.61872085,0
1505746890,21771882,54.97,1.50991449,1
1505746889,21771879,55.00,2.17000000,0
1505746889,21771878,55.00,10.40000000,0
1505746889,21771874,55.00,109.00000000,0
1505746888,21771873,55.00,10.88000000,0
1505746887,21771869,55.00,1.11048000,0
1505746887,21771868,55.00,1.64633593,0
1505746886,21771865,55.00,90.00000000,1
1505746886,21771863,55.00,0.50000000,1
1505746886,21771861,55.01,2.45000000,1
1505746886,21771860,55.02,3.00000000,1
1505746886,21771859,55.05,117.00000000,1
1505746886,21771856,55.08,1.49684400,1
1505746885,21771855,55.08,1.09923053,1
1505746885,21771854,55.09,4.28747996,1
1505746885,21771853,55.15,121.00000000,1
1505746885,21771852,55.22,1.18232407,1
1505746885,21771851,55.22,0.31048168,1
1505746885,21771850,55.22,1.49954832,1
1505746885,21771849,55.24,1.49253731,1
1505746885,21771848,55.29,29.30674625,1
1505746884,21771847,55.30,49.75000000,1
1505746884,21771846,55.31,1.49280575,1
1505746884,21771844,55.32,12.11000000,1
1505746884,21771842,55.33,0.00000042,1
1505746884,21771841,55.33,1.49846500,1
1505746884,21771840,55.34,2.42000000,1
1505746884,21771839,55.46,1.48745484,1
1505746884,21771838,55.50,22.47211069,1
1505746873,21771761,55.50,0.00000153,0
1505746873,21771759,55.50,27.59011000,0
1505746871,21771756,55.52,22.23000000,1
1505746871,21771755,55.59,0.17988847,1
1505746789,21771581,55.50,73.41692037,0
1505746787,21771572,55.50,93.96517764,0
1505746786,21771571,55.50,0.50050574,0
1505746786,21771570,55.50,0.50000000,1
1505746786,21771569,55.50,4.00000000,1
1505746786,21771568,55.51,13.16000000,1
1505746786,21771567,55.52,1.48852223,1
1505746785,21771566,55.56,2.50225564,1
1505746785,21771564,55.57,5.96888700,1
1505746785,21771562,55.58,48.73900000,1
1505746785,21771561,55.60,1.74101000,1
1505746785,21771560,55.63,67.04100000,1
1505746785,21771559,55.64,0.17972682,1
1505746765,21771541,55.60,1.74100871,0
1505746744,21771516,55.58,48.34072919,0
1505746744,21771515,55.59,1.49280000,1
1505746744,21771514,55.59,1.49954300,1
1505746744,21771513,55.59,34.18900000,0
1505746743,21771507,55.70,1.47792781,1
1505746685,21771437,55.84,1.47253438,1
1505746685,21771436,55.85,20.84509165,1
1505746684,21771435,55.86,21.17065406,1
1505746625,21771369,55.85,0.82094897,0
1505746624,21771366,55.85,0.17905103,1
1505746564,21771279,55.75,50.00000000,1
1505746483,21771189,55.69,36.61484412,0
1505746481,21771186,55.86,5.38515588,1
1505746479,21771185,55.99,1.47449630,0
1505746478,21771183,55.99,32.67637078,0
1505746478,21771182,55.90,0.88222924,0
1505746478,21771181,55.90,0.60000000,0
1505746476,21771176,55.89,1.48852223,0
1505746388,21771079,55.86,4.18000000,1
1505746386,21771078,55.86,12.00000000,1
1505746383,21771076,55.86,12.00000000,0
1505746383,21771075,55.85,16.43484412,0
1505746369,21771061,55.85,8.40991100,0
1505746357,21771040,55.61,1.49253731,0
1505746355,21771031,55.88,75.03364352,1
1505746354,21771029,55.76,14.26000000,0
1505746340,21770972,55.75,1.22570958,0
1505746339,21770971,55.70,0.00000042,0
1505746304,21770888,55.57,2.69768100,1
1505746304,21770887,55.60,1.18231900,1
1505746294,21770851,55.70,1.49846500,0
1505746288,21770837,55.69,4.24261125,1
1505746288,21770835,55.68,1.49280575,0
1505746282,21770817,55.30,1.50090415,1
1505746275,21770793,55.60,1.18232407,0
1505746268,21770775,55.60,0.31048168,0
1505746268,21770774,55.59,1.49954832,0
1505746263,21770754,55.56,1.49280600,0
1505746258,21770721,55.56,2.48504206,0
1505746257,21770719,55.56,2.88883665,0
1505746255,21770713,55.56,1.49954800,0
1505746251,21770691,55.56,13.60007199,0
1505746237,21770635,55.55,16.59065400,1
1505746235,21770621,55.55,43.57582500,0
1505746233,21770603,55.21,1.50335084,1
1505746230,21770584,55.21,1.50335084,1
1505746230,21770581,55.21,0.14759147,0
1505746229,21770576,55.35,2.54814448,0
1505746228,21770572,55.60,0.73093329,1
1505746226,21770571,55.60,1.24400405,1
1505746226,21770570,55.62,3.88000000,1
1505746224,21770568,55.10,67.06481433,1
1505746224,21770567,55.10,2.00000000,1
1505746224,21770564,55.20,105.00000000,1
1505746224,21770563,55.20,11.00417500,0
1505746223,21770560,55.22,1.49280575,1
1505746223,21770559,55.22,3.00000000,1
1505746223,21770558,55.31,1.49012567,1
1505746223,21770556,55.31,114.00000000,1
1505746222,21770555,55.31,111.00000000,0
1505746222,21770553,55.31,47.55600000,0
1505746222,21770551,55.32,10.00000000,1
1505746221,21770547,55.41,100.00000000,1
1505746221,21770544,55.42,3.00000000,1
1505746221,21770543,55.45,0.05467432,1
1505746220,21770541,55.45,1.43224793,1
1505746220,21770539,55.45,7.90515700,1
1505746220,21770538,55.50,114.00000000,1
1505746214,21770519,55.45,40.59799900,1
1505746214,21770517,55.45,1.49684400,1
1505746212,21770510,55.56,0.88222924,1
1505746212,21770504,55.45,0.60000000,0
1505746211,21770501,55.45,1.48692225,1
1505746211,21770499,55.50,106.00000000,1
1505746211,21770497,55.50,0.50000000,1
1505746211,21770495,55.55,12.63199200,1
1505746211,21770494,55.55,100.00000000,1
1505746209,21770490,55.56,23.16003434,1
1505746209,21770489,55.60,50.00000000,1
1505746209,21770488,55.60,50.50913848,1
1505746208,21770487,55.66,3.04274418,1
1505746208,21770482,55.66,1.49280575,1
1505746206,21770476,55.61,1.48000000,1
1505746206,21770474,55.62,1.51999968,1
1505746205,21770464,55.62,1.48000032,1
1505746205,21770463,55.65,1.47108068,1
1505746204,21770455,55.72,9.43977575,1
1505746204,21770454,55.72,1.48692225,1
1505746175,21770342,55.82,0.05467432,0
1505746173,21770329,55.82,1.43224793,0
1505746168,21770294,55.70,1.49012567,1
1505746165,21770284,55.70,68.02043556,1
1505746164,21770281,55.74,1.46902654,1
1505746164,21770280,55.79,105.00000000,0
1505746163,21770278,55.80,0.57543860,1
1505746163,21770276,55.80,1.49974937,1
1505746163,21770275,55.80,1.38220551,1
1505746163,21770272,55.82,1.05314442,1
1505746162,21770269,55.82,0.45993333,1
1505746161,21770259,55.82,1.48692225,1
1505746161,21770251,56.00,6.53006667,0
1505746160,21770243,55.95,1.47345996,1
1505746159,21770242,55.96,0.52654004,1
1505746159,21770241,56.00,0.50000000,1
1505746157,21770228,56.01,1.19592800,1
1505746130,21770008,56.01,0.00000047,1
1505746125,21769975,56.01,17.18957000,1
1505746125,21769969,56.01,2.00000000,1
1505746112,21769892,56.01,54.81042953,1
1505746103,21769834,56.23,0.00000009,1
1505746086,21769760,56.23,1.46643100,1
1505746084,21769753,56.33,0.52654004,1
1505746082,21769739,56.33,1.47345996,1
1505746080,21769732,56.39,1.44450995,1
1505746080,21769731,56.39,0.00000028,1
1505746079,21769723,56.40,1.46222189,1
1505746066,21769682,56.50,3.41042554,1
1505746065,21769681,56.50,28.59145000,1
1505746065,21769678,56.50,19.82335000,1
1505746063,21769657,56.50,47.30542200,1
1505746057,21769636,56.50,1.44451000,1
1505746056,21769628,56.50,5.58840300,1
1505746050,21769611,56.50,17.02246500,1
1505746049,21769610,56.50,6.18137100,1
1505746049,21769609,56.50,3.46643100,1
1505746049,21769607,56.50,8.95744300,1
1505746047,21769592,56.50,2.57000000,1
1505746044,21769574,56.50,23.87566900,1
1505746044,21769573,56.50,8.83795100,1
1505746044,21769571,56.50,15.68060800,1
1505746043,21769560,56.50,7.51000000,1
1505746042,21769559,56.50,5.59871000,1
1505746038,21769534,56.50,2.00000000,1
1505746037,21769531,56.50,1.44400808,1
1505746037,21769530,56.57,0.00050192,1
1505746033,21769512,56.57,13.24111720,1
1505746032,21769502,56.50,21.16852100,1
1505746031,21769499,56.50,15.58502300,1
1505746028,21769492,56.50,81.41921700,1
1505746019,21769470,56.50,0.17137900,1
1505746017,21769459,56.50,100.00000000,1
1505746017,21769458,56.50,7.92900000,1
1505746016,21769455,56.50,14.81500000,1
1505746015,21769453,56.50,5.14500000,1
1505746010,21769446,56.50,49.76396000,1
1505746009,21769444,56.50,10.95600000,1
1505746009,21769441,56.50,5.44115800,1
1505746008,21769440,56.50,3.22544200,1
1505746007,21769437,56.50,3.54839400,1
1505745961,21769368,56.50,2.56000000,1
1505745902,21769192,56.50,70.09000000,1
1505745902,21769191,56.51,22.91000000,1
1505745898,21769188,56.50,207.00000000,1
1505745766,21768992,56.65,8.80847308,0
1505745763,21768990,56.50,1.77491103,1
1505745710,21768862,56.50,177.70000000,1
1505745706,21768848,56.50,6.20442500,1
1505745704,21768835,56.50,107.45370100,1
1505745704,21768834,56.50,177.70000000,1
1505745701,21768822,56.50,9.93280000,1
1505745698,21768805,56.50,6.43137800,1
1505745695,21768796,56.50,15.93959800,1
1505745695,21768795,56.50,8.83000000,1
1505745694,21768781,56.50,10.00000000,1
1505745694,21768778,56.50,9.47058000,1
1505745690,21768764,56.50,26.89710000,1
1505745683,21768739,56.50,5.02143200,1
1505745680,21768727,56.50,1.94461000,1
1505745680,21768725,56.50,82.95760600,1
1505745676,21768712,56.50,22.53232600,1
1505745672,21768704,56.50,58.12038700,1
1505745670,21768694,56.50,16.22750293,1
1505745665,21768682,56.50,7.49685500,1
1505745664,21768677,56.50,3.27433900,1
1505745662,21768670,56.50,0.86820300,1
1505745662,21768661,56.50,87.68000000,1
1505745656,21768617,56.50,0.66180000,1
1505745655,21768614,56.50,12.04820000,1
1505745648,21768593,56.50,29.66285200,1
1505745646,21768575,56.50,70.76985700,1
1505745646,21768572,56.50,2.56000000,1
1505745645,21768568,56.50,5.52761062,1
1505745644,21768563,56.50,20.00000000,1
1505745643,21768559,56.51,19.00983100,1
1505745626,21768490,56.50,40.04720500,1
1505745625,21768479,56.50,224.00000000,1
1505745624,21768477,56.50,69.20151100,1
1505745623,21768471,56.50,187.23054800,1
1505745559,21768221,56.75,41.74572687,0
1505745554,21768199,56.50,1.11000000,1
1505745553,21768197,56.50,1.46902654,1
1505745553,21768193,56.51,8.89000000,0
1505745549,21768189,56.50,4.87500000,1
1505745543,21768178,56.50,178.25232526,1
1505745543,21768177,56.50,15.00000000,1
1505745543,21768176,56.51,10.29000000,1
1505745543,21768175,56.56,0.93117474,1
1505745543,21768174,56.56,0.52650000,1
1505745507,21768139,56.73,10.10000000,0
1505745486,21768115,56.60,1.46643109,1
1505745483,21768110,56.60,20.67632264,1
1505745483,21768109,56.70,2.61774179,1
1505745483,21768108,56.70,25.25187294,1
1505745481,21768107,56.71,1.45406263,1
1505745479,21768102,56.73,16.60381392,1
1505745478,21768101,56.73,71.17060720,1
1505745417,21767992,56.90,8.82612500,0
1505745397,21767948,56.90,1.44902234,1
1505745315,21767828,57.05,0.60140000,0
1505745309,21767824,57.05,1.01402279,0
1505745202,21767709,56.94,0.93117474,0
1505745194,21767707,56.93,0.52650000,1
1505745192,21767705,56.94,0.52650000,1
1505745186,21767702,57.14,0.17500875,1
1505745113,21767623,57.15,1.44180192,1
1505745113,21767622,57.15,1.44375208,1
1505745025,21767539,57.25,6.98110000,1
1505745009,21767506,57.25,9.98000000,1
1505744926,21767393,57.46,1.43665924,0
1505744794,21767313,57.18,0.00000015,0
1505744791,21767308,57.18,10.93713300,0
1505744791,21767307,57.18,3.45737700,0
1505744791,21767306,57.17,0.52580000,0
1505744683,21767178,57.18,1.00000000,1
1505744635,21767118,56.99,1.67242882,1
1505744635,21767117,57.00,2.60000000,1
1505744635,21767116,57.07,1.44523768,1
1505744635,21767115,57.08,0.88523350,1
1505744635,21767114,57.10,13.00000000,1
1505744635,21767113,57.18,0.52580000,1
1505744632,21767107,57.39,9.60143740,1
1505744628,21767097,57.38,38.83049086,0
1505744562,21766991,57.08,0.55126199,1
1505744562,21766990,57.12,14.36000000,1
1505744562,21766989,57.19,1.43803801,1
1505744560,21766988,57.46,16.37869822,1
1505744558,21766986,57.45,0.99000000,0
1505744555,21766982,57.44,0.15477019,0
1505744552,21766967,57.41,1.69370000,1
1505744543,21766953,57.42,2.07637800,1
1505744479,21766855,57.24,21.79440000,1
1505744479,21766854,57.46,9.88928332,1
1505744478,21766853,57.45,1.44523768,0
1505744460,21766825,57.28,1.44902234,0
1505744446,21766816,57.33,0.78950000,1
1505744426,21766801,57.46,0.00653079,0
1505744422,21766798,57.39,49.90000000,1
1505744410,21766789,57.37,0.67208693,1
1505744410,21766788,57.40,0.09704297,1
1505744410,21766786,57.42,0.02037010,1
1505744352,21766738,57.42,9.97410000,1
1505744348,21766736,57.42,0.00552990,0
1505744283,21766693,57.40,48.45690000,1
1505744269,21766658,57.40,1.44605703,0
1505744265,21766655,57.24,2.50000000,1
1505744252,21766643,57.39,6.26715261,0
1505744225,21766617,57.31,5.05972466,0
1505744223,21766613,57.31,1.44027534,0
1505744220,21766600,57.22,0.00000061,1
1505744220,21766596,57.22,0.79425781,0
1505744219,21766592,57.22,0.65070000,0
1505744219,21766590,57.20,1.37715458,0
1505744191,21766518,57.17,1.79339966,0
1505744142,21766451,57.17,1.44351338,0
1505744136,21766449,57.17,11.76308696,0
1505744136,21766448,57.11,11.00000000,0
1505744135,21766447,57.09,0.00000039,0
1505744134,21766446,57.09,0.00644097,0
1505744110,21766370,57.08,1.02164000,1
1505743935,21766020,56.93,5.51987900,1
1505743926,21766015,57.07,25.91314873,1
1505743926,21766014,57.07,2.58039000,1
1505743924,21766013,57.06,25.72200000,0
1505743878,21765977,56.93,22.10720200,1
1505743877,21765976,56.95,12.33283900,1
1505743771,21765930,56.70,64.10682086,1
1505743769,21765917,56.77,19.45117914,1
1505743760,21765903,56.78,8.67000000,0
1505743626,21765791,56.70,7.52578256,1
1505743616,21765759,56.77,0.66617000,0
1505743603,21765733,56.77,0.00000039,1
1505743591,21765716,56.77,1.45249800,1
1505743576,21765698,56.83,1.71498493,1
1505743486,21765598,56.90,0.79425781,1
1505743486,21765597,56.93,0.69802899,1
1505743485,21765595,56.93,17.53700000,1
1505743470,21765587,56.93,2.50924300,1
1505743466,21765585,56.93,29.10422000,1
1505743455,21765573,56.93,0.16807600,1
1505743234,21765361,56.90,0.65070000,1
1505743231,21765343,57.12,17.69197521,1
1505743090,21764993,57.06,25.10034000,1
1505743078,21764974,57.37,1.43891302,0
1505743073,21764971,57.39,5.09079214,1
1505743073,21764970,57.24,1.45010824,0
1505743071,21764969,57.19,1.65105257,0
1505743069,21764968,57.06,74.36478862,1
1505743069,21764967,57.07,13.05000000,1
1505743052,21764946,57.18,1.44355740,0
1505743051,21764945,57.19,1.97000006,0
1505743051,21764944,57.09,2.52999994,0
1505743039,21764939,57.05,20.00000000,0
1505743025,21764923,57.00,18.57552223,0
1505743015,21764904,56.98,38.11539794,0
1505742982,21764851,56.90,5.97139007,0
1505742980,21764843,56.89,1.17975024,1
1505742973,21764835,56.90,1.71499000,0
1505742953,21764794,56.90,10.00000000,0
1505742950,21764793,56.89,0.52980000,1
1505742935,21764744,56.71,59.31873900,1
1505742935,21764742,56.71,3.71025000,1
1505742934,21764739,56.74,14.50000000,1
1505742885,21764644,56.70,3.11552364,1
1505742885,21764643,56.73,2.33000000,1
1505742884,21764638,56.74,15.84882372,1
1505742884,21764637,56.90,100.00000000,1
1505742884,21764636,56.91,1.45010824,0
1505742882,21764634,56.91,11.60000000,1
1505742862,21764617,56.91,11.95232253,1
1505742862,21764616,57.00,0.78767747,1
1505742795,21764556,56.91,41.08056000,0
1505742784,21764550,57.10,0.00000006,1
1505742772,21764538,57.11,9.93511400,1
1505742767,21764534,57.11,4.32238900,1
1505742752,21764514,57.19,225.40281435,1
1505742751,21764510,57.19,20.50847500,1
1505742751,21764509,57.19,71.58818600,1
1505742750,21764508,57.19,9.81094800,1
1505742749,21764507,57.19,6.44614600,1
1505742749,21764505,57.19,34.00000000,1
1505742748,21764502,57.19,65.75274500,1
1505742746,21764496,57.19,65.72792447,1
1505742731,21764479,57.10,4.99999994,1
1505742731,21764478,57.11,1.44330503,1
1505742731,21764477,57.15,1.44330503,1
1505742709,21764439,57.19,0.52980000,0
1505742708,21764437,57.19,23.26661000,1
1505742700,21764427,57.20,48.23049900,1
1505742692,21764420,57.20,122.84250000,1
1505742688,21764417,57.20,0.67920100,1
1505742682,21764416,57.20,28.24780000,1
1505742665,21764402,57.36,8.56992592,1
1505742664,21764401,57.34,2.46000000,0
1505742664,21764400,57.30,23.00000000,0
1505742659,21764369,57.12,1.91349000,1
1505742638,21764344,57.38,0.49929677,1
1505742638,21764343,57.38,0.93942306,1
1505742637,21764340,57.49,15.20315011,0
1505742637,21764339,57.49,5.41000000,1
1505742637,21764338,57.41,2.47000000,0
1505742635,21764333,57.20,1.21771438,0
1505742632,21764328,57.20,48.78228562,1
1505742632,21764327,57.20,10.70250300,1
1505742626,21764319,57.20,5.00000000,1
1505742615,21764305,57.20,2.97000000,1
1505742610,21764300,57.21,12.90600000,1
1505742608,21764292,57.21,15.87100000,1
1505742596,21764252,57.24,8.24341871,1
1505742585,21764237,57.46,5.01688131,0
1505742574,21764218,57.21,1.28223178,1
1505742574,21764217,57.22,1.43896822,1
1505742562,21764199,57.48,2.00000000,0
1505742556,21764183,57.48,5.00000000,0
1505742556,21764178,57.27,1.66177755,0
1505742553,21764168,57.23,1.82946500,1
1505742552,21764165,57.49,1.43421421,0
1505742533,21764068,57.49,93.31000000,0
1505742533,21764067,57.49,6.69000000,0
1505742527,21764056,57.50,7.00000000,0
1505742526,21764055,57.20,19.96000000,1
1505742519,21764049,57.50,192.05000000,0
1505742518,21764048,57.49,7.95000000,0
1505742507,21764039,57.47,1.43450517,0
1505742494,21764016,57.50,110.89137958,0
1505742494,21764014,57.50,5.00000000,0
1505742494,21764013,57.49,98.00000000,0
1505742494,21764012,57.49,0.51773400,0
1505742493,21764011,57.47,9.72000000,0
1505742493,21764010,57.47,1.44431378,0
1505742493,21764008,57.45,1.44486310,0
1505742493,21764007,57.43,25.65770954,0
1505742493,21764006,57.41,73.00000000,0
1505742493,21764005,57.40,174.32400000,0
1505742463,21763970,57.43,1.43617280,0
1505742463,21763969,57.43,1.43580598,0
1505742461,21763962,57.43,21.47031168,0
1505742461,21763961,57.41,1.00000000,0
1505742461,21763960,57.39,1.44641906,0
1505742461,21763959,57.39,1.44637595,0
1505742460,21763958,57.38,11.54000000,0
1505742460,21763957,57.38,1.44659274,0
1505742460,21763956,57.38,1.42844357,0
1505742460,21763955,57.38,0.01828957,0
1505742460,21763954,57.38,0.51979200,0
1505742460,21763953,57.37,1.42670692,0
1505742460,21763952,57.37,0.00966257,0
1505742459,21763951,57.37,0.01038538,0
1505742459,21763948,57.36,1.07308827,0
1505742459,21763947,57.36,0.37401160,0
1505742459,21763946,57.35,1.44731964,0
1505742459,21763944,57.35,0.00608387,0
1505742459,21763943,57.35,1.44131541,0
1505742458,21763942,57.34,1.44764615,0
1505742458,21763941,57.33,1.44776747,0
1505742458,21763940,57.33,0.00806319,0
1505742458,21763939,57.33,1.43971273,0
1505742458,21763938,57.32,1.44701300,0
1505742457,21763937,57.32,3.00000000,0
1505742457,21763936,57.30,15.00000000,0
1505742457,21763935,57.30,1.42798459,0
1505742457,21763934,57.30,0.02068341,0
1505742457,21763933,57.30,1.44867072,0
1505742457,21763931,57.29,1.43184621,0
1505742456,21763930,57.29,0.01697344,0
1505742456,21763929,57.29,0.00778183,0
1505742456,21763928,57.27,0.73420000,0
1505742456,21763927,57.24,0.72644654,0
1505742454,21763926,57.23,11.26193100,0
1505742442,21763907,57.22,100.00000000,0
1505742244,21763531,57.06,9.79371550,1
1505742223,21763502,57.23,10.73806900,0
1505742218,21763490,57.22,10.74000000,0
1505742158,21763410,57.23,0.61348943,0
1505742095,21763352,57.01,18.45683843,0
1505742085,21763342,57.01,16.70221978,0
1505742083,21763339,57.01,10.30398175,0
1505742080,21763332,57.01,1.74969304,0
1505742074,21763316,57.01,14.50000000,0
1505742071,21763310,57.01,36.84025400,0
1505742064,21763299,57.01,1.44701300,1
1505742054,21763280,57.19,53.90627732,1
1505742052,21763278,57.18,15.87133900,0
1505742016,21763221,57.05,1.41266700,0
1505742016,21763219,57.06,4.37000000,1
1505742016,21763218,57.06,10.11997800,1
1505742014,21763212,57.06,4.38002200,1
1505742010,21763204,57.20,6.97552447,0
1505741993,21763181,57.05,5.50824700,1
1505741966,21763143,57.05,14.45867200,0
1505741963,21763137,57.05,5.23106600,1
1505741830,21762929,57.15,1.45188523,1
1505741830,21762928,57.15,1.45163063,1
1505741830,21762927,57.19,6.85964568,1
1505741803,21762800,57.19,13.66078200,1
1505741788,21762760,57.20,26.76919213,1
1505741787,21762755,57.20,1.73143500,1
1505741774,21762699,57.23,50.00000000,0
1505741763,21762659,57.24,1.84888190,0
1505741759,21762642,57.24,10.00000000,0
1505741755,21762617,57.24,0.11967156,0
1505741731,21762546,57.20,43.83276838,1
1505741712,21762493,57.20,79.11980500,1
1505741711,21762491,57.20,51.44459800,1
1505741711,21762487,57.20,5.64401400,1
1505741711,21762486,57.20,2.52531800,1
1505741711,21762485,57.20,10.23043000,1
1505741710,21762484,57.20,14.09000000,1
1505741708,21762471,57.20,28.20000000,1
1505741708,21762465,57.20,2.52531800,1
1505741708,21762464,57.20,7.12765900,1
1505741698,21762414,57.20,216.00000000,1
1505741693,21762405,57.24,98.22567894,1
1505741693,21762404,57.26,49.95005239,0
1505741670,21762349,57.20,175.99428464,1
1505741670,21762347,57.21,15.36000000,1
1505741670,21762345,57.22,1.44117388,1
1505741670,21762343,57.23,6.43021834,1
1505741669,21762341,57.25,8.77432314,1
1505741658,21762288,57.23,2.00000000,1
1505741650,21762281,57.28,1.43189282,1
1505741635,21762265,57.20,18.60185918,1
1505741635,21762264,57.21,12.07377982,1
1505741635,21762263,57.21,4.89622018,1
1505741635,21762262,57.21,1.45068185,1
1505741635,21762260,57.22,1.45084154,1
1505741635,21762259,57.27,0.91775843,1
1505741627,21762250,57.27,0.52185000,0
1505741625,21762245,57.25,0.00077146,0
1505741625,21762244,57.25,0.46010000,0
1505741625,21762243,57.25,0.52802400,0
1505741625,21762242,57.25,0.46100000,0
1505741625,21762240,57.25,0.29610165,0
1505741622,21762234,57.25,1.15380838,0
1505741621,21762232,57.25,0.00000026,0
1505741621,21762231,57.23,0.00171764,0
1505741619,21762225,57.23,1.15552628,0
1505741617,21762220,57.23,0.29314868,0
1505741617,21762219,57.23,0.32598629,0
1505741617,21762218,57.22,1.15724392,0
1505741617,21762217,57.22,0.29343793,0
1505741617,21762216,57.21,1.44263737,0
1505741617,21762215,57.21,0.00820417,0
1505741616,21762212,57.20,4.36146700,1
1505741610,21762203,57.20,204.00000000,1
1505741607,21762201,57.20,6.43000000,1
1505741607,21762199,57.20,32.52655299,0
1505741607,21762198,57.20,5.64870000,0
1505741607,21762196,57.20,55.51586135,0
1505741577,21762152,57.20,3.00000000,0
1505741510,21762056,57.20,5.76993006,0
1505741507,21762050,57.20,1.44152163,0
1505741507,21762049,57.20,1.44162993,0
1505741505,21762045,57.20,4.42200000,0
1505741502,21762034,57.20,2.32328302,0
1505741502,21762032,57.18,1.45163063,0
1505741502,21762031,57.17,1.45151688,0
1505741501,21762030,57.17,0.00036835,0
1505741501,21762028,57.16,0.00968461,0
1505741501,21762026,57.16,0.52400602,0
1505741478,21762000,57.07,7.65000000,0
1505741472,21761989,57.16,0.52390800,0
1505741470,21761984,57.07,37.52728885,0
1505741466,21761981,57.15,69.01417313,0
1505741466,21761980,57.15,1.45241096,0
1505741466,21761979,57.15,0.00000023,0
1505741466,21761978,57.15,1.45236394,0
1505741464,21761964,57.07,9.08000000,0
1505741460,21761946,57.05,16.16960706,0
1505741457,21761942,57.07,1.44659274,0
1505741452,21761925,57.07,1.44486310,0
1505741450,21761922,57.07,1.51000000,0
1505741449,21761920,57.14,15.00000000,0
1505741449,21761919,57.14,60.83073317,0
1505741449,21761918,57.14,1.17992347,0
1505741449,21761917,57.14,0.27265611,0
1505741449,21761916,57.14,1.45274709,0
1505741448,21761915,57.07,7.65926716,0
1505741437,21761889,57.07,1.44641906,0
1505741437,21761887,57.07,1.44431378,0
1505741436,21761881,57.13,1.45300308,0
1505741435,21761880,57.12,1.90000000,0
1505741435,21761878,57.12,1.10000000,0
1505741435,21761876,57.11,0.40281196,0
1505741435,21761873,57.11,1.05065719,0
1505741435,21761871,57.09,0.59808944,0
1505741435,21761870,57.09,0.85594578,0
1505741435,21761869,57.08,0.39516932,0
1505741434,21761868,57.08,1.05894000,0
1505741434,21761867,57.05,4.81677695,0
1505741429,21761860,57.05,44.74983544,0
1505741421,21761840,57.05,0.43716039,0
1505741412,21761819,57.05,0.56508200,0
1505741412,21761816,57.04,88.44916600,0
1505741411,21761797,57.04,1.45346900,0
1505741410,21761788,57.04,10.09736500,0
1505741407,21761752,57.04,3.85734000,0
1505741399,21761681,57.04,0.59612900,0
1505741390,21761653,57.05,1.45403600,0
1505741390,21761650,57.05,1.45410900,0
1505741386,21761640,57.05,5.27000000,0
1505741385,21761635,57.05,61.47653600,0
1505741385,21761634,57.04,13.37000000,0
1505741382,21761625,57.05,6.54000000,0
1505741375,21761611,57.05,12.30059300,0
1505741374,21761609,57.05,34.63640700,0
1505741371,21761607,57.05,1.44637595,0
1505741367,21761601,57.05,1.07308827,0
1505741353,21761577,57.05,0.21535899,0
1505741353,21761575,57.05,0.86556046,0
1505741353,21761574,57.05,0.52596600,0
1505741352,21761572,57.01,1.00000000,1
1505741350,21761567,57.01,32.58906818,0
1505741348,21761562,57.01,7.08700228,0
1505741348,21761557,57.01,1.44776747,0
1505741339,21761546,57.01,8.74934222,0
1505741334,21761540,57.01,50.12681985,0
1505741334,21761539,57.00,1.45619661,0
1505741334,21761537,57.00,44.26024066,0
1505741332,21761536,56.99,44.17033363,0
1505741325,21761529,57.00,1.70392974,0
1505741325,21761525,57.00,1.42631537,0
1505741314,21761513,56.99,5.31600592,0
1505741289,21761481,56.99,5.44114428,0
1505741168,21761255,56.99,15.94683278,0
1505741158,21761215,56.98,0.17497367,0
1505741099,21761129,56.84,11.32140000,1
1505741098,21761117,57.00,8.67357990,0
1505741097,21761113,57.00,1.32642010,0
1505741093,21761073,57.00,12.41087608,0
1505741091,21761067,57.00,8.78929824,0
1505741088,21761060,56.82,9.37874200,1
1505741088,21761058,56.99,40.52125800,1
1505741085,21761053,56.99,0.65040000,1
1505741084,21761050,56.99,8.92834200,1
1505741078,21761014,56.81,21.20460000,1
1505741077,21761007,56.99,4.20008282,0
1505741069,21760994,56.89,17.37420000,1
1505741065,21760977,57.00,1.07055107,0
1505741050,21760934,57.00,2.87285451,0
1505741050,21760931,57.00,4.40500249,0
1505741030,21760855,57.00,0.59499751,0
1505741030,21760851,57.00,1.83728319,0
1505741029,21760845,56.87,5.81959263,1
1505741028,21760841,56.87,3.74250000,1
1505741027,21760833,56.87,0.87315404,1
1505741025,21760816,56.87,2.95964126,1
1505741025,21760812,56.94,0.00077146,1
1505741013,21760799,57.00,1.01526316,0
1505740999,21760746,56.99,2.43481312,0
1505740995,21760712,57.00,1.71180221,0
1505740993,21760700,56.99,3.42120000,1
1505740993,21760696,57.00,5.43565144,0
1505740993,21760695,57.00,4.00000000,0
1505740992,21760694,57.00,5.00000000,0
1505740992,21760693,57.00,0.42473685,0
1505740986,21760684,57.00,1.57526315,0
1505740983,21760675,56.99,1.71526315,0
1505740979,21760655,56.94,0.46010000,1
1505740973,21760615,56.97,1.44731964,0
1505740971,21760612,56.97,0.00608387,1
1505740971,21760611,56.97,1.44131541,1
1505740971,21760610,56.97,1.42798459,1
1505740962,21760587,56.98,1.43184621,0
1505740934,21760547,56.96,1.44764615,0
1505740932,21760541,56.94,0.52802400,0
1505740932,21760539,56.94,0.46100000,0
1505740930,21760533,56.86,49.90000000,1
1505740929,21760528,56.92,1.45834742,0
1505740929,21760527,56.92,1.44865031,0
1505740929,21760523,56.92,0.00963371,0
1505740928,21760521,56.92,0.96260712,0
1505740928,21760520,56.92,0.10214334,0
1505740920,21760487,56.82,49.90000000,1
1505740912,21760473,56.92,1.44867072,0
1505740911,21760467,56.76,0.30371539,1
1505740911,21760466,56.85,0.00968461,1
1505740907,21760455,56.92,1.07918594,0
1505740907,21760454,56.92,0.37000000,0
1505740904,21760448,56.91,13.59000000,0
1505740904,21760446,56.90,2.00000000,0
1505740904,21760444,56.88,1.45936891,0
1505740904,21760442,56.88,1.45935435,0
1505740904,21760440,56.88,149.00000000,0
1505740904,21760439,56.86,0.96094212,0
1505740904,21760435,56.86,0.49899237,0
1505740903,21760433,56.86,0.71700182,0
1505740899,21760418,56.85,1.44238997,1
1505740899,21760417,56.85,1.44991003,1
1505740897,21760413,56.85,0.00000026,0
1505740894,21760410,56.76,0.65098567,1
1505740894,21760409,56.82,1.71840901,1
1505740894,21760408,56.82,1.17992347,1
1505740892,21760407,56.83,1.45068185,1
1505740892,21760404,56.85,0.99999974,0
1505740892,21760402,56.84,1.46042972,0
1505740891,21760401,56.83,0.01796454,0
1505740875,21760369,56.82,1.17036170,0
1505740875,21760368,56.82,0.01786731,0
1505740875,21760367,56.82,0.53018000,0
1505740868,21760357,56.80,1.26750000,1
1505740814,21760298,56.75,0.41220000,1
1505740803,21760271,56.75,4.57828804,1
1505740803,21760270,56.80,0.40281196,1
1505740802,21760269,56.81,1.45039260,0
1505740793,21760261,56.80,0.41075891,0
1505740793,21760259,56.80,1.46146347,0
1505740790,21760257,56.75,2.43420000,1
1505740782,21760249,56.78,1.45236394,0
1505740780,21760247,56.75,8.38925223,1
1505740780,21760246,56.78,0.00000026,1
1505740780,21760245,56.79,1.45163063,1
1505740780,21760244,56.79,1.45151688,1
1505740775,21760240,56.78,2.91347700,1
1505740775,21760239,56.79,1.45141789,0
1505740774,21760238,56.79,0.00974237,0
1505740774,21760236,56.79,1.34101253,0
1505740774,21760235,56.79,0.12070121,0
1505740773,21760231,56.78,1.46202726,0
1505740773,21760230,56.76,0.00975448,0
1505740773,21760228,56.74,11.57676300,0
1505740772,21760226,56.74,2.92323700,0
1505740768,21760208,56.57,11.29240000,1
1505740758,21760185,56.57,44.56000000,1
1505740758,21760184,56.58,5.34000000,1
1505740757,21760182,56.75,6.70227395,0
1505740741,21760152,56.57,21.72330000,1
1505740741,21760150,56.58,6.59000000,1
1505740736,21760139,56.58,6.59000000,1
1505740727,21760117,56.62,49.90000000,1
1505740718,21760095,56.62,49.85178518,1
1505740718,21760094,56.68,0.02380506,1
1505740718,21760093,56.71,0.02440976,1
1505740709,21760076,56.71,12.41520000,1
1505740698,21760055,56.68,11.70260000,1
1505740688,21760013,56.68,36.35020000,1
1505740675,21759990,56.68,1.05593068,1
1505740674,21759989,56.75,0.39516932,1
1505740673,21759985,56.75,1.05894000,1
1505740653,21759938,56.68,0.24860000,1
1505740652,21759937,56.75,1.41553027,0
1505740652,21759936,56.75,0.04718331,0
1505740652,21759935,56.75,20.17290001,0
1505740641,21759907,56.75,1.45300308,0
1505740640,21759905,56.68,49.90000000,1
1505740638,21759900,56.75,28.37409691,0
1505740638,21759898,56.73,1.46319999,0
1505740638,21759896,56.72,3.00000000,0
1505740636,21759893,56.71,1.46377744,0
1505740636,21759892,56.71,0.87440685,0
1505740630,21759884,56.68,0.71886426,1
1505740630,21759883,56.69,1.34603174,1
1505740630,21759881,56.70,1.46410400,1
1505740625,21759869,56.71,0.48575844,0
1505740624,21759867,56.71,0.12201119,0
1505740624,21759865,56.70,1.46408935,0
1505740624,21759864,56.70,1.46403702,0
1505740622,21759857,56.69,1.46410400,0
1505740619,21759838,56.68,1.68852395,0
1505740618,21759834,56.58,49.90000000,1
1505740618,21759832,56.68,3.44609257,0
1505740613,21759824,56.58,2.70255000,1
1505740610,21759820,56.66,32.36080000,0
1505740597,21759790,56.57,14.50000000,1
1505740596,21759787,56.57,14.50000000,1
1505740581,21759764,56.57,1.24266500,1
1505740576,21759760,56.68,17.49183857,0
1505740576,21759759,56.60,1.70000000,0
1505740576,21759757,56.60,12.79331383,0
1505740575,21759754,56.57,7.25550000,1
1505740574,21759752,56.57,12.73000000,1
1505740574,21759751,56.58,7.27000000,1
1505740571,21759748,56.60,1.45668617,0
1505740569,21759742,56.60,0.25000000,0
1505740564,21759731,56.57,13.92120000,1
1505740562,21759729,56.68,1.45619661,0
1505740560,21759727,56.68,8.06220185,1
1505740560,21759726,56.66,1.45516588,0
1505740560,21759723,56.66,0.00994939,0
1505740560,21759722,56.63,1.46585667,0
1505740559,21759721,56.61,1.46634806,0
1505740559,21759719,56.61,1.46628937,0
1505740559,21759718,56.61,0.00803394,0
1505740557,21759716,56.60,0.01798760,0
1505740548,21759701,56.57,3.19170000,1
1505740545,21759694,56.57,38.55260967,1
1505740545,21759692,56.59,1.44739033,1
1505740540,21759690,56.57,0.99800000,1
1505740539,21759689,56.57,23.85928100,1
1505740539,21759688,56.57,69.19751500,1
1505740534,21759679,56.57,1.46723020,0
1505740534,21759678,56.56,4.04000000,0
1505740533,21759677,56.55,0.00861555,0
1505740530,21759666,56.54,0.50554759,0
1505740530,21759665,56.53,1.46842484,0
1505740529,21759664,56.52,1.46853673,0
1505740529,21759663,56.52,0.24824000,0
1505740529,21759662,56.52,1.05597881,0
1505740522,21759645,56.52,1.45935435,0
1505740516,21759618,56.52,0.23642684,0
1505740516,21759617,56.51,1.46881024,0
1505740504,21759517,56.50,1.22520200,0
1505740501,21759489,56.49,1.72827049,0
1505740429,21759336,56.50,3.77479800,0
1505740418,21759322,56.41,0.00000008,1
1505740417,21759321,56.42,2.79181792,1
1505740417,21759320,56.49,1.46060191,0
1505740412,21759316,56.49,0.00796965,0
1505740408,21759304,56.48,1.44301781,0
1505740404,21759297,56.45,1.46061513,1
1505740404,21759296,56.46,1.46042972,1
1505740391,21759281,56.47,1.46983088,0
1505740388,21759279,56.46,1.46211406,0
1505740387,21759278,56.46,0.00799357,0
1505740386,21759275,56.45,1.46053105,0
1505740385,21759274,56.45,0.00981643,0
1505740385,21759273,56.45,1.47036242,0
1505740385,21759270,56.43,7.13878594,0
1505740385,21759268,56.42,1.47079616,0
1505740378,21759208,56.40,4.44804842,0
1505740378,21759206,56.40,1.62848100,0
1505740377,21759205,56.40,1.46377744,0
1505740370,21759187,56.38,0.32111842,0
1505740370,21759186,56.38,1.15065000,0
1505740370,21759184,56.38,1.47000049,0
1505740369,21759179,56.35,0.00892996,0
1505740326,21759107,56.30,16.60280000,1
1505740316,21759102,56.30,1.08358007,0
