date,tid,price,amount,type
1505779263,21805633,0.00004756,1153.55004205,0
1505779193,21805487,0.00004762,2094.72112558,0
1505778707,21804934,0.00004765,878.40839454,0
1505778589,21804882,0.00004772,514.04023470,0
1505778354,21804814,0.00004780,70.27405857,1
1505778352,21804812,0.00004767,452.50464382,0
1505778233,21804784,0.00004767,983.41451646,0
1505778231,21804783,0.00004761,63.01197227,0
1505778216,21804779,0.00004756,284.39364277,1
1505778216,21804778,0.00004757,3431.00635723,1
1505778214,21804777,0.00004759,1264.60000000,1
1505778051,21804585,0.00004762,397.22273144,1
1505778038,21804562,0.00004767,331.12931789,0
1505778014,21804532,0.00004766,249.76476000,1
1505778005,21804506,0.00004765,356.00000000,1
1505777997,21804487,0.00004764,2371.34395496,0
1505777929,21804429,0.00004760,352.57449766,1
1505777462,21804244,0.00004767,516.10530732,0
1505777446,21804237,0.00004767,1443.84161947,0
1505777113,21804148,0.00004767,137.19320327,0
1505776980,21804115,0.00004767,1653.09397944,0
1505776893,21804083,0.00004767,293.62617998,0
1505776878,21804079,0.00004767,1000.00000000,0
1505776725,21804032,0.00004767,1102.71071953,0
1505776429,21803922,0.00004766,2290.19219471,0
1505776063,21803751,0.00004766,996.25031473,0
1505775620,21803453,0.00004750,995.00000065,1
1505775142,21803213,0.00004759,104.72914477,0
1505774642,21802998,0.00004759,3015.59494017,0
1505774642,21802997,0.00004758,465.22007983,0
1505774510,21802942,0.00004760,1490.97710084,0
1505774510,21802941,0.00004760,2262.90000000,0
1505774412,21802889,0.00004759,895.58823529,0
1505774013,21802363,0.00004754,577.74673383,1
1505773601,21802128,0.00004756,541.12720773,0
1505773601,21802127,0.00004743,702.11018308,0
1505773599,21802125,0.00004739,137.02211869,0
1505773291,21801995,0.00004738,471.13043478,0
1505773194,21801935,0.00004739,210.48871070,0
1505773005,21801837,0.00004746,570.94437420,0
1505773005,21801834,0.00004739,999.00000000,0
1505773003,21801833,0.00004732,427.38187435,0
1505772802,21801718,0.00004727,309.63236096,0
1505772800,21801713,0.00004727,1262.85250000,1
1505772662,21801513,0.00004761,3435.00147027,1
1505772662,21801512,0.00004761,12088.85927326,1
1505772661,21801511,0.00004755,183.99066663,0
1505772661,21801510,0.00004755,919.95333313,0
1505772661,21801509,0.00004738,2181.13741020,0
1505772660,21801504,0.00004736,339.52395870,0
1505772660,21801502,0.00004736,369.59688742,0
1505772659,21801496,0.00004735,443.54313443,0
1505772659,21801494,0.00004735,5176.74848515,0
1505772498,21801312,0.00004735,4894.28408667,1
1505772496,21801306,0.00004735,3358.75923623,1
1505772492,21801287,0.00004735,371.79519696,1
1505772492,21801284,0.00004735,671.29428380,1
1505772477,21801258,0.00004735,2827.32792000,1
1505772475,21801254,0.00004735,973.81747213,1
1505772468,21801241,0.00004735,340.15566740,1
1505772464,21801224,0.00004735,269.26600000,1
1505772453,21801208,0.00004735,370.77638914,1
1505772450,21801196,0.00004735,547.24500000,1
1505772448,21801187,0.00004736,0.00000040,1
1505772446,21801182,0.00004736,369.59688767,1
1505772433,21801141,0.00004735,1294.36996242,1
1505772433,21801137,0.00004735,1651.20893852,1
1505772433,21801134,0.00004736,408.42556494,1
1505772417,21801082,0.00004735,3682.35000000,1
1505772405,21801075,0.00004735,976.93166100,1
1505772384,21801056,0.00004735,6260.10708000,1
1505772377,21801037,0.00004735,48.64669377,1
1505772376,21801035,0.00004736,451.35330623,1
1505772366,21800989,0.00004735,1518.10701221,1
1505772366,21800985,0.00004735,7422.68865000,1
1505772365,21800980,0.00004735,19682.30512900,1
1505772364,21800979,0.00004735,1019.29655898,1
1505772364,21800978,0.00004736,498.81049102,1
1505772361,21800966,0.00004735,3280.38835051,1
1505772361,21800964,0.00004735,114.70221753,1
1505772359,21800962,0.00004735,8211.86960000,1
1505772358,21800956,0.00004735,2287.45089717,1
1505772355,21800949,0.00004735,5129.06199983,1
1505772355,21800948,0.00004736,31.24727852,1
1505772352,21800936,0.00004736,362.80486691,1
1505772349,21800931,0.00004736,157.19840578,0
1505772348,21800924,0.00004735,965.59927518,1
1505772347,21800919,0.00004735,427.83396907,1
1505772346,21800914,0.00004735,15517.27097000,1
1505772345,21800913,0.00004735,545.94300000,1
1505772343,21800904,0.00004735,509.35998772,1
1505772342,21800895,0.00004735,975.01030927,1
1505772342,21800888,0.00004735,982.93833814,1
1505772340,21800873,0.00004735,2897.98071300,1
1505772339,21800865,0.00004735,159.68229095,1
1505772337,21800850,0.00004735,675.65609082,1
1505772337,21800841,0.00004735,427.83448453,1
1505772336,21800837,0.00004736,272.91729856,0
1505772331,21800818,0.00004735,7571.47790000,1
1505772330,21800810,0.00004735,2058.98435198,1
1505772323,21800764,0.00004736,536.55510454,0
1505772320,21800735,0.00004735,7656.32795500,1
1505772310,21800699,0.00004736,592.93604963,0
1505772308,21800693,0.00004735,8167.88590000,1
1505772303,21800672,0.00004735,2375.86761000,1
1505772297,21800660,0.00004736,460.28903932,0
1505772297,21800659,0.00004736,294.60136512,0
1505772296,21800654,0.00004735,428.92439276,1
1505772295,21800650,0.00004735,1586.06451171,1
1505772290,21800634,0.00004735,639.22480620,1
1505772287,21800613,0.00004735,570.90530256,1
1505772286,21800612,0.00004735,975.71043300,1
1505772284,21800606,0.00004735,4526.34124031,1
1505772284,21800604,0.00004736,215.75554095,0
1505772283,21800602,0.00004736,618.46249178,0
1505772283,21800601,0.00004735,28619.38295200,1
1505772283,21800596,0.00004735,25630.46525300,1
1505772281,21800590,0.00004735,1542.21916042,1
1505772274,21800560,0.00004735,6751.40865600,1
1505772273,21800546,0.00004736,523.70608703,1
1505772271,21800528,0.00004736,509.04063842,1
1505772267,21800513,0.00004736,306.76036175,1
1505772143,21800279,0.00004737,174.60000000,1
1505772136,21800260,0.00004738,76.13910000,1
1505772136,21800259,0.00004738,600.86090000,1
1505772135,21800254,0.00004738,677.00000000,1
1505771975,21800115,0.00004749,210.04548326,0
1505771642,21800000,0.00004740,1279.68835952,1
1505771570,21799941,0.00004736,4031.93167698,1
1505771568,21799940,0.00004740,1286.16680000,1
1505771111,21799673,0.00004735,346.93610102,1
1505771107,21799668,0.00004735,319.64326853,1
1505771103,21799664,0.00004735,315.85745021,1
1505771097,21799663,0.00004751,713.49358029,0
1505771095,21799662,0.00004742,269.75115985,0
1505770880,21799451,0.00004739,439.67305401,1
1505770808,21799376,0.00004736,1956.15275402,1
1505770797,21799361,0.00004736,548.82076791,1
1505770791,21799350,0.00004735,548.79233160,1
1505770783,21799339,0.00004740,2262.90000000,0
1505770736,21799284,0.00004735,793.21095600,1
1505770716,21799268,0.00004735,3922.16204600,1
1505770665,21799249,0.00004735,428.91440000,1
1505770655,21799203,0.00004740,429.34373783,0
1505770645,21799194,0.00004735,211.19324182,1
1505770644,21799193,0.00004735,693.53849800,1
1505770641,21799186,0.00004735,21907.90600000,1
1505770640,21799185,0.00004735,15295.77400000,1
1505770621,21799119,0.00004735,2095.87868500,1
1505770603,21799078,0.00004735,12855.27086600,1
1505770599,21799069,0.00004735,2122.16434729,1
1505770592,21799043,0.00004735,2474.67135500,1
1505770590,21799034,0.00004735,2448.24705954,1
1505770590,21799033,0.00004735,100.32660271,1
1505770588,21799022,0.00004735,2792.00000000,1
1505770587,21799015,0.00004735,4006.01833300,1
1505770581,21798999,0.00004735,2178.09625000,1
1505770580,21798994,0.00004735,509.63741609,1
1505770577,21798985,0.00004735,100.32660271,1
1505770575,21798980,0.00004735,412.28033008,1
1505770556,21798968,0.00004735,944.68488200,1
1505770536,21798946,0.00004735,94623.10000000,1
1505770535,21798940,0.00004735,2046.37206236,1
1505770534,21798939,0.00004735,2688.03000000,1
1505770531,21798922,0.00004735,945.20817200,1
1505770530,21798921,0.00004735,21254.50000000,1
1505770527,21798920,0.00004735,2021.26695100,1
1505770525,21798917,0.00004735,1060.27515800,1
1505770518,21798894,0.00004735,2651.19899931,1
1505770518,21798893,0.00004736,218.79820169,1
1505770513,21798884,0.00004735,4458.54794869,1
1505770512,21798882,0.00004736,130.57205131,1
1505770497,21798848,0.00004735,108.28950835,1
1505770497,21798844,0.00004735,511.17909712,1
1505770493,21798832,0.00004735,83.40646698,1
1505770493,21798831,0.00004736,187.86010502,1
1505770484,21798810,0.00004735,8311.47694700,1
1505770482,21798804,0.00004735,979.98080000,1
1505770480,21798793,0.00004735,14828.75978400,1
1505770478,21798786,0.00004735,4649.06819947,1
1505770478,21798785,0.00004736,272.36483949,1
1505770475,21798784,0.00004735,7638.22011100,1
1505770427,21798666,0.00004735,1031.65834877,1
1505770427,21798664,0.00004736,300.98445723,1
1505770226,21798478,0.00004742,210.24884015,0
1505770207,21798472,0.00004735,49667.39093559,1
1505770207,21798471,0.00004736,332.60906441,1
1505770194,21798462,0.00004735,133.52785274,1
1505770194,21798461,0.00004736,410.69838226,1
1505770183,21798458,0.00004735,12896.95981181,1
1505770183,21798457,0.00004736,8185.94353093,1
1505770183,21798456,0.00004736,410.69838226,1
1505770176,21798453,0.00004736,1040.00000000,1
1505770082,21798408,0.00004736,150.00000000,1
1505770063,21798401,0.00004736,2186.57993687,1
1505770062,21798400,0.00004736,453.86475713,1
1505770040,21798389,0.00004741,210.39991563,0
1505770034,21798387,0.00004736,212.13406900,1
1505770022,21798374,0.00004735,1831.49935426,1
1505770022,21798373,0.00004736,523.85905174,1
1505770013,21798371,0.00004735,8113.72911100,1
1505770013,21798370,0.00004736,1291.48570000,1
1505769968,21798344,0.00004736,852.43305280,1
1505769968,21798343,0.00004736,578.90694720,1
1505769965,21798337,0.00004736,627.21200000,1
1505769617,21798018,0.00004736,610.00000000,1
1505769262,21797629,0.00004739,1276.89720000,1
1505769237,21797620,0.00004759,441.40659802,0
1505769088,21797494,0.00004761,4713.38731358,0
1505769088,21797493,0.00004750,1287.58720000,0
1505769086,21797492,0.00004749,1535.00000000,0
1505768982,21797392,0.00004741,1130.73111750,1
1505768962,21797368,0.00004741,434.44135043,0
1505768956,21797355,0.00004741,434.44135043,1
1505768951,21797341,0.00004741,546.90602094,1
1505768736,21797195,0.00004755,200.00000000,0
1505768489,21797035,0.00004762,45.95758084,0
1505768342,21797000,0.00004764,500.00000000,0
1505767970,21796811,0.00004747,1296.37656250,1
1505767320,21796445,0.00004751,2700.21932225,0
1505766048,21795585,0.00004736,7028.34138000,1
1505765986,21795556,0.00004752,2099.12920875,0
1505765952,21795533,0.00004752,265.36195286,0
1505765525,21795256,0.00004752,559.83943602,0
1505765523,21795255,0.00004751,4331.64833071,0
1505765464,21795231,0.00004751,1101.65270469,0
1505765192,21795067,0.00004751,568.83119343,0
1505765050,21794982,0.00004736,5536.70987756,1
1505765050,21794981,0.00004736,127.23606544,1
1505765039,21794971,0.00004751,2385.07099000,0
1505765017,21794964,0.00004751,179.70300989,1
1505764963,21794929,0.00004736,107.50048500,1
1505764946,21794924,0.00004736,2082.09199685,1
1505764946,21794923,0.00004750,35120.50828315,1
1505764932,21794917,0.00004750,1843.19698000,1
1505764835,21794820,0.00004764,13266.42331386,0
1505764835,21794819,0.00004763,2031.14340474,0
1505764835,21794818,0.00004761,1038.90317240,0
1505764829,21794808,0.00004743,1305.80790000,1
1505763908,21794122,0.00004748,121.96503791,0
1505763641,21793974,0.00004751,2019.21321826,0
1505763532,21793915,0.00004736,1944.33705174,0
1505763531,21793914,0.00004736,1258.11837362,1
1505763506,21793897,0.00004736,540.11638600,1
1505763458,21793843,0.00004736,81.26572470,0
1505763457,21793842,0.00004736,1079.87491130,1
1505763456,21793840,0.00004736,14951.24596800,1
1505763449,21793837,0.00004738,999.00000000,0
1505763448,21793833,0.00004740,400.00000000,1
1505763412,21793766,0.00004761,5251.70720436,0
1505763222,21793637,0.00004762,1905.00083998,0
1505762879,21793391,0.00004760,41.91197479,0
1505762664,21793238,0.00004746,999.00000000,1
1505762653,21793234,0.00004747,999.00000000,1
1505762571,21793160,0.00004773,10836.93337523,1
1505762571,21793157,0.00004761,999.00000000,0
1505762569,21793155,0.00004760,12526.43600000,0
1505762541,21793133,0.00004740,1298.11869993,1
1505762541,21793132,0.00004740,1211.56142007,1
1505762529,21793127,0.00004740,1310.47270000,1
1505762491,21793101,0.00004741,999.00000000,1
1505762491,21793100,0.00004741,1304.19210000,1
1505762300,21792933,0.00004763,1042.83014906,0
1505762265,21792916,0.00004764,198.37006717,0
1505762264,21792915,0.00004765,8721.98300104,0
1505762264,21792914,0.00004761,6985.96300000,0
1505762262,21792913,0.00004760,9117.33768329,0
1505762204,21792881,0.00004762,175.56131877,0
1505762108,21792827,0.00004744,918.81511500,1
1505761946,21792695,0.00004761,62.80193236,0
1505761629,21792462,0.00004770,1191.98846960,0
1505761612,21792428,0.00004770,5000.00000000,0
1505761586,21792390,0.00004770,474.12872117,0
1505761463,21792303,0.00004756,277.00000000,1
1505760736,21791670,0.00004773,3965.25120469,0
1505760736,21791669,0.00004773,1083.50700000,1
1505760736,21791668,0.00004770,2010.68500000,1
1505760734,21791667,0.00004770,131.05356096,0
1505760655,21791641,0.00004773,19860.71506390,1
1505760655,21791640,0.00004766,996.81110430,1
1505760655,21791639,0.00004765,999.00000000,0
1505760653,21791638,0.00004760,1295.81209458,0
1505760653,21791637,0.00004760,604.04964427,0
1505760653,21791636,0.00004760,1024.62781780,0
1505760003,21791260,0.00004741,542.00000000,1
1505759846,21791151,0.00004750,500.25633600,1
1505759846,21791150,0.00004750,1680.00000000,1
1505759494,21790875,0.00004751,1040.93257364,1
1505759441,21790862,0.00004760,209.56008403,0
1505759021,21790563,0.00004760,470.00000000,0
1505758862,21790390,0.00004760,1295.81209817,1
1505758860,21790383,0.00004760,602.51718545,1
1505758855,21790365,0.00004761,221.57808004,1
1505758849,21790353,0.00004761,282.08438399,1
1505758846,21790350,0.00004760,3000.00000000,1
1505758843,21790346,0.00004760,1265.95522075,1
1505758837,21790336,0.00004760,422.73477715,1
1505758832,21790325,0.00004760,2105.56601799,1
1505758826,21790313,0.00004760,1307.41470049,1
1505758816,21790305,0.00004761,410.94643904,1
1505758816,21790304,0.00004762,131.05356096,1
1505758697,21790181,0.00004771,1045.48312722,1
1505758668,21790155,0.00004771,433.22730500,0
1505758381,21789785,0.00004772,591.89103101,0
1505758361,21789762,0.00004760,10000.00000000,1
1505758361,21789760,0.00004761,1244.63675210,1
1505758360,21789759,0.00004762,11738.98891509,1
1505758359,21789758,0.00004761,4071.02476800,1
1505758358,21789755,0.00004779,357.04477924,0
1505757885,21789291,0.00004775,481.29193717,0
1505757743,21788940,0.00004753,238.70997700,1
1505757743,21788939,0.00004755,250.00000000,1
1505757743,21788937,0.00004762,0.00000040,1
1505757716,21788833,0.00004762,1144.91234100,1
1505757607,21788555,0.00004762,414.58500000,1
1505757565,21788499,0.00004762,611.16595610,1
1505757548,21788484,0.00004762,888.89992400,1
1505757538,21788480,0.00004762,758.03001105,1
1505757536,21788479,0.00004762,5000.00000000,1
1505757533,21788474,0.00004763,757.99010213,1
1505757521,21788462,0.00004762,842.79017578,1
1505757512,21788448,0.00004762,99.90000000,1
1505757508,21788443,0.00004762,2515.79200000,1
1505757506,21788432,0.00004762,6471.34773560,1
1505757457,21788406,0.00004762,2621.45345300,1
1505757453,21788404,0.00004762,2568.50292838,1
1505757452,21788403,0.00004763,2566.04123600,1
1505757445,21788399,0.00004762,4535.39514030,1
1505757441,21788397,0.00004763,2065.00000000,0
1505757441,21788396,0.00004763,2456.38991974,0
1505757438,21788395,0.00004762,15725.56636756,0
1505757420,21788368,0.00004762,500.00000000,1
1505757392,21788359,0.00004759,999.00000000,1
1505757205,21788138,0.00004735,15649.14869490,1
1505757204,21788137,0.00004736,710.41668110,1
1505757189,21788111,0.00004735,1333.89285767,1
1505757188,21788110,0.00004736,785.05255333,1
1505757156,21788055,0.00004735,943.14041351,1
1505757155,21788053,0.00004736,867.54712249,1
1505757122,21787989,0.00004736,1069.55311600,1
1505756968,21787757,0.00004736,730.00000000,1
1505756930,21787724,0.00004736,1027.99700000,1
1505756929,21787723,0.00004736,186.50000000,1
1505756911,21787704,0.00004737,619.85515439,0
1505756873,21787666,0.00004737,166.22606871,1
1505756765,21787572,0.00004738,132.19879398,1
1505756757,21787562,0.00004753,1007.36987166,0
1505756739,21787538,0.00004756,195.20226000,0
1505756606,21787425,0.00004752,1300.07580000,1
1505756440,21787285,0.00004760,1201.79180672,0
1505756387,21787249,0.00004749,999.00000000,1
1505756375,21787214,0.00004794,50570.15081351,0
1505756375,21787213,0.00004773,1975.26850000,0
1505756375,21787212,0.00004772,873.57906591,0
1505756374,21787211,0.00004771,4367.89532955,0
1505756374,21787210,0.00004768,28551.64800000,1
1505756374,21787208,0.00004760,999.00000000,1
1505756372,21787204,0.00004756,950.41048374,0
1505756341,21787184,0.00004735,3013.15973000,1
1505756341,21787183,0.00004736,2260.20000000,1
1505756341,21787182,0.00004741,1306.70270000,1
1505756298,21787152,0.00004735,48705.78150000,1
1505756298,21787150,0.00004736,1295.21850000,1
1505756276,21787088,0.00004735,819.44351300,1
1505756263,21787064,0.00004740,1322.93160000,1
1505756242,21787035,0.00004741,2049.36056026,1
1505756242,21787033,0.00004742,894.74268174,1
1505756242,21787031,0.00004745,1300.17790000,1
1505756218,21787018,0.00004752,1322.34080000,1
1505756218,21787017,0.00004758,9091.58292137,1
1505756194,21787000,0.00004764,1296.53110000,1
1505756194,21786999,0.00004764,2464.05335799,1
1505756043,21786865,0.00004765,309.86961312,1
1505756006,21786830,0.00004765,389.98974495,1
1505755606,21786130,0.00004779,1907.85041500,0
1505755534,21785917,0.00004764,7726.22898586,1
1505755534,21785915,0.00004764,5633.47546714,1
1505755534,21785913,0.00004766,1321.34710000,1
1505755455,21785786,0.00004776,55.66780200,1
1505755407,21785700,0.00004770,1295.18670000,1
1505755407,21785699,0.00004772,999.00000000,1
1505755407,21785698,0.00004772,29000.00000000,1
1505755368,21785635,0.00004796,749.32527105,0
1505755343,21785600,0.00004794,1011.14017521,0
1505755316,21785551,0.00004797,5358.39357932,0
1505755316,21785550,0.00004796,2118.98849507,0
1505755316,21785549,0.00004793,26218.45500000,0
1505755314,21785547,0.00004790,999.00000000,0
1505755314,21785546,0.00004789,9791.44227944,0
1505754829,21784711,0.00004768,43.93330537,1
1505754813,21784687,0.00004770,930.00000000,0
1505754642,21784618,0.00004768,287.14450503,0
1505754626,21784615,0.00004762,300.00000000,0
1505754528,21784538,0.00004760,161.03781512,0
1505754526,21784536,0.00004758,2254.40000000,0
1505754339,21784381,0.00004741,385.00000000,1
1505754306,21784336,0.00004752,4431.26178451,0
1505754113,21784194,0.00004745,2254.40000000,1
1505754112,21784193,0.00004746,1284.35180000,1
1505754007,21784068,0.00004784,1101.26693143,1
1505754006,21784066,0.00004760,999.00000000,0
1505753948,21784027,0.00004740,1169.60615810,1
1505753596,21783622,0.00004746,10533.96530000,1
1505753592,21783621,0.00004752,1295.96239956,1
1505753592,21783620,0.00004753,1300.88667344,1
1505753221,21783136,0.00004748,252.00000000,0
1505753096,21782948,0.00004750,1049.89473684,0
1505753016,21782922,0.00004739,8238.55560600,1
1505752770,21782681,0.00004801,34132.73859612,0
1505752770,21782680,0.00004799,1848.23388112,1
1505752769,21782679,0.00004798,9791.44227843,1
1505752769,21782678,0.00004748,869.63783932,0
1505752769,21782677,0.00004747,4348.18919661,0
1505752769,21782676,0.00004747,46846.65400000,1
1505752768,21782675,0.00004739,999.00000000,0
1505752768,21782674,0.00004739,1291.50330000,0
1505752768,21782673,0.00004733,2264.70000000,0
1505752766,21782672,0.00004732,2178.43283559,0
1505752432,21782333,0.00004726,999.00000000,1
1505752432,21782332,0.00004731,1312.24780000,1
1505752331,21782230,0.00004750,5044.78926315,1
1505752331,21782229,0.00004749,853.87868673,1
1505752331,21782227,0.00004744,4265.09358478,0
1505752329,21782226,0.00004733,2174.55467720,0
1505752329,21782224,0.00004733,2884.22957741,0
1505752288,21782187,0.00004729,1265.36171535,1
1505752200,21782050,0.00004730,4918.07472700,1
1505752153,21781972,0.00004727,1309.94380000,1
1505752151,21781966,0.00004733,869.21931121,0
1505752117,21781759,0.00004733,1310.49750000,1
1505752117,21781758,0.00004735,149.01803825,1
1505752114,21781753,0.00004734,742.30521426,0
1505752114,21781752,0.00004734,4458.11639311,0
1505752105,21781735,0.00004734,853.89194541,1
1505752104,21781734,0.00004734,885.12175682,1
1505752099,21781723,0.00004733,1739.01370296,1
1505752089,21781697,0.00004784,1485.84970735,1
1505752088,21781695,0.00004739,1666.50525093,0
1505752088,21781694,0.00004738,853.58331398,0
1505752087,21781690,0.00004730,1077.76932703,0
1505751930,21781431,0.00004725,884.11783641,1
1505751924,21781372,0.00004725,884.11783641,1
1505751919,21781358,0.00004725,409.49424802,1
1505751913,21781348,0.00004725,409.49424802,1
1505751909,21781334,0.00004724,438.72775725,1
1505751903,21781324,0.00004724,438.72775725,1
1505751873,21781295,0.00004730,1544.38118393,0
1505751858,21781276,0.00004730,159.01076404,0
1505751852,21781250,0.00004730,1281.17544831,1
1505751852,21781249,0.00004730,1499.98581818,1
1505751841,21781239,0.00004730,398.19600000,1
1505751839,21781237,0.00004738,686.14335789,0
1505751837,21781236,0.00004734,1234.74865435,0
1505751837,21781235,0.00004734,563.10798776,0
1505751820,21781222,0.00004725,438.00543535,0
1505751814,21781205,0.00004734,899.27364812,0
1505751814,21781204,0.00004734,0.00000388,0
1505751806,21781191,0.00004734,1294.32080000,1
1505751806,21781190,0.00004736,168.06088612,1
1505751804,21781183,0.00004736,2096.63911388,1
1505751803,21781174,0.00004738,1696.55216718,1
1505751797,21781161,0.00004738,1936.16370257,1
1505751791,21781144,0.00004738,438.10596306,1
1505751776,21781117,0.00004739,2217.97656868,1
1505751759,21781100,0.00004756,188.60386879,0
1505751668,21780959,0.00004752,15790.20138888,0
1505751668,21780956,0.00004751,3457.51824910,0
1505751667,21780943,0.00004747,1785.40000000,0
1505751369,21780602,0.00004751,748.45485161,0
1505751367,21780600,0.00004742,301.90246978,0
1505751273,21780500,0.00004742,1000.00000000,0
1505751033,21780064,0.00004753,477.67788764,0
1505750674,21779566,0.00004740,1458.15842200,1
1505750620,21779518,0.00004748,453.82147800,1
1505750620,21779517,0.00004748,1501.40000000,1
1505750420,21779335,0.00004747,1122.00000000,1
1505750395,21779293,0.00004767,87.19215439,0
1505750343,21779242,0.00004762,474.57496850,0
1505750277,21779198,0.00004756,1027.70815812,0
1505750152,21779038,0.00004752,1302.55980000,1
1505750152,21779037,0.00004753,2263.90000000,1
1505749877,21778591,0.00004738,250.00000000,1
1505749806,21778496,0.00004747,1332.90000000,0
1505749738,21778374,0.00004735,999.00000000,1
1505749738,21778373,0.00004741,166.75180010,1
1505749597,21778243,0.00004755,16985.92471083,0
1505749597,21778242,0.00004751,450.09285708,0
1505749595,21778236,0.00004750,3547.69195657,0
1505749515,21778174,0.00004750,3150.01957895,0
1505749486,21778139,0.00004750,691.20000000,0
1505749428,21778051,0.00004741,1150.00000000,1
1505749394,21777996,0.00004737,1310.83894317,1
1505749390,21777985,0.00004737,889.32369455,1
1505749390,21777984,0.00004738,761.65747625,1
1505749381,21777968,0.00004741,1286.57480000,1
1505749359,21777948,0.00004742,1264.37106570,1
1505749199,21777705,0.00004750,156.71499080,0
1505749199,21777704,0.00004749,843.28500920,0
1505749174,21777666,0.00004749,721.97199410,0
1505749160,21777635,0.00004749,475.82312065,0
1505749140,21777610,0.00004750,2454.37347368,0
1505749113,21777511,0.00004749,61.43819752,0
1505749098,21777484,0.00004745,1859.00000000,0
1505749094,21777480,0.00004743,999.00000000,1
1505749092,21777479,0.00004739,530.58869600,0
1505749062,21777415,0.00004736,574.85531179,1
1505749062,21777414,0.00004737,609.57074369,1
1505749012,21777241,0.00004739,100.00000000,0
1505748978,21777204,0.00004744,253.16399662,1
1505748976,21777199,0.00004728,244.83239703,0
1505748942,21777103,0.00004728,1274.71590000,0
1505748935,21777095,0.00004741,491.02488926,0
1505748829,21776991,0.00004739,618.92677780,0
1505748822,21776980,0.00004739,126.29309981,0
1505748731,21776838,0.00004726,200.14642403,0
1505748729,21776833,0.00004719,0.00000017,0
1505748729,21776832,0.00004719,1311.33705657,0
1505748728,21776830,0.00004719,391.75133943,0
1505748652,21776681,0.00004719,919.58571731,0
1505748650,21776675,0.00004714,279.51742105,0
1505748366,21776106,0.00004716,1306.07086780,0
1505748353,21776068,0.00004716,1306.07086780,1
1505748315,21775915,0.00004715,100.00000000,1
1505748311,21775902,0.00004740,200.03966244,1
1505748311,21775901,0.00004735,999.00000000,0
1505748308,21775891,0.00004722,957.34597900,0
1505748307,21775886,0.00004722,181.81973000,0
1505748302,21775874,0.00004722,123.00000000,0
1505748232,21775541,0.00004716,1065.50034251,1
1505748226,21775516,0.00004720,1065.50034251,1
1505748221,21775503,0.00004717,1282.84545625,0
1505748221,21775502,0.00004717,1121.55741424,0
1505748221,21775501,0.00004716,830.30538922,0
1505748219,21775492,0.00004716,1379.26416188,1
1505748158,21775342,0.00004717,1282.84548812,1
1505748150,21775326,0.00004718,1282.84548812,1
1505748144,21775300,0.00004718,1282.84548812,1
1505748143,21775298,0.00004718,1282.84550000,1
1505747998,21775047,0.00004734,170.49704267,0
1505747923,21774926,0.00004728,155.22927241,0
1505747781,21774756,0.00004730,250.00000000,1
1505747780,21774754,0.00004739,1599.38974467,0
1505747778,21774751,0.00004736,295.07844694,0
1505747695,21774668,0.00004731,500.00000000,0
1505747561,21774400,0.00004736,145.18264358,0
1505747561,21774399,0.00004736,1519.05387600,1
1505747560,21774396,0.00004735,889.31396250,1
1505747560,21774394,0.00004731,945.16964050,0
1505747560,21774392,0.00004731,407.96335219,0
1505747558,21774386,0.00004730,1563.20000000,0
1505747414,21773957,0.00004731,876.69392900,0
1505747414,21773956,0.00004731,1284.65725000,0
1505747411,21773950,0.00004730,6645.50390073,0
1505747401,21773923,0.00004724,154.36892090,0
1505747399,21773919,0.00004724,1139.23985400,0
1505747340,21773626,0.00004725,365.46083720,1
1505747338,21773615,0.00004730,1295.79760000,1
1505747327,21773530,0.00004731,688.00000000,1
1505747312,21773405,0.00004731,437.50273684,1
1505747301,21773310,0.00004732,887.25999121,1
1505747296,21773266,0.00004731,437.73312269,1
1505747248,21772940,0.00004736,367.40134410,1
1505747211,21772849,0.00004747,999.00000000,0
1505747197,21772812,0.00004744,999.00000000,0
1505747167,21772737,0.00004728,1999.06941800,1
1505747164,21772729,0.00004747,481.48472719,0
1505747154,21772691,0.00004734,2128.11560586,0
1505747154,21772689,0.00004734,2006.53250000,0
1505747154,21772687,0.00004738,361.00000000,1
1505747132,21772610,0.00004749,411.68919773,0
1505747094,21772484,0.00004739,3287.28822247,1
1505747055,21772403,0.00004746,3300.98807486,1
1505747055,21772402,0.00004746,3267.08377512,0
1505746890,21771883,0.00004727,525.40800000,1
1505746757,21771529,0.00004728,14867.70241116,0
1505746574,21771298,0.00004733,2692.66089161,0
1505746504,21771228,0.00004729,2212.50000000,0
1505746444,21771133,0.00004734,69.39797211,0
1505746399,21771089,0.00004731,2026.90144668,0
1505746298,21770865,0.00004745,984.82345700,0
1505746291,21770842,0.00004743,1494.03433200,0
1505746287,21770833,0.00004744,1359.06803100,0
1505746268,21770772,0.00004746,103.60262756,1
1505746267,21770771,0.00004749,1203.32005665,1
1505746266,21770766,0.00004746,1152.45631237,1
1505746261,21770737,0.00004751,850.96430527,1
1505746258,21770723,0.00004767,627.75707992,1
1505746256,21770714,0.00004751,450.09289473,1
1505746250,21770684,0.00004749,1307.69178900,0
1505746161,21770252,0.00004749,575.56297673,1
1505746160,21770249,0.00004748,2530.43702327,0
1505746157,21770231,0.00004748,3841.88464300,0
1505746040,21769545,0.00004747,3982.85991152,1
1505746038,21769535,0.00004739,999.00000000,0
1505746034,21769521,0.00004725,449.02671327,1
1505745857,21769118,0.00004727,1593.29455100,0
1505745857,21769117,0.00004723,999.00000000,0
1505745854,21769103,0.00004727,5830.82399613,0
1505745854,21769101,0.00004722,90.69843287,0
1505745851,21769094,0.00004722,908.30156713,0
1505745706,21768849,0.00004720,1565.79996296,1
1505745677,21768721,0.00004734,451.13012252,0
1505745618,21768445,0.00004737,80.78282000,1
1505745589,21768305,0.00004737,1563.73388377,0
1505745408,21767971,0.00004724,780.39960470,1
1505745408,21767970,0.00004724,0.00000030,1
1505745408,21767969,0.00004728,1635.58137200,1
1505745405,21767958,0.00004728,692.44602800,1
1505745400,21767952,0.00004724,1312.70697400,1
1505745391,21767937,0.00004716,4512.04297801,1
1505745336,21767841,0.00004707,83.60188632,1
1505745334,21767840,0.00004708,992.39811368,1
1505745307,21767823,0.00004718,4500.00000000,0
1505745244,21767750,0.00004716,1267.71969998,1
1505745244,21767749,0.00004717,456.29454002,1
1505745228,21767727,0.00004717,2180.49679600,1
1505745129,21767654,0.00004716,902.07211569,1
1505745129,21767653,0.00004720,469.52329731,1
1505744947,21767412,0.00004718,2965.81173400,1
1505744871,21767368,0.00004725,870.57900300,0
1505744776,21767300,0.00004725,374.01716229,1
1505744775,21767299,0.00004727,895.72683771,1
1505744744,21767285,0.00004732,1282.12110000,1
1505744607,21767038,0.00004742,1386.46341978,0
1505744518,21766919,0.00004730,716.04333261,0
1505744504,21766899,0.00004730,632.66765328,0
1505744495,21766885,0.00004730,472.75264270,0
1505744410,21766787,0.00004730,1054.44630021,0
1505744356,21766740,0.00004730,758.07463002,0
1505744175,21766475,0.00004727,1063.99619208,1
1505744174,21766473,0.00004727,300.00000000,0
1505743978,21766113,0.00004743,6043.64326375,1
1505743977,21766111,0.00004738,498.00000000,0
1505743977,21766110,0.00004735,1606.85628730,0
1505743977,21766109,0.00004732,3000.00000000,0
1505743975,21766080,0.00004730,2193.00000000,0
1505743840,21765968,0.00004738,12926.27289995,1
1505743838,21765967,0.00004736,1339.71340000,1
1505743725,21765872,0.00004742,4782.82222690,0
1505743620,21765774,0.00004723,8320.40457534,1
1505743620,21765772,0.00004723,145.46497246,0
1505743618,21765764,0.00004727,1281.87910000,1
1505743254,21765379,0.00004733,3511.50764582,1
1505743254,21765378,0.00004738,1276.10510000,1
1505743224,21765320,0.00004741,2116.72779600,0
1505743099,21765019,0.00004740,1269.88830000,1
1505743093,21764994,0.00004740,16254.14021572,1
1505743085,21764983,0.00004742,0.00002344,1
1505743084,21764980,0.00004742,1284.37427656,1
1505742972,21764829,0.00004751,973.95434419,0
1505742972,21764828,0.00004749,3013.99197442,0
1505742844,21764608,0.00004748,840.00000000,0
1505742832,21764601,0.00004748,840.00000000,0
1505742662,21764392,0.00004749,160.37134773,0
1505742661,21764378,0.00004736,75.42060811,1
1505742530,21764063,0.00004752,90.80493817,0
1505742516,21764043,0.00004751,407.19506183,1
1505742129,21763390,0.00004745,20.09384775,1
1505742129,21763389,0.00004745,650.32773372,1
1505742112,21763371,0.00004745,545.84362178,1
1505742000,21763187,0.00004760,7326.08340336,0
1505741875,21763045,0.00004768,49.70343959,0
1505741855,21762984,0.00004774,22065.23271889,0
1505741855,21762982,0.00004766,1706.44057935,0
1505741855,21762979,0.00004765,498.00000000,0
1505741776,21762708,0.00004761,1272.18040000,0
1505741690,21762396,0.00004752,282.64676676,0
1505741648,21762279,0.00004745,1003.82864450,1
1505741516,21762087,0.00004765,55.97943336,0
1505741284,21761460,0.00004754,2283.80000000,1
1505741284,21761458,0.00004759,1255.68250000,1
1505741238,21761364,0.00004746,171.92709650,0
1505741190,21761290,0.00004748,428.27064026,0
1505741188,21761287,0.00004746,2399.37059758,0
1505740740,21760148,0.00004744,5192.05016863,0
1505740624,21759862,0.00004749,2677.39713623,0
1505740557,21759713,0.00004757,1017.14273701,0
1505740557,21759712,0.00004757,1787.20000000,0
1505740515,21759610,0.00004757,500.00000000,0
1505740410,21759311,0.00004759,2287.20000000,1
1505740409,21759307,0.00004761,698.19675148,1
1505740368,21759176,0.00004756,1280.75890000,1
1505740256,21759048,0.00004702,38139.56017515,0
1505740255,21759047,0.00004728,3069.57793414,1
1505740255,21759046,0.00004729,4795.52484112,0
1505740255,21759045,0.00004729,7168.46400000,0
1505740255,21759044,0.00004746,82.49235582,1
1505740254,21759043,0.00004752,498.00000000,0
1505740254,21759042,0.00004752,412.09558304,1
1505740254,21759041,0.00004758,1287.43590000,0
1505740253,21759039,0.00004760,1392.31829573,0
1505740076,21758828,0.00004776,1204.71600792,0
1505739864,21758579,0.00004784,1427.12604515,1
1505739710,21758408,0.00004787,2278.20000000,0
1505739591,21758020,0.00004801,103.88523224,1
1505739585,21758008,0.00004795,1042.59991435,1
1505739585,21758007,0.00004799,1956.62406365,1
1505739575,21758000,0.00004799,45.49906207,1
1505739574,21757999,0.00004800,954.49667493,1
1505739564,21757987,0.00004800,1230.76594507,1
1505739564,21757986,0.00004800,1768.45803193,1
1505739555,21757972,0.00004799,1513.47995800,1
1505739468,21757804,0.00004800,263.36581512,0
1505739441,21757732,0.00004794,406.62453903,0
1505739388,21757563,0.00004791,48.98769038,0
1505739364,21757504,0.00004791,1000.00000000,1
1505739341,21757456,0.00004791,1000.00000000,0
1505739132,21757074,0.00004778,4226.24365300,0
1505739111,21757015,0.00004779,1378.25581674,0
1505739072,21756947,0.00004779,519.85145210,0
1505738858,21756288,0.00004764,13921.29448000,1
1505738852,21756262,0.00004763,1379.46322788,1
1505738844,21756226,0.00004768,880.16200000,0
1505738817,21756117,0.00004766,1975.50000000,1
1505738719,21755766,0.00004790,416.40826550,0
1505738698,21755653,0.00004789,462.45228649,0
1505738554,21755373,0.00004785,1123.34169278,0
1505738477,21755244,0.00004780,309.97343096,0
1505738475,21755243,0.00004768,498.85300088,0
1505738394,21755140,0.00004768,289.01134100,0
1505738358,21755098,0.00004768,1059.86262583,0
1505738337,21755076,0.00004788,2938.27986633,1
1505738337,21755074,0.00004775,117.00000000,0
1505738337,21755073,0.00004769,498.00000000,0
1505738335,21755069,0.00004768,1237.04374456,0
1505738327,21755062,0.00004768,616.23615771,0
1505738168,21754718,0.00004760,3307.72882958,1
1505738165,21754716,0.00004760,2316.87573986,0
1505738164,21754710,0.00004759,1270.33674205,1
1505738164,21754708,0.00004760,10714.76325795,1
1505738150,21754667,0.00004759,497.99999970,0
1505738150,21754665,0.00004757,518.92418779,0
1505738150,21754664,0.00004754,66.49902151,0
1505737963,21754058,0.00004766,920.73059169,0
1505737963,21754057,0.00004766,188.95653999,1
1505737962,21754047,0.00004763,498.00000000,0
1505737960,21754037,0.00004753,840.83830000,0
1505737947,21754002,0.00004753,320.00000000,0
1505737938,21753968,0.00004753,140.10000000,0
1505737907,21753906,0.00004750,1858.44220880,1
1505737779,21753630,0.00004756,5971.97751500,0
1505737764,21753597,0.00004742,1935.75327669,1
1505737740,21753451,0.00004744,1279.39190000,1
1505737725,21753405,0.00004743,1613.99800000,0
1505737715,21753386,0.00004745,1003.00100300,0
1505737698,21753336,0.00004748,879.31767100,0
1505737698,21753335,0.00004748,1162.15939858,0
1505737698,21753334,0.00004748,59.91058642,0
1505737697,21753329,0.00004746,325.41994296,1
1505737682,21753267,0.00004748,1283.19530000,1
1505737682,21753264,0.00004748,758.28177006,1
1505737674,21753215,0.00004748,128.02304000,1
1505737592,21752976,0.00004747,547.64699538,1
1505737537,21752721,0.00004756,1283.35200000,0
1505737411,21752064,0.00004748,50.00000000,1
1505737187,21751651,0.00004767,10364.82688662,0
1505737187,21751650,0.00004771,1313.96980000,1
1505737185,21751648,0.00004774,9791.44227944,0
1505737185,21751647,0.00004774,409.76103394,1
1505736955,21751401,0.00004778,3798.23804151,1
1505736955,21751399,0.00004778,6645.50390073,0
1505736898,21751291,0.00004764,261.00000000,1
1505736775,21751197,0.00004779,1366.79714021,0
1505736775,21751196,0.00004779,133.20285979,0
1505736506,21750870,0.00004789,847.37836709,0
1505736504,21750868,0.00004788,1711.97800125,0
1505736391,21750777,0.00004773,626.96794469,1
1505736359,21750754,0.00004774,2416.11981566,0
1505736090,21750528,0.00004755,679.12908723,0
1505736088,21750521,0.00004761,2517.40117622,0
1505736087,21750519,0.00004761,1441.85181314,0
1505736078,21750507,0.00004756,354.61469201,1
1505736078,21750506,0.00004756,324.10175793,1
1505736033,21750497,0.00004756,697.20982987,1
1505735985,21750357,0.00004739,18599.08714000,1
1505735985,21750356,0.00004743,1565.83050000,1
1505735985,21750355,0.00004757,1302.40000000,1
1505735981,21750335,0.00004759,248.02040288,1
1505735980,21750334,0.00004761,1020.23878151,1
1505735933,21750244,0.00004763,524.95243817,1
1505735817,21750122,0.00004779,1433.53881565,0
1505735795,21750109,0.00004779,3834.59698681,0
1505735756,21750080,0.00004749,2582.52427180,1
1505735749,21750075,0.00004771,447.36980261,1
1505735746,21750072,0.00004760,102.73843267,1
1505735746,21750071,0.00004762,149.42833458,1
1505735648,21749989,0.00004738,4900.89474167,1
1505735647,21749988,0.00004750,10581.00400000,1
1505735647,21749987,0.00004751,2664.62766402,0
1505735647,21749984,0.00004759,1306.85670000,1
1505735645,21749981,0.00004760,1146.61689431,1
1505735637,21749975,0.00004775,100.00000000,0
1505735527,21749877,0.00004778,1300.00000000,0
1505735062,21749609,0.00004785,2664.62766402,0
1505735041,21749597,0.00004729,9472.03176201,0
1505735041,21749596,0.00004731,2500.00000000,1
1505735041,21749595,0.00004731,1574.60940000,0
1505735040,21749593,0.00004755,1727.00000000,1
1505735040,21749592,0.00004756,96.40800918,1
1505735040,21749591,0.00004756,482.04062881,1
1505735040,21749590,0.00004760,4046.55200000,0
1505735038,21749589,0.00004760,1291.35820000,1
1505734942,21749547,0.00004779,0.00000002,0
1505734940,21749545,0.00004779,5697.86038898,1
1505734940,21749544,0.00004785,300.00000000,1
1505734843,21749479,0.00004782,1721.48912588,0
1505734841,21749467,0.00004781,1311.86080000,0
1505734707,21749385,0.00004768,740.20588900,1
1505734706,21749384,0.00004771,1292.25150000,1
1505734556,21749271,0.00004783,500.00000000,0
1505734543,21749260,0.00004783,1235.84802698,1
1505734521,21749245,0.00004783,1287.92770000,1
1505734514,21749234,0.00004782,2265.50000000,1
1505733721,21747853,0.00004786,106.53854188,0
1505733666,21747751,0.00004785,5396.41328876,0
1505733501,21747555,0.00004820,301.44709543,1
1505733501,21747554,0.00004785,2267.80000000,0
1505733499,21747547,0.00004780,80.02368912,0
1505733403,21747406,0.00004767,244.78291000,1
1505733385,21747349,0.00004779,206.62418916,0
1505733371,21747277,0.00004767,1173.45835400,1
1505732706,21745979,0.00004788,336.92533000,1
1505732447,21745818,0.00004763,796.00000000,0
1505732408,21745715,0.00004757,1333.67472000,1
1505732178,21745322,0.00004773,1295.90570000,1
1505732071,21745185,0.00004795,675.55233528,0
1505732061,21745179,0.00004786,1310.23220000,0
1505732037,21745166,0.00004778,1307.26570000,0
1505732012,21745155,0.00004774,1000.00000000,0
1505731987,21745145,0.00004775,1310.45450000,0
1505731978,21745133,0.00004771,520.10647662,0
1505731880,21745083,0.00004776,138.01591289,1
1505731873,21745077,0.00004764,1325.02290000,0
1505731869,21745070,0.00004764,2498.00474300,0
1505731867,21745067,0.00004764,193.00000000,0
1505731857,21745046,0.00004764,193.00000000,0
1505731832,21745020,0.00004762,871.36737200,0
1505731829,21745012,0.00004762,216.02821400,0
1505731669,21744737,0.00004761,2680.29626791,1
1505731669,21744735,0.00004762,3551.67588209,1
1505731632,21744671,0.00004762,4621.64342000,1
1505731376,21744223,0.00004778,402.54091670,0
1505731367,21744207,0.00004781,468.73568000,1
1505731354,21744180,0.00004782,1299.40000000,1
1505731343,21744142,0.00004783,1618.12297735,1
1505731255,21743966,0.00004791,968.39614146,1
1505731255,21743965,0.00004791,2348.16979854,1
1505731224,21743913,0.00004823,3133.75596102,1
1505731223,21743911,0.00004817,1912.09369710,0
1505731223,21743910,0.00004803,1328.23410000,0
1505731221,21743908,0.00004802,753.38709847,0
1505731183,21743857,0.00004797,2303.73157800,0
1505731176,21743853,0.00004793,1000.00000000,0
1505731039,21743654,0.00004800,2681.70003200,1
1505730627,21743028,0.00004817,62.52104000,0
1505730591,21742980,0.00004825,12260.02861000,1
1505730591,21742978,0.00004814,2259.20000000,0
1505730576,21742951,0.00004822,1597.22751034,0
1505730567,21742924,0.00004813,2259.20000000,0
1505730527,21742885,0.00004807,3537.90000000,0
1505730508,21742835,0.00004796,500.00000000,1
1505730477,21742773,0.00004817,476.30358800,0
1505730445,21742685,0.00004820,210.00000000,1
1505730415,21742631,0.00004790,650.61525360,1
1505730414,21742629,0.00004791,3108.86244205,0
1505730414,21742628,0.00004791,9284.40252435,1
1505730380,21742577,0.00004823,606.07240940,0
1505730204,21741984,0.00004732,507.03975509,0
1505730204,21741981,0.00004784,507.37111298,0
1505730203,21741978,0.00004816,2529.37342160,0
1505730203,21741977,0.00004817,1324.88550000,1
1505730190,21741963,0.00004829,2861.70345827,0
1505729915,21741621,0.00004814,784.72478700,0
1505729911,21741611,0.00004812,2259.20000000,0
1505729564,21741281,0.00004822,412.02509332,0
1505729563,21741280,0.00004822,795.49436118,0
1505729460,21741227,0.00004817,2000.00000000,1
1505729452,21741225,0.00004819,890.07594937,0
1505729238,21741091,0.00004807,1298.85570000,1
1505729218,21741084,0.00004821,607.95332918,0
1505728811,21740507,0.00004822,135.39531100,0
1505728715,21740230,0.00004822,0.00000015,1
1505728715,21740229,0.00004822,1034.32185800,1
1505728465,21739804,0.00004824,252.51492537,0
1505728465,21739803,0.00004821,2062.17000000,1
1505728463,21739799,0.00004821,1291.43500000,0
1505728408,21739760,0.00004808,655.96331700,1
1505728408,21739759,0.00004809,1301.15750000,1
1505728369,21739709,0.00004807,2045.97977683,1
1505728369,21739708,0.00004812,1314.84540000,1
1505728369,21739707,0.00004813,1140.71025217,1
1505728246,21739519,0.00004820,515.82344398,0
1505728245,21739518,0.00004818,1602.10000000,0
1505728131,21739325,0.00004805,3524.20088909,0
1505728131,21739324,0.00004803,9537.32193944,0
1505728088,21739279,0.00004799,1288.29240100,1
1505728061,21739205,0.00004800,1602.14613727,0
1505728027,21739139,0.00004800,4397.85386273,0
1505728027,21739138,0.00004800,525.21513727,0
1505728008,21739129,0.00004800,518.44217000,0
1505727898,21738891,0.00004800,131.84052100,0
1505727893,21738872,0.00004800,4845.67361100,0
1505727739,21738752,0.00004786,254.12034000,0
1505727737,21738750,0.00004793,203.13902675,1
1505727737,21738748,0.00004793,2211.80000000,0
1505727736,21738746,0.00004790,4533.56546225,0
1505727680,21738612,0.00004782,12206.74803656,1
1505727679,21738611,0.00004783,9791.44227944,1
1505727672,21738592,0.00004782,3001.80968400,1
1505727671,21738591,0.00004782,9791.44227944,1
1505727670,21738590,0.00004790,1415.79875619,1
1505727670,21738589,0.00004790,624.10478000,1
1505727662,21738580,0.00004797,4123.37837100,0
1505727484,21738271,0.00004794,1288.89760000,1
1505727483,21738270,0.00004799,6725.11465732,1
1505727393,21737967,0.00004800,1117.59714882,0
1505727392,21737963,0.00004800,1384.59380000,1
1505727379,21737947,0.00004802,576.50059091,1
1505727379,21737946,0.00004803,2115.00000948,1
1505727371,21737925,0.00004808,1302.84510000,1
1505727363,21737899,0.00004808,3487.08594276,1
1505727352,21737879,0.00004823,241.63425253,0
1505727273,21737765,0.00004822,402.14099108,0
1505727255,21737728,0.00004800,3788.20000000,0
1505727224,21737629,0.00004800,2211.80000000,0
1505727223,21737622,0.00004790,2394.75746491,0
1505727223,21737621,0.00004790,6000.00000000,0
1505727202,21737566,0.00004790,1173.22440600,0
1505727182,21737530,0.00004790,25000.00000000,0
1505727172,21737517,0.00004790,1620.62326900,0
1505727146,21737475,0.00004790,2844.84800000,0
1505727145,21737473,0.00004790,1623.10179000,0
1505727143,21737470,0.00004790,1631.44177800,0
1505727104,21737419,0.00004799,1465.80635500,0
1505727091,21737408,0.00004799,1271.46175900,0
1505726847,21737102,0.00004806,1211.68566674,0
1505726530,21736839,0.00004782,1296.42808988,1
1505726510,21736811,0.00004775,1299.99999589,0
1505726402,21736699,0.00004774,710.48177629,1
1505726340,21736636,0.00004775,100.00000000,0
1505726188,21736440,0.00004774,1000.00000000,1
1505726137,21736413,0.00004773,1712.85901840,1
1505726137,21736412,0.00004770,4036.48002160,0
1505725776,21735557,0.00004755,0.00000027,1
1505725775,21735551,0.00004755,1723.65233461,1
1505725774,21735550,0.00004757,2022.60670000,1
1505725774,21735549,0.00004767,0.00000039,1
1505725726,21735446,0.00004770,3312.72000000,0
1505725690,21735318,0.00004767,1110.96999500,1
1505725661,21735289,0.00004765,0.00000461,0
1505725653,21735269,0.00004765,2456.09310000,1
1505725653,21735268,0.00004766,1152.87976539,1
1505725625,21735197,0.00004772,390.00000000,1
1505725523,21734959,0.00004774,1152.87976539,1
1505725523,21734958,0.00004774,1279.34023249,0
1505725298,21734675,0.00004728,16292.02135393,1
1505725298,21734674,0.00004729,1223.24889382,1
1505725297,21734672,0.00004730,1700.00000000,1
1505725297,21734667,0.00004731,244.37854993,1
1505725297,21734666,0.00004738,76.23283137,1
1505725296,21734660,0.00004744,964.11837095,1
1505725279,21734648,0.00004738,65.76716863,1
1505725278,21734647,0.00004739,2136.55492578,0
1505725278,21734646,0.00004739,1344.84455483,0
1505725277,21734645,0.00004750,1117.73000000,1
1505725277,21734644,0.00004750,56.10000000,1
1505725277,21734643,0.00004750,2000.00000000,1
1505725277,21734642,0.00004750,66.00000000,1
1505725277,21734641,0.00004752,1724.74072827,1
1505725275,21734640,0.00004754,1724.01498001,1
1505725215,21734550,0.00004775,0.00000411,1
1505725214,21734534,0.00004775,4912.28146000,1
1505725211,21734500,0.00004779,2087.47792425,0
1505725080,21734299,0.00004775,3924.05426736,1
1505725066,21734289,0.00004785,1291.92760000,1
1505725066,21734288,0.00004787,0.00000369,1
1505725000,21734232,0.00004787,100.40999631,1
1505725000,21734231,0.00004789,3545.03470428,1
1505725000,21734230,0.00004789,3240.98955941,1
1505724922,21734140,0.00004790,2649.21970000,1
1505724831,21734057,0.00004790,3200.78030000,1
1505724825,21734049,0.00004790,1000.00000000,1
1505724771,21734029,0.00004806,178.52684144,0
1505724585,21733928,0.00004807,59.00000000,0
1505724519,21733889,0.00004807,1000.00000000,0
1505724309,21733657,0.00004793,1345.14610000,1
1505724258,21733591,0.00004791,1550.59039666,1
1505724258,21733587,0.00004793,208.63759649,1
1505724257,21733585,0.00004800,1117.73000000,1
1505724257,21733584,0.00004800,1803.21687500,1
1505724255,21733582,0.00004800,1759.22799300,1
1505724251,21733579,0.00004800,3901.46937000,1
1505724249,21733574,0.00004800,195.64994500,1
1505724249,21733573,0.00004800,64.00000000,1
1505724249,21733572,0.00004801,4420.96074000,1
1505724239,21733529,0.00004801,579.03926000,1
1505724239,21733528,0.00004801,150.00000000,1
1505724239,21733527,0.00004805,1290.21540000,1
1505724185,21733431,0.00004802,1887.91417220,1
1505724184,21733430,0.00004802,3238.54541000,1
1505724172,21733418,0.00004808,1290.33390100,1
1505724108,21733333,0.00004808,1.02799900,1
1505724108,21733332,0.00004819,1808.14433100,1
1505724058,21733243,0.00004819,1483.71133800,1
1505724047,21733204,0.00004819,1808.14433100,1
1505724038,21733161,0.00004820,2659.08522744,1
1505724037,21733159,0.00004822,202.66151970,1
1505724037,21733158,0.00004823,484.09358286,1
1505724036,21733154,0.00004823,1974.91323000,1
1505724036,21733153,0.00004825,484.09358300,1
1505724027,21733127,0.00004825,2015.90641700,1
1505724027,21733123,0.00004826,306.79807400,1
1505724027,21733121,0.00004826,990.20082600,1
1505724024,21733114,0.00004836,670.04838709,1
1505724024,21733113,0.00004836,338.22292085,0
1505724009,21733089,0.00004828,185.54820000,1
1505723944,21733011,0.00004839,13289.04050423,0
1505723650,21732692,0.00004830,1638.14558300,1
1505723649,21732691,0.00004833,704.89896215,1
1505723648,21732688,0.00004833,1291.39590000,1
1505723531,21732457,0.00004847,204.30000000,0
1505723466,21732229,0.00004848,622.86119000,0
1505723418,21732150,0.00004848,2270.80000000,0
1505723416,21732148,0.00004848,1290.89570000,1
1505723416,21732145,0.00004849,846.56404914,1
1505723302,21732005,0.00004842,154.30054551,0
1505723283,21731989,0.00004842,1388.70490958,0
1505723256,21731979,0.00004842,9925.49326200,0
1505723255,21731978,0.00004841,2205.07459043,1
1505723189,21731913,0.00004842,17228.65698291,0
1505723189,21731912,0.00004841,3040.66811009,0
1505723169,21731870,0.00004841,492.67751000,0
1505723135,21731782,0.00004842,1302.84430000,0
1505723105,21731764,0.00004853,854.73150628,0
1505723060,21731708,0.00004834,17075.92939621,1
1505723060,21731707,0.00004836,965.61452223,1
1505723059,21731705,0.00004848,1097.70668156,0
1505723059,21731704,0.00004848,1280.74940000,1
1505722887,21731430,0.00004860,1026.24094650,0
1505722749,21731074,0.00004853,452.26100000,1
1505722732,21731055,0.00004855,723.82900000,1
1505722598,21730945,0.00004896,1071.94914215,1
1505722598,21730944,0.00004873,2987.13093988,0
1505722596,21730943,0.00004870,1289.86500000,0
1505722083,21730111,0.00004863,389.50982400,1
1505722081,21730108,0.00004862,7731.55765969,1
1505722081,21730107,0.00004866,4785.76575231,1
1505722048,21730045,0.00004897,137.08168266,1
1505722048,21730044,0.00004897,1070.00000000,1
1505722047,21730042,0.00004894,317.73955182,0
1505722047,21730041,0.00004894,317.70689548,0
1505722047,21730039,0.00004892,2182.36043108,0
1505722045,21730034,0.00004886,2258.60000000,0
1505722030,21729986,0.00004872,847.70159000,1
1505721920,21729754,0.00004890,2821.18732106,0
1505721919,21729752,0.00004888,15795.21974026,1
1505721919,21729751,0.00004888,1789.65820221,1
1505721846,21729599,0.00004887,83.06854921,0
1505721818,21729555,0.00004888,1377.13789754,0
1505721789,21729487,0.00004873,2258.60000000,1
1505721789,21729486,0.00004874,1281.98730000,1
1505721639,21729252,0.00004876,2261.90000000,0
1505721555,21728934,0.00004846,4515.67927615,1
1505721555,21728933,0.00004848,1270.53758510,1
1505721553,21728930,0.00004856,1280.72340000,1
1505721553,21728929,0.00004856,1563.05973875,1
1505721449,21728836,0.00004856,803.12725385,0
1505721446,21728830,0.00004856,1562.34253540,0
1505721446,21728826,0.00004856,1797.14391783,0
1505721436,21728816,0.00004856,229.51588600,0
1505721436,21728815,0.00004856,3092.22400000,0
1505721309,21728688,0.00004854,2482.89019365,0
1505721307,21728687,0.00004836,55105.92186084,1
1505721307,21728685,0.00004837,539.79371252,1
1505721307,21728684,0.00004837,787.60168424,1
1505721306,21728682,0.00004837,201.15774240,1
1505721306,21728681,0.00004838,1280.62500000,1
1505721279,21728647,0.00004844,2261.90000000,1
1505721241,21728599,0.00004859,519.38464705,0
1505720964,21728298,0.00004847,257.48916500,0
1505720844,21728168,0.00004838,1087.72446000,1
1505720785,21728092,0.00004838,455.89458500,1
1505720784,21728090,0.00004840,300.00000000,1
1505720778,21728076,0.00004844,610.58152268,1
1505720778,21728075,0.00004848,2000.20033010,1
1505720770,21728057,0.00004850,239.30000000,1
1505720769,21728054,0.00004850,878.43000000,1
1505720769,21728052,0.00004855,239.30000000,1
1505720769,21728048,0.00004855,2260.70000000,1
1505720767,21728038,0.00004857,537.14160773,1
1505720755,21728010,0.00004856,680.17772845,1
1505720755,21728009,0.00004858,205.33141210,1
1505720755,21728008,0.00004862,1285.27679145,1
1505720754,21728006,0.00004862,714.72320855,1
1505720753,21728005,0.00004862,0.00000390,1
1505720753,21728004,0.00004862,439.74478755,1
1505720753,21728003,0.00004862,1050.88730245,1
1505720753,21728002,0.00004862,891.56623955,1
1505720752,21727999,0.00004862,808.39139600,1
1505720751,21727995,0.00004862,1896.47415814,1
1505720750,21727993,0.00004862,1740.90506316,1
1505720750,21727992,0.00004862,56.15952039,1
1505720750,21727991,0.00004863,1267.23370000,1
1505720418,21727282,0.00004862,3001.09829528,1
1505720418,21727280,0.00004864,440.43396772,1
1505719891,21726193,0.00004878,313.12280931,0
1505719891,21726192,0.00004878,178.67646150,0
1505719869,21726102,0.00004873,1278.02000000,1
1505719869,21726100,0.00004874,1439.20000000,1
1505719611,21725628,0.00004878,140.00000000,0
1505719507,21725477,0.00004869,320.35493827,1
1505719462,21725398,0.00004868,503.85013402,1
1505719434,21725301,0.00004864,525.82256931,1
1505719429,21725264,0.00004878,1266.43330000,1
1505719429,21725263,0.00004878,11719.14175425,1
1505719429,21725259,0.00004878,376.84465387,1
1505719426,21725232,0.00004878,318.18013457,1
1505719421,21725190,0.00004878,317.76652879,1
1505719372,21724982,0.00004901,3575.14360000,0
1505719370,21724979,0.00004894,1284.85640000,0
1505719271,21724765,0.00004893,6051.39463009,1
1505719271,21724762,0.00004893,315.14702574,1
1505719271,21724761,0.00004893,8670.24600000,0
1505719259,21724714,0.00004879,1286.79039000,0
1505719248,21724702,0.00004878,1938.60000000,1
1505719240,21724692,0.00004878,654.08924695,1
1505719240,21724691,0.00004879,1759.85258405,1
1505719240,21724689,0.00004882,1274.84870000,1
1505719219,21724654,0.00004885,1284.17910000,1
1505719075,21724266,0.00004895,317.61550808,1
1505719006,21724140,0.00004911,2869.99226226,0
1505719006,21724139,0.00004910,2250.50000000,0
1505719004,21724126,0.00004907,197.60621472,0
1505718904,21723865,0.00004884,2682.40828528,1
1505718904,21723862,0.00004887,1419.98550000,1
1505718902,21723847,0.00004889,197.60621472,1
1505718883,21723792,0.00004915,3682.82746693,1
1505718883,21723791,0.00004914,2985.50521399,0
1505718881,21723784,0.00004900,7717.83550576,0
1505718879,21723777,0.00004900,50.00000000,0
1505718849,21723752,0.00004900,3031.97753600,0
1505718841,21723721,0.00004900,3920.89061224,0
1505718763,21723568,0.00004899,590.48132272,0
1505718727,21723451,0.00004900,9369.33800000,0
1505718720,21723444,0.00004900,909.95834600,0
1505718708,21723413,0.00004885,1617.50406756,1
1505718624,21723169,0.00004899,13683.58390500,0
1505718614,21723139,0.00004899,452.26516600,0
1505718600,21723105,0.00004899,407.22841396,0
1505718389,21722602,0.00004885,1266.28150000,1
1505718389,21722600,0.00004885,2250.50000000,1
1505718295,21722401,0.00004880,8897.16851333,1
1505718295,21722399,0.00004881,1924.92819467,1
1505718295,21722397,0.00004883,1271.95240000,1
1505718271,21722342,0.00004883,1142.09477700,1
1505718271,21722341,0.00004885,16.49522300,1
1505718268,21722332,0.00004885,1283.06967700,1
1505718088,21721678,0.00004879,1714.54886000,1
1505718079,21721649,0.00004880,3932.75883100,1
1505718077,21721648,0.00004874,1277.05300000,1
1505718077,21721647,0.00004875,8913.61948718,1
1505718077,21721646,0.00004878,10235.75235752,1
1505718077,21721645,0.00004878,227.72850305,1
1505718076,21721644,0.00004879,1155.02346200,1
1505718032,21721540,0.00004878,1038.76414400,1
1505718009,21721442,0.00004878,334.00000000,1
1505718003,21721396,0.00004878,578.00000000,1
1505717957,21721179,0.00004883,1297.60450000,1
1505717736,21720555,0.00004884,1434.84398833,1
1505717735,21720554,0.00004889,1309.98000000,1
1505717726,21720536,0.00004898,238.03229600,1
1505717661,21720367,0.00004888,999.64119974,1
1505717661,21720366,0.00004888,1482.63014426,1
1505717656,21720350,0.00004888,295.00000000,1
1505717520,21720110,0.00004910,3202.00785634,0
1505717520,21720109,0.00004904,2246.70000000,0
1505717361,21719748,0.00004899,1301.50700000,1
1505717360,21719747,0.00004899,1117.73000000,1
1505717319,21719607,0.00004902,1107.33229956,0
1505717318,21719602,0.00004905,9791.44227944,1
1505717317,21719598,0.00004902,192.00000000,1
1505717307,21719568,0.00004907,2631.95031100,1
1505717250,21719334,0.00004907,192.00000000,1
1505717185,21719222,0.00004911,2467.12122900,1
1505717181,21719217,0.00004914,2246.70000000,1
1505717154,21719188,0.00004958,578.87676482,0
1505717154,21719187,0.00004931,11200.26900000,1
1505717152,21719186,0.00004925,9326.44227944,1
1505717152,21719185,0.00004925,3682.80772867,0
1505716442,21717935,0.00004931,465.00000000,0
1505716185,21717563,0.00004917,1314.63199956,1
1505716185,21717562,0.00004918,9791.44227944,1
1505716089,21717440,0.00004953,431.99798102,0
1505715833,21717239,0.00004916,1983.08212920,1
1505715404,21716732,0.00004951,108.96570610,0
1505715404,21716731,0.00004926,0.00000390,0
1505715404,21716728,0.00004925,108.96570958,0
1505715402,21716723,0.00004925,1496.99841682,0
1505715341,21716567,0.00004913,77.40000000,1
1505715338,21716553,0.00004926,1490.63209000,0
1505715328,21716519,0.00004926,1699.95763555,0
1505715324,21716512,0.00004926,1896.47415814,0
1505715324,21716511,0.00004925,4938.30133186,0
1505715323,21716504,0.00004926,1740.90506316,0
1505715318,21716490,0.00004923,1766.97139809,0
1505715315,21716468,0.00004925,6827.96895000,0
1505715312,21716451,0.00004923,15.00000000,1
1505715310,21716444,0.00004925,1837.44853887,0
1505715219,21716371,0.00004923,135.00000000,1
1505715200,21716353,0.00004926,3057.25781567,0
1505714913,21715932,0.00004923,1464.91306114,0
1505714913,21715931,0.00004923,531.90000000,1
1505714911,21715929,0.00004918,2895.89630000,0
1505714864,21715861,0.00004893,470.08289393,1
1505714730,21715621,0.00004891,148.86337848,0
1505714725,21715600,0.00004891,1659.00190053,0
1505714720,21715581,0.00004891,1794.56180889,0
1505714715,21715575,0.00004925,4308.34137415,1
1505714715,21715573,0.00004925,1586.42800000,1
1505714714,21715571,0.00004925,584.03500000,1
1505714714,21715569,0.00004925,19330.88000000,1
1505714713,21715565,0.00004925,528.85917252,1
1505714713,21715562,0.00004916,3804.07180000,0
1505714712,21715561,0.00004903,893.37241514,0
1505714712,21715560,0.00004902,3545.49070600,0
1505714712,21715559,0.00004891,307.54265219,0
1505714708,21715546,0.00004891,4159.31942349,0
1505714707,21715545,0.00004887,307.54265251,0
1505714706,21715541,0.00004887,1713.28424749,0
1505714671,21715478,0.00004876,15139.58009100,1
1505714667,21715469,0.00004876,234.67204700,1
1505714647,21715442,0.00004877,2967.49070600,1
1505714565,21715287,0.00004906,4176.50419678,0
1505714565,21715286,0.00004894,0.46846722,0
1505714553,21715272,0.00004893,1802.70230000,0
1505714469,21714993,0.00004877,578.00000000,1
1505714330,21714723,0.00004888,583.62605345,1
1505714329,21714722,0.00004891,431.19394655,1
1505713984,21714090,0.00004901,669.08953278,1
1505713966,21714053,0.00004901,764.56744174,1
1505713966,21714047,0.00004901,3822.83720868,1
1505713966,21714044,0.00004901,1073.81000000,0
1505713966,21714042,0.00004895,1491.07810000,0
1505713965,21714041,0.00004886,2263.00000000,0
1505713965,21714040,0.00004884,13113.37422680,0
1505713965,21714037,0.00004883,300.00000000,0
1505713965,21714032,0.00004882,632.60894000,0
1505713695,21713655,0.00004886,1669.60073059,0
1505713695,21713654,0.00004885,9649.46276941,0
1505713686,21713625,0.00004884,1000.00000000,0
1505713685,21713619,0.00004882,1304.63260000,0
1505713681,21713601,0.00004879,324.61927484,0
1505713681,21713598,0.00004879,0.00000047,0
1505713679,21713594,0.00004879,1901.00940600,0
1505713675,21713585,0.00004883,1459.43945110,0
1505713675,21713583,0.00004883,347.81195381,0
1505713668,21713567,0.00004876,1251.99025387,0
1505713558,21713405,0.00004883,347.81195381,1
1505713553,21713401,0.00004875,1300.23190000,0
1505713552,21713399,0.00004873,689.66536964,0
1505713552,21713398,0.00004872,2994.09366142,0
1505713519,21713339,0.00004872,0.00000041,0
1505713519,21713338,0.00004872,13838.72060000,0
1505713519,21713337,0.00004872,2399.49313659,0
1505713509,21713296,0.00004873,689.66537588,1
1505713504,21713261,0.00004873,5000.00000076,1
1505713408,21712920,0.00004872,1309.21219954,0
1505713408,21712917,0.00004872,3979.32678346,0
1505713366,21712768,0.00004850,0.00000032,0
1505713334,21712599,0.00004850,2863.05665000,0
1505713334,21712595,0.00004850,1567.44019400,0
1505713334,21712591,0.00004850,4159.64657900,0
1505713217,21712500,0.00004850,336.04657668,0
1505713217,21712499,0.00004849,14077.32765012,0
1505713210,21712485,0.00004849,426.43566100,0
1505713152,21712404,0.00004850,1073.81000000,1
1505713019,21712295,0.00004866,85.08446362,0
1505712930,21712201,0.00004861,1120.39033500,0
1505712803,21712076,0.00004868,586.05936729,0
1505712658,21711753,0.00004851,1222.85227200,0
1505712468,21711340,0.00004872,6873.69504800,1
1505712317,21710970,0.00004880,344.58000000,0
1505712316,21710967,0.00004880,986.00000000,1
1505712226,21710702,0.00004896,585.51940359,0
1505712065,21710293,0.00004894,204.33183490,1
1505712063,21710288,0.00004895,355.98745300,1
1505712013,21710231,0.00004894,1309.13940000,1
1505712004,21710224,0.00004893,1007.88300000,1
1505712001,21710222,0.00004894,195.00000000,1
1505711988,21710210,0.00004897,1256.46921300,1
1505711941,21710187,0.00004894,1587.44740000,1
1505711941,21710186,0.00004897,1338.55260000,1
1505711707,21710042,0.00004893,477.67472500,1
1505711701,21710032,0.00004892,154.96749700,1
1505711656,21709952,0.00004892,1314.77460000,1
1505711656,21709950,0.00004897,15725.95615165,1
1505711281,21709168,0.00004919,2471.94345558,0
1505711228,21709144,0.00004923,1913.80214173,0
1505711228,21709143,0.00004922,1710.08739973,0
1505711167,21709120,0.00004922,3887.20419658,0
1505711086,21709098,0.00004922,60.79865908,0
1505711035,21709040,0.00004922,2136.80974461,0
1505710797,21708919,0.00004919,1058.13078868,0
1505710784,21708917,0.00004919,2175.18830845,0
1505710771,21708912,0.00004919,2160.27097747,0
1505710727,21708891,0.00004919,1067.05986555,0
1505710727,21708890,0.00004918,719.61216591,0
1505710713,21708879,0.00004919,1776.21033743,0
1505710700,21708867,0.00004919,1763.13972242,0
1505710635,21708821,0.00004918,463.33388714,0
1505710608,21708806,0.00004918,1378.78480483,0
1505710595,21708782,0.00004918,1194.52726000,0
1505710480,21708719,0.00004925,2368.80182741,0
1505710478,21708718,0.00004924,2169.17757685,0
1505709927,21708338,0.00004901,1350.52010000,0
1505709927,21708337,0.00004900,3954.59756098,0
1505709002,21707731,0.00004920,2228.71300813,0
1505708758,21707632,0.00004920,608.23536585,0
1505708672,21707580,0.00004920,2471.45406504,0
1505708401,21707497,0.00004950,11298.95171717,0
1505708401,21707496,0.00004949,670.76630764,0
1505708401,21707495,0.00004924,3353.83153820,0
1505708400,21707494,0.00004920,18338.67700000,1
1505708400,21707493,0.00004917,750.85000000,0
1505708400,21707492,0.00004916,1613.25563144,1
1505707881,21707276,0.00004911,2348.21895200,0
1505707364,21706949,0.00004892,60.00000000,1
1505707037,21706797,0.00004899,1343.64350000,0
1505706989,21706778,0.00004895,6123.68768999,1
1505706988,21706777,0.00004896,2169.17757685,1
1505706988,21706776,0.00004896,1992.97767416,1
1505706986,21706775,0.00004899,1816.04414662,1
1505706969,21706759,0.00004899,1816.04414662,0
1505706719,21706689,0.00004904,970.22838499,0
1505706222,21706429,0.00004914,776.77370777,0
1505706162,21706408,0.00004899,272.99820000,1
1505706153,21706396,0.00004901,900.00000000,1
1505706102,21706323,0.00004914,426.12942612,1
1505705742,21705695,0.00004907,4065.64581211,0
1505705638,21705659,0.00004910,426.37454175,0
1505705566,21705619,0.00004892,2243.81100000,1
1505705566,21705618,0.00004897,1325.77330000,0
1505705565,21705616,0.00004901,1330.41570000,1
1505705550,21705601,0.00004898,1618.92145000,0
1505705437,21705474,0.00004898,8848.62249000,0
1505705437,21705470,0.00004898,4312.85606000,0
1505705424,21705428,0.00004898,219.60000000,1
1505705398,21705418,0.00004899,53.50000000,1
1505705390,21705416,0.00004899,621.41875000,0
1505705353,21705385,0.00004899,1600.00000000,0
1505705273,21705337,0.00004900,243.95017300,0
1505704946,21705198,0.00004896,1000.00000000,1
1505704513,21704945,0.00004844,787.81907892,0
1505704513,21704944,0.00004878,4168.15862108,1
1505704511,21704942,0.00004882,1347.96170000,1
1505703817,21704207,0.00004891,844.79357440,0
1505703816,21704206,0.00004881,66.13824500,0
1505703545,21703879,0.00004875,495.25702564,0
1505703399,21703807,0.00004865,138.77419306,1
1505703397,21703806,0.00004866,1699.08860558,1
1505703213,21703669,0.00004865,1342.25310000,1
1505703155,21703595,0.00004878,2264.80000000,1
1505703124,21703552,0.00004870,1718.03936100,1
1505703053,21703497,0.00004881,2686.91699100,0
1505703015,21703462,0.00004881,4441.58946019,0
1505703015,21703461,0.00004878,1539.34929781,0
1505703001,21703442,0.00004878,2689.05412054,0
1505702465,21702364,0.00004870,3522.54168378,0
1505702465,21702361,0.00004870,1393.30000000,0
1505702158,21701986,0.00004845,981.66580600,1
1505702078,21701888,0.00004871,4990.31882570,0
1505702022,21701859,0.00004864,1393.37597600,1
1505702010,21701853,0.00004879,494.85099405,0
1505701932,21701810,0.00004880,494.70512295,0
1505701757,21701686,0.00004879,233.36872309,0
1505701500,21701441,0.00004851,235.95256100,1
1505701481,21701420,0.00004869,3704.84551077,1
1505701466,21701393,0.00004869,4152.56461794,0
1505701440,21701360,0.00004864,2618.97668900,0
1505701409,21701324,0.00004869,8620.78434996,0
1505701407,21701321,0.00004856,1627.00000000,0
1505701213,21701035,0.00004842,1317.54490000,1
1505700848,21700197,0.00004876,431.78445447,0
1505700848,21700196,0.00004876,703.58715312,0
1505700846,21700195,0.00004875,1482.83194388,0
1505700579,21699604,0.00004866,3499.99672382,0
1505700575,21699587,0.00004861,1328.84820000,0
1505700305,21698734,0.00004841,684.93942944,1
1505700305,21698731,0.00004843,1297.18413156,1
1505700305,21698725,0.00004847,1351.32670000,1
1505700200,21698490,0.00004859,1362.49519568,0
1505700200,21698489,0.00004858,4767.13956039,0
1505700200,21698488,0.00004857,15603.11837393,0
1505699750,21697635,0.00004867,102.12697760,0
1505699549,21697529,0.00004864,549.59402500,0
1505699498,21697516,0.00004870,453.10858900,0
1505699318,21697346,0.00004855,7194.64469619,1
1505699318,21697345,0.00004856,571.54273738,1
1505699311,21697336,0.00004867,1122.44217912,1
1505699310,21697335,0.00004867,2365.77873700,1
1505699310,21697334,0.00004868,1652.90360000,1
1505699310,21697333,0.00004868,199.37448614,1
1505699309,21697332,0.00004868,1034.61958600,1
1505699209,21697284,0.00004884,1359.91430000,0
1505699209,21697283,0.00004872,25.15490000,0
1505698489,21696751,0.00004861,1352.02520000,0
1505698351,21696505,0.00004849,184.64328000,0
1505698318,21696386,0.00004850,235.83564427,1
1505698277,21696312,0.00004850,10438.72164200,1
1505698260,21696279,0.00004850,2526.83490371,1
1505698260,21696278,0.00004851,206.14306329,1
1505698239,21696252,0.00004850,18118.63211200,1
1505698209,21696196,0.00004851,482.73098223,1
1505698209,21696195,0.00004851,206.14306329,1
1505698209,21696193,0.00004857,205.88840848,1
1505698101,21695704,0.00004855,1136.90802092,1
1505698101,21695703,0.00004867,205.46537908,1
1505698083,21695616,0.00004862,528.95523550,1
1505698079,21695592,0.00004862,104.21000000,1
1505698078,21695573,0.00004862,722.38111097,1
1505698078,21695570,0.00004862,928.48174098,1
1505698070,21695524,0.00004862,2955.00000000,1
1505698066,21695493,0.00004862,1187.08635000,1
1505698059,21695470,0.00004862,2955.00000000,1
1505698033,21695379,0.00004863,2068.67726800,1
1505698018,21695346,0.00004862,1859.65867544,1
1505698018,21695345,0.00004863,1095.34132456,1
1505697524,21694654,0.00004865,280.64350649,1
1505697524,21694652,0.00004865,750.85000000,1
1505697383,21694465,0.00004872,1328.63150000,0
1505697383,21694463,0.00004872,166.00000000,1
1505697182,21693820,0.00004899,21758.51581955,0
1505696686,21693063,0.00004889,485.30231131,1
1505696684,21693062,0.00004882,15.49955600,0
1505696360,21692559,0.00004882,1322.30714400,0
1505696289,21692428,0.00004887,1532.98357300,0
1505695854,21691725,0.00004896,553.23937908,0
1505695205,21691249,0.00004875,505.24694409,1
1505695200,21691241,0.00004875,494.75305591,1
1505695069,21691067,0.00004876,776.12322831,1
1505694988,21690826,0.00004877,149.49126000,1
1505694890,21690645,0.00004875,166.00000000,1
1505694866,21690575,0.00004875,149.00000000,0
1505694848,21690484,0.00004875,984.44697436,1
1505694743,21690340,0.00004888,2522.11477086,0
1505694732,21690334,0.00004878,413.10219577,1
1505694653,21690284,0.00004895,43.59000000,1
1505694639,21690265,0.00004896,0.00000030,1
1505694608,21690251,0.00004896,2303.70527000,1
1505694456,21690033,0.00004896,402.94868971,1
1505694454,21690014,0.00004891,126.74891029,0
1505694442,21689963,0.00004891,621.53998769,1
1505694428,21689947,0.00004891,2479.53675692,1
1505694415,21689929,0.00004891,1396.75340510,1
1505694394,21689901,0.00004891,277.23223000,1
1505694362,21689853,0.00004891,323.58820299,1
1505694357,21689842,0.00004902,832.63201500,0
1505694308,21689769,0.00004899,1351.53470000,1
1505694243,21689706,0.00004904,1403.82121000,1
1505694114,21689615,0.00004895,156.63004021,1
1505694114,21689614,0.00004895,814.91664008,1
1505694101,21689597,0.00004895,535.34095992,1
1505694100,21689596,0.00004895,0.00000024,1
1505694013,21689550,0.00004895,1420.83395300,1
1505694012,21689547,0.00004895,579.16604676,1
1505694012,21689546,0.00004896,8363.42874324,1
1505693685,21689209,0.00004896,364.06923094,0
1505693623,21689073,0.00004899,547.02612778,1
1505693428,21688813,0.00004907,258.45908874,1
1505693255,21688621,0.00004918,1048.21851782,0
1505693254,21688617,0.00004907,258.45908874,0
1505693254,21688615,0.00004907,258.45908874,0
1505693239,21688574,0.00004906,149.54091126,0
1505693238,21688572,0.00004907,258.45908874,1
1505693082,21688224,0.00004907,50.54091126,1
1505693080,21688215,0.00004913,465.33751586,0
1505693080,21688213,0.00004908,3480.08549414,0
1505693042,21688143,0.00004913,1334.24600000,1
1505692977,21688010,0.00004909,1343.29880000,0
1505692946,21687907,0.00004931,506.89375507,0
1505692935,21687880,0.00004932,8.93510000,0
1505692935,21687879,0.00004928,1350.04910000,0
