date,tid,price,amount,type
1505779047,21805236,0.16372,43.33512832,0
1505779046,21805235,0.16370,80.00000000,0
1505778076,21804640,0.16310,100.00000000,1
1505778063,21804618,0.16307,397.22273000,1
1505778037,21804555,0.16325,331.12932000,1
1505778024,21804539,0.16323,331.12932000,1
1505778011,21804528,0.16323,281.27627000,1
1505777997,21804489,0.16323,210.21867000,1
1505777984,21804467,0.16323,210.21867000,1
1505777971,21804459,0.16323,210.21867000,1
1505777958,21804445,0.16320,249.76476000,1
1505777944,21804437,0.16318,296.75020000,1
1505777931,21804431,0.16318,352.57450000,1
1505777766,21804378,0.16346,100.00000000,0
1505776690,21804026,0.16341,563.62201881,0
1505776690,21804025,0.16339,1267.67270000,0
1505776558,21803986,0.16335,5598.82165303,1
1505776558,21803985,0.16335,1399.02034697,1
1505776098,21803773,0.16335,523.05400000,1
1505776012,21803716,0.16335,1918.83820000,0
1505775916,21803654,0.16368,152.35612170,0
1505775667,21803507,0.16259,5533.66136434,1
1505775656,21803505,0.16314,2957.38696824,0
1505775655,21803504,0.16285,100.00000000,0
1505774685,21803009,0.16262,194.00000000,1
1505774632,21802993,0.16295,510.44904386,1
1505774632,21802992,0.16295,305.93833814,1
1505774632,21802991,0.16300,2144.38076000,1
1505774632,21802990,0.16302,512.68614800,1
1505774420,21802897,0.16302,2557.31385200,1
1505774138,21802553,0.16300,500.00000000,1
1505774100,21802472,0.16300,466.59475000,1
1505774087,21802460,0.16300,582.95196000,1
1505774074,21802437,0.16300,728.32580000,1
1505774013,21802362,0.16300,577.74673000,1
1505773805,21802191,0.16374,1167.08333333,0
1505773653,21802146,0.16310,100.00000000,1
1505773604,21802131,0.16310,1094.38239890,0
1505773602,21802130,0.16310,82.52236300,0
1505773601,21802129,0.16303,194.00000000,0
1505773260,21801965,0.16300,150.00000000,1
1505773206,21801940,0.16295,677.00000000,1
1505773027,21801874,0.16367,1176.90476190,0
1505773020,21801852,0.16369,371.17918015,1
1505773020,21801851,0.16345,200.00000000,0
1505773018,21801850,0.16322,38.61231438,0
1505773007,21801839,0.16322,347.51082939,0
1505772691,21801541,0.16322,320.28694623,1
1505772678,21801527,0.16322,939.37502000,1
1505772665,21801519,0.16322,939.37502000,1
1505772651,21801482,0.16322,1159.72225000,1
1505772616,21801432,0.16323,2076.44357852,0
1505772597,21801406,0.16323,611.10469889,0
1505772495,21801304,0.16323,672.11220708,0
1505772493,21801291,0.16323,372.29422244,0
1505772472,21801251,0.16323,2830.15807000,0
1505772454,21801211,0.16323,371.27526402,0
1505772449,21801189,0.16323,370.25788099,0
1505772433,21801139,0.16323,1554.75548998,0
1505772433,21801135,0.16323,2062.40575737,0
1505772429,21801121,0.16323,2697.34250071,0
1505772378,21801043,0.16321,2427.90999574,0
1505772342,21800887,0.16321,0.00000095,0
1505772341,21800884,0.16300,200.00000000,0
1505772341,21800881,0.16300,5037.00000000,0
1505772341,21800880,0.16299,4555.00000000,0
1505772341,21800879,0.16297,3000.00000000,0
1505772341,21800877,0.16296,1648.65006000,0
1505772341,21800875,0.16295,1092.15370905,0
1505772339,21800864,0.16295,159.68229095,0
1505772338,21800851,0.16294,675.71553076,0
1505772332,21800827,0.16294,570.96075131,1
1505772331,21800813,0.16296,2059.02162785,0
1505772283,21800600,0.16290,510.63963000,1
1505772282,21800592,0.16294,1542.36919739,0
1505772270,21800525,0.16288,509.64321107,0
1505772145,21800282,0.16287,1989.47998097,0
1505772145,21800280,0.16246,194.00000000,0
1505772137,21800263,0.16226,677.00000000,1
1505772001,21800138,0.16213,144.34185000,1
1505771679,21800014,0.16288,1280.66238949,1
1505771319,21799793,0.16295,655.07094201,0
1505771177,21799694,0.16200,1640.60934000,1
1505770880,21799450,0.16261,82.65814225,0
1505770839,21799412,0.16234,320.22669455,1
1505770831,21799402,0.16236,989.96101000,1
1505770818,21799390,0.16231,2075.53992000,1
1505770801,21799367,0.16222,177.84933000,1
1505770660,21799241,0.16240,429.34374000,0
1505770655,21799204,0.16294,245.18227568,1
1505770645,21799196,0.16294,264.64417994,1
1505770645,21799195,0.16279,1279.49250000,0
1505770643,21799191,0.16240,9177.38360467,0
1505770600,21799070,0.16240,2124.47614533,0
1505770593,21799048,0.16240,2385.50000000,0
1505770591,21799036,0.16239,2451.06488602,0
1505770580,21798996,0.16239,510.22398890,0
1505770579,21798992,0.16239,1265.63000000,0
1505770575,21798982,0.16238,412.78012147,0
1505770497,21798847,0.16237,511.83180980,0
1505770487,21798811,0.16156,6289.00000000,1
1505770403,21798608,0.16198,320.22669465,0
1505770381,21798595,0.16119,973.12810561,1
1505770312,21798548,0.16177,973.12810558,0
1505769922,21798281,0.16239,173.65724490,0
1505769922,21798280,0.16218,9033.79600000,0
1505769921,21798279,0.16216,1281.23470000,1
1505769920,21798278,0.16216,7965.90385000,0
1505769746,21798171,0.16138,1057.57000000,1
1505769719,21798141,0.16175,49.15066461,0
1505769551,21797892,0.16100,32.00000000,0
1505769426,21797732,0.16087,1000.00000000,1
1505769286,21797655,0.16162,617.25386710,0
1505769246,21797623,0.16087,1356.84304000,1
1505769027,21797428,0.16161,92.56852917,0
1505768982,21797393,0.16049,1238.24041247,1
1505768890,21797266,0.16023,1028.89595881,1
1505768651,21797158,0.16002,424.01844340,1
1505768651,21797157,0.16002,5225.48290800,1
1505768651,21797156,0.16004,2511.61211200,1
1505768644,21797154,0.16002,4774.51709200,0
1505768644,21797153,0.16002,10000.00000000,0
1505768622,21797143,0.16000,1334.66090700,0
1505768601,21797134,0.16000,0.00001000,0
1505768600,21797133,0.15999,5049.49649000,0
1505768524,21797083,0.16000,1522.96731500,0
1505768521,21797082,0.15970,227.00000000,0
1505768515,21797081,0.16000,9495.77438040,1
1505768515,21797080,0.16000,340.00000000,1
1505768514,21797079,0.16002,1130.37318100,1
1505768513,21797078,0.16004,7323.89271000,1
1505768513,21797077,0.16005,2584.01701700,1
1505768338,21796999,0.16002,4369.62681900,1
1505768338,21796998,0.16003,1653.40411000,1
1505768338,21796997,0.16006,2611.67231100,1
1505768337,21796996,0.16007,8265.29676000,1
1505768280,21796969,0.16004,1973.06804197,1
1505768274,21796966,0.16097,1172.20779462,0
1505768272,21796963,0.16073,100.00000000,0
1505768255,21796937,0.16001,2636.73537500,1
1505768170,21796890,0.15975,1599.46540340,1
1505768169,21796889,0.15976,4007.42419000,1
1505768094,21796859,0.16000,276.16754646,0
1505768078,21796852,0.16000,1537.29910100,0
1505768077,21796851,0.16000,1773.78500000,0
1505767971,21796813,0.15999,1195.44120300,0
1505767971,21796812,0.16000,1298.71931597,0
1505767819,21796717,0.15997,2794.67685000,0
1505767609,21796592,0.15923,6700.44608900,1
1505767607,21796591,0.15924,16322.04488000,1
1505767583,21796581,0.15999,277.39233702,0
1505767561,21796567,0.15999,3117.38233639,0
1505767359,21796465,0.15915,100.00000000,1
1505767310,21796444,0.15996,141.91543110,0
1505767310,21796443,0.15994,1092.19262000,0
1505767308,21796442,0.15956,332.00000000,0
1505767201,21796416,0.15913,269.75752000,1
1505766952,21796201,0.15987,4643.16099844,0
1505766936,21796176,0.16000,209.45238352,1
1505766880,21796086,0.16000,4643.16099844,1
1505766786,21795999,0.16074,310.28561652,0
1505766619,21795896,0.16078,175.57793258,0
1505766565,21795869,0.16080,60.35526398,0
1505766370,21795738,0.16001,73.99999982,1
1505766093,21795613,0.16001,1000.00000000,1
1505766062,21795593,0.16018,62.24247721,0
1505765917,21795505,0.16101,5000.00000000,0
1505765881,21795495,0.16101,1870.76020000,1
1505765878,21795494,0.16101,1297.23980000,1
1505765877,21795493,0.16050,332.00000000,0
1505765547,21795273,0.16101,61.33351965,1
1505765474,21795233,0.16087,77.15712332,0
1505765291,21795100,0.16091,9168.50074954,1
1505765290,21795099,0.16091,15628.09362000,0
1505765034,21794970,0.16001,312.00000000,1
1505765010,21794961,0.16086,287.25043478,0
1505764872,21794879,0.16103,2394.69472842,1
1505764872,21794878,0.16238,7605.30527158,1
1505764872,21794877,0.16200,653.02540986,0
1505764871,21794876,0.16196,341.90914000,0
1505764871,21794875,0.16111,1709.54570000,0
1505764871,21794874,0.16104,1301.11600000,0
1505764869,21794844,0.16102,10000.00000000,0
1505764609,21794675,0.16001,1038.90317240,1
1505764609,21794674,0.16003,2227.72232000,1
1505764609,21794673,0.16004,1296.96690000,1
1505764608,21794672,0.16005,2500.00000000,1
1505764571,21794639,0.16198,2285.51088714,1
1505764571,21794638,0.16198,7452.38900000,1
1505764570,21794637,0.16196,3619.30000000,0
1505764570,21794636,0.16194,1278.95770000,1
1505764570,21794635,0.16147,629.00000000,0
1505764569,21794634,0.16144,414.42487000,0
1505764569,21794633,0.16100,100.00000000,0
1505764569,21794632,0.16080,2072.12433000,0
1505764567,21794631,0.16077,878.03496209,0
1505764431,21794444,0.16100,523.79720496,1
1505764431,21794443,0.16083,454.37511754,0
1505764429,21794440,0.16070,560.92705000,0
1505764429,21794439,0.16070,2804.63527000,0
1505764403,21794421,0.16072,6771.83922349,0
1505764296,21794363,0.16000,2432.18198800,0
1505764110,21794223,0.15988,62.39091819,0
1505764071,21794188,0.15999,187.04406525,0
1505763817,21794088,0.15882,1000.00000000,1
1505763701,21794012,0.15893,1569.00000000,1
1505763700,21794011,0.15900,2500.00000000,1
1505763700,21794010,0.15900,807.00000000,1
1505763700,21794009,0.15927,124.00000000,1
1505763505,21793896,0.15950,5000.00000000,1
1505763505,21793895,0.15951,154.37511754,1
1505763400,21793758,0.15951,300.00000000,1
1505763224,21793640,0.16000,9495.77438040,1
1505763224,21793639,0.16000,579.18447075,1
1505763173,21793618,0.16000,500.00000000,1
1505763170,21793617,0.16025,500.00000000,1
1505763148,21793609,0.16049,1243.07583027,0
1505763109,21793574,0.16000,5798.11156523,1
1505762978,21793451,0.15954,330.00000000,1
1505762972,21793447,0.15954,971.00000000,1
1505762970,21793446,0.15975,629.00000000,1
1505762935,21793414,0.16000,504.87500000,1
1505762882,21793393,0.16000,380.92634517,1
1505762601,21793186,0.16000,762.00000000,1
1505762568,21793152,0.16000,2049.86147000,0
1505762568,21793151,0.15999,4442.63853000,0
1505762481,21793089,0.16000,6338.04301738,1
1505762481,21793087,0.16000,3157.73136302,1
1505762481,21793086,0.16000,5139.16493698,1
1505762481,21793085,0.16000,8296.89630000,1
1505762481,21793084,0.16000,8296.89630000,1
1505762480,21793082,0.16000,8296.89630000,1
1505762479,21793081,0.16001,4722.50777500,1
1505762478,21793080,0.16001,3574.38847500,1
1505762444,21793051,0.16053,749.60365831,0
1505762444,21793050,0.16053,1300.85420000,0
1505762431,21793044,0.16000,6970.14616302,1
1505762431,21793043,0.16001,9168.38469000,1
1505762430,21793042,0.16002,3249.32414698,1
1505762365,21792963,0.16049,0.00000200,1
1505762363,21792962,0.16060,49.68891656,1
1505762208,21792885,0.16049,306.69999800,1
1505762208,21792884,0.16065,725.79220200,1
1505762076,21792807,0.16065,1632.20779800,1
1505761859,21792644,0.16049,7212.40411500,0
1505761823,21792587,0.16010,893.84630500,1
1505761627,21792460,0.16055,2485.22260978,0
1505761622,21792448,0.16055,500.00000000,0
1505761611,21792425,0.16001,4000.00000000,1
1505761591,21792394,0.16001,596.68734487,1
1505761581,21792389,0.16055,6213.01775147,0
1505761546,21792370,0.16055,60.26664590,0
1505761535,21792366,0.16054,5715.69552759,0
1505761524,21792354,0.16063,337.85519516,0
1505761522,21792353,0.16059,277.00000000,0
1505761485,21792326,0.16059,3069.90000000,0
1505761481,21792323,0.16061,0.00001312,1
1505761480,21792321,0.16061,2081.36660000,1
1505761480,21792320,0.16061,2000.00000000,1
1505761442,21792284,0.16068,1026.90000000,0
1505761410,21792248,0.16077,620.45543323,0
1505761386,21792195,0.16088,90.00000000,0
1505761384,21792188,0.16100,100.00000000,1
1505761361,21792146,0.16134,748.90250403,0
1505761276,21792036,0.16103,2899.32265000,0
1505761266,21792023,0.16103,694.52100000,0
1505761263,21792018,0.16103,1098.94000000,0
1505761259,21792014,0.16103,327.21635000,0
1505761253,21791972,0.16102,76.50000000,0
1505761251,21791970,0.16103,180.00000000,1
1505761131,21791911,0.16180,0.00000012,1
1505761129,21791910,0.16180,6088.33912900,1
1505761126,21791899,0.16180,394.30998321,0
1505761126,21791898,0.16171,838.98268000,0
1505761091,21791873,0.16180,226.34567367,0
1505761089,21791871,0.16178,1271.92040000,0
1505761057,21791859,0.16140,249.00000000,0
1505760977,21791835,0.16147,694.12492269,0
1505760731,21791664,0.16170,3084.41558441,0
1505760213,21791346,0.16104,520.00000000,0
1505759818,21791093,0.16062,650.00000000,1
1505759775,21791031,0.16147,123.56543011,0
1505759692,21790992,0.16182,617.84723767,0
1505759356,21790791,0.16041,689.37329700,1
1505759137,21790675,0.16061,5677.11000000,1
1505759137,21790674,0.16062,2500.00000000,1
1505759134,21790673,0.16060,1.75000000,1
1505759134,21790672,0.16061,2500.00000000,1
1505759126,21790671,0.16060,2.87416000,1
1505759126,21790670,0.16061,4106.29584000,1
1505759096,21790604,0.16155,3087.29873104,0
1505758976,21790525,0.16185,919.77139326,1
1505758974,21790521,0.16150,70.00000000,0
1505758884,21790433,0.16071,520.00000000,0
1505758866,21790400,0.16150,323.96284829,1
1505758865,21790399,0.16150,1812.03764942,1
1505758830,21790323,0.16150,2860.24653100,1
1505758828,21790320,0.16185,703.61222599,0
1505758810,21790300,0.16195,400.00000000,0
1505758714,21790189,0.16150,349.71581958,0
1505758670,21790159,0.16150,92.64761610,0
1505758585,21790025,0.16150,456.57161157,1
1505758583,21790012,0.16150,1112.27847095,1
1505758582,21790006,0.16150,282.52906629,1
1505758552,21789980,0.16201,146.28257515,1
1505758552,21789979,0.16233,506.01858849,0
1505758551,21789978,0.16201,100.00000000,0
1505758550,21789977,0.16200,535.94040194,0
1505758458,21789879,0.16200,307.87228395,0
1505758359,21789757,0.16150,558.15628483,0
1505758034,21789451,0.16150,247.36842105,0
1505758027,21789448,0.16150,44.47529412,0
1505758026,21789446,0.16150,350.00000000,0
1505758024,21789442,0.16145,150.00000000,0
1505757732,21788893,0.16141,494.39619602,0
1505757650,21788626,0.16102,1853.46098466,0
1505757648,21788621,0.16042,656.21927611,0
1505757642,21788608,0.16024,103.00000000,0
1505757602,21788540,0.16023,415.00000000,0
1505757529,21788471,0.16002,3782.74983315,1
1505757521,21788463,0.16042,843.78072389,0
1505757507,21788434,0.16040,100.00000000,0
1505757499,21788426,0.16001,624.42940000,1
1505757390,21788357,0.16036,450.00000000,0
1505757368,21788333,0.16041,621.84788978,0
1505757334,21788314,0.16000,1292.38530000,1
1505757284,21788284,0.16000,1386.92093000,0
1505757283,21788283,0.16000,1613.07907000,0
1505757260,21788227,0.16000,6936.00105000,0
1505757135,21788009,0.15999,25.19494968,0
1505757135,21788008,0.15998,226.76884555,1
1505757133,21788005,0.15998,59.79427351,0
1505757133,21788004,0.15998,1247.41192649,0
1505757124,21787993,0.15996,623.59339834,0
1505757094,21787947,0.15987,4500.00000000,0
1505757084,21787934,0.16000,831.90032725,1
1505757084,21787933,0.15990,6883.90400000,0
1505757082,21787927,0.15987,3457.26150000,0
1505757082,21787925,0.15987,1303.75350000,0
1505757049,21787877,0.15969,624.65163755,0
1505757040,21787850,0.15944,8.92313842,0
1505757038,21787848,0.15942,619.85515439,0
1505756910,21787703,0.15882,1522.71589659,1
1505756908,21787696,0.15883,1624.57094742,1
1505756906,21787688,0.15900,60.00000000,1
1505756896,21787677,0.15912,460.73617395,0
1505756894,21787674,0.15911,166.22606871,0
1505756820,21787640,0.16000,1262.91518750,1
1505756820,21787639,0.16000,10000.00000000,1
1505756819,21787638,0.15984,666.00401000,0
1505756819,21787637,0.15984,3330.02006000,0
1505756819,21787636,0.15924,10000.00000000,0
1505756818,21787635,0.15923,3808.02520000,1
1505756817,21787632,0.15923,2188.56973128,0
1505756740,21787541,0.15941,861.00950000,1
1505756734,21787519,0.15941,3638.99050000,0
1505756537,21787387,0.15958,625.00388471,0
1505756517,21787363,0.15969,2074.02861794,0
1505756517,21787362,0.15926,415.00000000,1
1505756517,21787361,0.15920,7.41454749,0
1505756515,21787358,0.15882,631.39517959,0
1505756380,21787231,0.15882,3390.36153800,1
1505756370,21787201,0.15918,1000.00000000,0
1505756319,21787169,0.15918,200.52889810,0
1505756307,21787161,0.15880,24000.00000000,1
1505756260,21787061,0.15880,1812.80455000,1
1505756260,21787060,0.15881,7784.92727000,1
1505756259,21787059,0.15900,1000.00000000,1
1505756259,21787058,0.15900,2200.00000000,1
1505756259,21787057,0.15900,1500.00000000,1
1505756259,21787056,0.15905,300.00000000,1
1505756224,21787021,0.15909,1293.69538186,1
1505756224,21787020,0.15909,903.67802290,1
1505756053,21786883,0.15909,50.77624594,1
1505756017,21786850,0.15909,850.30000000,1
1505756006,21786832,0.15909,150.69091384,1
1505755934,21786783,0.15920,66.73092736,0
1505755925,21786777,0.15920,215.50750348,0
1505755877,21786739,0.15920,93.96985646,0
1505755856,21786725,0.15920,3452.60551305,0
1505755850,21786721,0.15925,4263.77165216,1
1505755834,21786687,0.15972,2851.86467500,0
1505755833,21786685,0.15945,63.55154500,0
1505755827,21786681,0.15945,620.44845500,0
1505755827,21786680,0.15933,1388.11668100,0
1505755825,21786679,0.15933,1281.12800000,0
1505755804,21786664,0.15933,777.51063800,0
1505755800,21786658,0.15933,3353.24468100,0
1505755788,21786644,0.15925,0.00000033,0
1505755787,21786643,0.15925,4737.52405800,0
1505755754,21786584,0.15938,13687.35975000,1
1505755754,21786581,0.15940,409.41028858,1
1505755738,21786537,0.15945,200.00000000,1
1505755527,21785907,0.15985,1624.67893400,0
1505755526,21785906,0.15985,624.00000000,1
1505755466,21785812,0.15999,11791.66255904,1
1505755458,21785800,0.16000,5000.00000000,0
1505755457,21785790,0.15999,19472.53957000,1
1505755451,21785782,0.16000,6344.60268900,0
1505755450,21785781,0.16000,1558.60343750,0
1505755449,21785778,0.16000,2817.54561500,0
1505755444,21785758,0.15999,518.46992496,1
1505755440,21785748,0.15999,127.00000000,1
1505755421,21785714,0.15999,5422.36735600,1
1505755414,21785704,0.16000,520.83333333,0
1505755408,21785701,0.15999,2667.96059000,0
1505755405,21785683,0.15989,1284.06237500,1
1505755395,21785673,0.16000,9495.77438040,1
1505755395,21785672,0.16000,5835.55566000,1
1505755373,21785638,0.16000,1534.10698000,0
1505755361,21785626,0.15999,284.49249652,0
1505755347,21785613,0.16000,1534.10698000,0
1505755347,21785611,0.16000,249.37500000,1
1505755338,21785592,0.16001,2400.30000000,1
1505755338,21785591,0.16001,6397.56401269,1
1505755288,21785459,0.16001,3602.43598731,1
1505755288,21785458,0.16001,3137.66966556,1
1505755288,21785457,0.16004,282.14133967,1
1505755248,21785316,0.16002,1316.66290000,0
1505755248,21785315,0.16002,415.00000000,0
1505755229,21785248,0.16007,64.80952083,0
1505755201,21785096,0.16001,383.85907000,1
1505754657,21784623,0.16065,977.75300746,0
1505754655,21784622,0.16064,264.15574792,0
1505754645,21784619,0.16064,2000.00000000,0
1505754520,21784532,0.16058,7735.84425208,0
1505754518,21784531,0.16057,3757.54350128,0
1505754518,21784530,0.16057,1242.45649872,0
1505754504,21784523,0.16056,622.82012954,0
1505754487,21784506,0.16056,914.67895621,0
1505754439,21784466,0.16056,1300.00000000,0
1505754364,21784418,0.16050,2000.00000000,1
1505754330,21784376,0.16054,1218.70795788,0
1505754329,21784375,0.16054,2189.23189000,0
1505754329,21784374,0.16053,492.06015212,0
1505754299,21784327,0.16001,1267.47126444,1
1505754299,21784325,0.16001,4.62609405,1
1505754292,21784320,0.16057,3940.00000000,0
1505754228,21784265,0.16001,206.37390595,1
1505754227,21784264,0.16005,54.00000000,1
1505754227,21784263,0.16006,520.63809405,1
1505754170,21784232,0.16030,6000.00000000,0
1505754160,21784228,0.16016,31.14092158,0
1505754035,21784094,0.16005,402.00000000,1
1505754000,21784057,0.16005,827.63636000,1
1505753900,21783993,0.16065,620.91503267,0
1505753897,21783990,0.16066,503.33368221,0
1505753897,21783989,0.16066,2601.06760000,0
1505753884,21783968,0.16001,9789.00000000,1
1505753770,21783866,0.16010,5211.00000000,1
1505753625,21783654,0.16017,179.00888720,1
1505753442,21783372,0.16050,730.63861250,0
1505753442,21783371,0.16050,1960.13700000,0
1505753442,21783370,0.16050,1605.15621700,0
1505753390,21783330,0.16050,6465.84631000,0
1505753385,21783324,0.16050,2850.00201300,0
1505753321,21783221,0.16067,6137.71208100,0
1505752805,21782709,0.16063,294.36363600,0
1505752641,21782548,0.16079,130.27943280,0
1505752525,21782443,0.16104,523.08408469,0
1505752523,21782442,0.16100,96.28906212,0
1505752451,21782375,0.16093,61.89840983,0
1505752442,21782363,0.16024,1596.69396996,0
1505752434,21782339,0.16011,1263.87223325,1
1505752431,21782329,0.16055,978.77603004,1
1505752431,21782325,0.16055,1594.89633174,1
1505752289,21782188,0.16088,1265.41695555,0
1505752272,21782168,0.16024,1992.88961500,0
1505752272,21782167,0.16024,1300.37795630,0
1505752267,21782160,0.16024,1247.47405378,0
1505752265,21782157,0.16024,2475.32379700,0
1505752258,21782149,0.16002,4071.83153895,1
1505752257,21782148,0.16004,520.70315754,1
1505752246,21782137,0.16090,500.00000000,0
1505752233,21782119,0.16051,1000.03691000,0
1505752232,21782118,0.16051,302.24855951,0
1505752134,21781889,0.16000,4258.85151174,1
1505752128,21781840,0.16000,8851.38620823,0
1505752128,21781836,0.16000,123.11000000,1
1505752128,21781834,0.16000,100.00000000,1
1505752128,21781832,0.16000,150.00000000,1
1505752128,21781830,0.16000,124.00000000,1
1505752127,21781827,0.16000,15392.84330000,1
1505752127,21781825,0.16000,32.76229285,1
1505752127,21781823,0.16000,2000.00000000,1
1505752127,21781822,0.16010,1070.00000000,1
1505752127,21781821,0.16019,13618.14967000,1
1505752127,21781820,0.16020,1357.47704000,1
1505752127,21781819,0.16050,3697.91000892,1
1505752123,21781783,0.16050,0.75538708,1
1505752123,21781782,0.16051,999.97461292,1
1505752122,21781775,0.16051,5376.61000000,1
1505752102,21781730,0.16051,405.01500000,1
1505752099,21781727,0.16051,1989.79000000,1
1505752011,21781551,0.16051,126.57642000,1
1505751995,21781539,0.16051,2620.09519600,1
1505751994,21781537,0.16051,911.00861100,1
1505751982,21781525,0.16050,392.74267000,1
1505751982,21781524,0.16051,204.23470700,1
1505751981,21781523,0.16052,4864.44271000,1
1505751981,21781522,0.16100,309.78453416,0
1505751967,21781504,0.16051,300.37942980,0
1505751967,21781501,0.16051,1.51020295,1
1505751965,21781495,0.16051,300.53038705,1
1505751957,21781478,0.16051,4567.25100000,1
1505751940,21781451,0.16050,1859.53004000,1
1505751938,21781446,0.16051,5140.46996000,1
1505751938,21781445,0.16051,883.01540000,1
1505751929,21781418,0.16100,1557.85633540,0
1505751929,21781409,0.16097,1310.02000000,1
1505751927,21781382,0.16080,850.83926294,0
1505751926,21781380,0.16050,799.06189400,1
1505751923,21781369,0.16078,475.70000000,0
1505751758,21781099,0.16100,619.56906832,0
1505751710,21781032,0.16138,231.19547397,0
1505751659,21780922,0.16060,1122.00000000,0
1505751419,21780632,0.16176,30.83290059,0
1505751294,21780518,0.16160,166.05929759,0
1505751293,21780517,0.16159,833.94070241,0
1505751273,21780501,0.16159,3346.35929759,0
1505751273,21780499,0.16159,1301.96170000,0
1505751188,21780341,0.16116,1284.40770000,0
1505751188,21780340,0.16115,1299.09130000,0
1505751104,21780230,0.16133,635.00000000,0
1505750969,21779893,0.16019,200.00000000,0
1505750969,21779890,0.16019,3980.30000000,0
1505750969,21779886,0.16020,4555.00000000,1
1505750968,21779884,0.16095,200.00000000,1
1505750968,21779882,0.16100,164.70000000,1
1505750961,21779873,0.16100,700.00000000,1
1505750961,21779871,0.16100,1831.61756030,1
1505750961,21779870,0.16169,3.49113731,1
1505750961,21779866,0.16169,196.50886269,1
1505750914,21779787,0.16259,36808.52206000,0
1505750870,21779766,0.16182,7989.51170500,1
1505750870,21779765,0.16182,751.42179500,1
1505750869,21779764,0.16183,2754.96720000,1
1505750869,21779763,0.16183,8740.93350000,1
1505750847,21779747,0.16192,1292.22110000,0
1505750832,21779699,0.16189,919.88100000,0
1505750830,21779694,0.16189,1355.99101800,1
1505750820,21779680,0.16292,303.96469273,1
1505750819,21779676,0.16200,40.00000000,0
1505750819,21779675,0.16200,1385.44669300,1
1505750819,21779674,0.16198,511.35518315,0
1505750818,21779671,0.16197,3915.57940000,0
1505750781,21779645,0.16183,839.95540200,1
1505750686,21779574,0.16187,1122.94918163,1
1505750417,21779332,0.16187,1122.00000000,0
1505750368,21779255,0.16304,1070.86303974,0
1505750327,21779239,0.16137,1019.00000000,1
1505750315,21779232,0.16328,610.91376776,0
1505750296,21779227,0.16131,200.00000000,1
1505750288,21779216,0.16129,200.00000000,1
1505750284,21779211,0.16204,3969.44215490,0
1505750284,21779210,0.16204,3543.19171400,1
1505750284,21779208,0.16196,2581.09595000,0
1505750283,21779206,0.16194,166.75180010,1
1505750282,21779204,0.16194,15162.42062000,0
1505750235,21779160,0.16228,575.88786331,1
1505750118,21779002,0.16297,335.00000000,0
1505750113,21778990,0.16300,31.00000000,1
1505750108,21778986,0.16307,4281.84613969,0
1505749990,21778803,0.16229,3665.14046600,1
1505749896,21778670,0.16229,788.01912927,1
1505749896,21778669,0.16240,537.90473600,1
1505749896,21778668,0.16240,927.64510948,1
1505749895,21778667,0.16250,8543.52246000,0
1505749894,21778665,0.16250,14646.96068000,1
1505749890,21778663,0.16313,1.02706369,1
1505749890,21778662,0.16313,2888.07000000,1
1505749889,21778660,0.16313,169.20000000,1
1505749842,21778526,0.16242,1471.79787100,1
1505749786,21778481,0.16318,3056.76473833,0
1505749769,21778434,0.16240,200.00000000,1
1505749760,21778406,0.16240,780.40700000,1
1505749660,21778317,0.16331,3215.61545337,0
1505749657,21778314,0.16300,200.00000000,1
1505749633,21778286,0.16332,4886.11315209,0
1505749565,21778209,0.16299,490.70519664,1
1505749483,21778137,0.16319,97.33542700,0
1505749479,21778124,0.16319,611.25068938,0
1505749449,21778085,0.16397,97.33542721,0
1505749437,21778060,0.16402,48.71481343,0
1505749418,21778017,0.16405,6294.18397397,0
1505749418,21778016,0.16404,15126.34500000,0
1505749417,21778014,0.16392,382.61248000,0
1505749417,21778013,0.16392,1913.06240000,0
1505749417,21778012,0.16323,13618.14967000,0
1505749416,21778011,0.16320,4493.00000000,0
1505749416,21778010,0.16318,3565.50000000,0
1505749416,21778009,0.16300,100.00000000,0
1505749416,21778008,0.16300,150.00000000,0
1505749414,21778007,0.16299,75.58744900,0
1505749373,21777965,0.16299,5500.00000000,0
1505749359,21777949,0.16299,1264.41255100,0
1505749259,21777817,0.16298,30.60209842,0
1505749249,21777814,0.16240,306.26447310,1
1505749215,21777741,0.16250,167.00000000,0
1505749200,21777712,0.16240,501.00000000,1
1505749200,21777708,0.16240,2916.80934952,0
1505749199,21777703,0.16240,3143.55621921,0
1505749196,21777700,0.16240,5625.30840491,0
1505749192,21777693,0.16240,2001.68577636,0
1505749192,21777692,0.16238,3616.81341000,0
1505749189,21777689,0.16237,846.89299126,1
1505749189,21777688,0.16237,845.71164000,1
1505749187,21777686,0.16238,6744.84101426,0
1505749187,21777684,0.16237,845.71164000,0
1505749120,21777531,0.16228,574.85531179,0
1505749104,21777493,0.16224,609.57074369,0
1505749104,21777492,0.16210,638.77370000,0
1505749080,21777442,0.16118,176.49290232,1
1505749079,21777439,0.16179,51.50709768,1
1505749055,21777392,0.16238,638.32944876,0
1505749053,21777391,0.16227,1205.38648000,0
1505749018,21777260,0.16172,127.66746586,0
1505749017,21777255,0.16172,2000.00000000,0
1505748977,21777203,0.16172,82.34371135,0
1505748834,21777008,0.16138,1294.43673000,0
1505748833,21777004,0.16138,1863.78293200,0
1505748827,21776989,0.16138,3197.32689151,0
1505748827,21776988,0.16138,177.89141311,0
1505748774,21776903,0.16100,247.64762000,1
1505748772,21776900,0.16133,1599.16568400,1
1505748771,21776897,0.16133,2061.93677600,0
1505748760,21776882,0.16100,1519.54830000,1
1505748747,21776856,0.16100,1432.14235000,1
1505748742,21776851,0.16100,969.04416970,0
1505748690,21776734,0.16100,30.95583030,0
1505748301,21775871,0.16016,18514.85117000,0
1505748300,21775869,0.16016,7880.99066748,0
1505748300,21775868,0.16015,1230.88542352,0
1505748298,21775860,0.16015,1264.37107648,0
1505748296,21775854,0.16005,200.00000000,0
1505748296,21775853,0.16005,995.00000000,0
1505748291,21775831,0.16017,1276.13828000,1
1505748289,21775824,0.16137,82.18116251,1
1505748288,21775817,0.16137,2025.53051993,1
1505748288,21775808,0.16137,2427.98089183,1
1505748287,21775802,0.16138,3518.54519471,1
1505748287,21775800,0.16138,2651.42422529,1
1505748286,21775799,0.16139,3707.30009000,1
1505748284,21775787,0.16138,8338.09115132,1
1505748284,21775786,0.16138,4116.10608600,1
1505748283,21775782,0.16137,1318.70569248,1
1505748283,21775781,0.16137,9318.01750400,1
1505748283,21775779,0.16137,2317.91897371,1
1505748282,21775777,0.16137,16161.70245000,1
1505748282,21775776,0.16137,2235.17268185,1
1505748282,21775775,0.16137,2428.80900000,1
1505748282,21775773,0.16137,3062.23182300,1
1505748281,21775772,0.16138,7067.40670900,1
1505748281,21775771,0.16138,4261.80489600,1
1505748281,21775770,0.16138,4850.07119500,1
1505748281,21775768,0.16137,898.88917490,1
1505748280,21775762,0.16137,190.18057708,1
1505748280,21775758,0.16137,2186.10000000,1
1505748278,21775752,0.16137,3861.58380000,1
1505748278,21775750,0.16137,2046.10973292,1
1505748278,21775746,0.16134,2236.29031000,0
1505748277,21775744,0.16132,26412.27700000,0
1505748277,21775742,0.16131,3936.30260000,0
1505748277,21775740,0.16130,2115.00711000,0
1505748277,21775738,0.16129,24490.77300000,0
1505748211,21775476,0.16005,2097.92256338,1
1505748173,21775399,0.16000,2660.00000000,1
1505748167,21775378,0.16085,3100.73428660,0
1505748156,21775340,0.16000,1283.36828520,1
1505748107,21775221,0.16000,2794.28053182,0
1505748107,21775220,0.15999,3172.32664000,0
1505748107,21775219,0.15999,2865.48500000,0
1505748107,21775216,0.15999,3.47920918,0
1505748105,21775206,0.15999,435.06037877,0
1505748103,21775199,0.15969,501.00000000,0
1505747988,21775032,0.15997,1000.00000000,1
1505747845,21774832,0.15997,1870.66324935,0
1505747796,21774785,0.15999,438.75891000,1
1505747783,21774759,0.16019,660.20300000,1
1505747623,21774560,0.15999,2500.15625977,0
1505747456,21774034,0.15994,1678.79341500,1
1505747456,21774033,0.15994,1220.55446500,1
1505747445,21774020,0.15995,2899.49454781,0
1505747439,21774009,0.15996,2281.16520168,0
1505747438,21774006,0.15996,19022.55901475,0
1505747438,21774005,0.15995,3796.03650000,0
1505747436,21774002,0.15994,2625.45660000,0
1505747425,21773976,0.15996,7755.61439453,0
1505747423,21773974,0.15994,15765.54909000,0
1505747402,21773924,0.15991,227.99606028,0
1505747382,21773872,0.15999,547.60200000,0
1505747381,21773868,0.15900,462.56654830,1
1505747381,21773863,0.15901,1285.05220000,1
1505747381,21773862,0.15905,200.00000000,1
1505747380,21773857,0.15909,52.38125170,1
1505747377,21773843,0.15997,124.71163343,0
1505747375,21773824,0.16000,1139.23985398,1
1505747374,21773821,0.15999,4510.14238000,0
1505747372,21773807,0.16033,200.00000000,0
1505747371,21773795,0.15917,824.57300039,1
1505747371,21773793,0.15922,499.99999961,1
1505747369,21773784,0.15922,0.00000039,1
1505747369,21773782,0.15938,8183.70454461,1
1505747369,21773781,0.15940,4927.34049000,1
1505747354,21773703,0.16000,517.52389515,0
1505747354,21773700,0.16000,1285.46619241,1
1505747340,21773631,0.16006,250.00000000,0
1505747340,21773629,0.16005,250.00000000,0
1505747337,21773608,0.15939,671.96143555,1
1505747336,21773604,0.15940,4874.62827000,1
1505747336,21773603,0.15998,1454.97057983,1
1505747336,21773600,0.15999,2582.13056262,1
1505747333,21773562,0.15999,973.20615117,1
1505747332,21773558,0.16000,3846.39214642,1
1505747332,21773551,0.16000,914.19000000,0
1505747325,21773515,0.15999,3552.76723000,0
1505747321,21773493,0.15998,1454.97057983,0
1505747317,21773469,0.15998,438.63553908,0
1505747316,21773451,0.15938,5503.65520539,1
1505747316,21773449,0.15939,887.39782188,1
1505747316,21773447,0.15940,959.08330173,1
1505747314,21773420,0.15999,9240.26788109,1
1505747313,21773409,0.15999,4221.10958000,0
1505747301,21773317,0.15939,887.26000000,0
1505747298,21773289,0.15939,1565.20000000,1
1505747288,21773186,0.15939,1500.28349447,1
1505747287,21773184,0.15939,400.06295853,1
1505747285,21773167,0.15997,3908.72923391,0
1505747280,21773136,0.15999,548.43400000,0
1505747272,21773065,0.15926,500.00000000,1
1505747254,21772972,0.16000,5587.04514649,1
1505747254,21772971,0.16000,300.00000000,1
1505747254,21772969,0.16000,40.00000000,1
1505747254,21772968,0.16000,528.00000000,1
1505747254,21772967,0.16000,6481.93847351,1
1505747249,21772950,0.16000,1964.00000000,1
1505747243,21772928,0.16000,2750.00000000,1
1505747242,21772923,0.16000,3804.06152649,1
1505747242,21772920,0.16005,200.00000000,1
1505747241,21772916,0.16007,250.00000000,1
1505747241,21772914,0.16019,1752.93847351,1
1505747235,21772905,0.16019,1889.57849400,1
1505747205,21772828,0.16019,9975.63270249,1
1505747203,21772827,0.16020,15537.35798000,1
1505747199,21772814,0.16030,789.13720580,1
1505747167,21772738,0.16035,2319.80208200,1
1505747161,21772701,0.16033,1079.36289200,1
1505747131,21772608,0.16031,789.17750000,1
1505747131,21772607,0.16031,789.17750000,1
1505747130,21772606,0.16031,789.17750000,1
1505747130,21772604,0.16032,789.17750000,1
1505747125,21772586,0.16030,8087.41929370,1
1505747125,21772584,0.16031,936.56949000,0
1505747124,21772583,0.16047,4493.00000000,1
1505747124,21772581,0.16047,631.29665630,0
1505747124,21772579,0.16057,4677.71456000,0
1505747122,21772570,0.16080,150.00000000,1
1505747022,21772252,0.16309,2289.98882279,1
1505747022,21772250,0.16300,100.00000000,0
1505747022,21772249,0.16215,0.00000032,0
1505747021,21772247,0.16186,1408.34104177,0
1505747021,21772246,0.16185,6156.61860949,0
1505747020,21772240,0.16172,679.91151000,0
1505747020,21772238,0.16172,3399.55753000,0
1505747020,21772234,0.16125,7178.49408044,0
1505747020,21772232,0.16124,9150.88214000,0
1505747018,21772221,0.16078,501.00000000,0
1505746994,21772159,0.16049,150.00000000,1
1505746932,21772040,0.16059,7900.00000000,1
1505746873,21771767,0.16046,1093.82150000,0
1505746873,21771762,0.16046,194.00000000,0
1505746851,21771725,0.16042,961.94789600,0
1505746796,21771594,0.16125,5721.77170989,0
1505746796,21771593,0.16120,3691.25382000,0
1505746795,21771592,0.16118,14792.33208000,1
1505746795,21771590,0.16118,1307.58120000,0
1505746610,21771350,0.16108,1340.24323317,1
1505746610,21771349,0.16100,0.00000300,0
1505746608,21771346,0.16099,53.12456003,0
1505746596,21771324,0.16100,500.00000000,1
1505746596,21771323,0.16100,1683.95593700,1
1505746527,21771252,0.16100,4774.72441300,1
1505746527,21771251,0.16101,1677.06074000,1
1505746504,21771229,0.16101,2212.50000000,1
1505746502,21771219,0.16101,2114.20021000,1
1505746498,21771216,0.16137,3831.09080814,0
1505746477,21771179,0.16101,51.23905000,1
1505746469,21771171,0.16101,51.75661934,0
1505746469,21771170,0.16101,0.00000033,0
1505746463,21771162,0.16101,51.75661967,1
1505746452,21771151,0.16100,313.38000000,1
1505746446,21771143,0.16109,118.67289972,1
1505746441,21771121,0.16109,1677.00043500,1
1505746416,21771107,0.16110,2300.00000000,0
1505746414,21771102,0.16109,1795.11465640,0
1505746411,21771099,0.16100,1793.29200000,1
1505746399,21771088,0.16100,2026.90145000,1
1505746399,21771086,0.16100,448.85000000,1
1505746397,21771081,0.16100,2508.53220000,1
1505746348,21771011,0.16101,667.83341600,1
1505746304,21770886,0.16110,2582.21967000,0
1505746290,21770838,0.16110,3095.84110496,0
1505746285,21770828,0.16105,200.00000000,1
1505746284,21770827,0.16105,200.00000000,1
1505746277,21770807,0.16110,1816.03799200,0
1505746277,21770806,0.16110,19322.46897000,0
1505746276,21770801,0.16110,3307.72882958,1
1505746276,21770799,0.16120,5287.28831958,1
1505746276,21770796,0.16124,2853.10236268,1
1505746265,21770763,0.16140,100.00000000,1
1505746242,21770658,0.16180,82.28265570,1
1505746160,21770245,0.16186,6013.64791000,0
1505746159,21770240,0.16185,6159.69687983,1
1505746157,21770236,0.16186,321.14688149,1
1505746157,21770232,0.16186,7425.86055851,1
1505746153,21770217,0.16188,8312.71939485,1
1505746153,21770214,0.16188,105.61560000,1
1505746151,21770194,0.16210,200.00000000,1
1505746115,21769909,0.16215,264.48269368,0
1505746115,21769908,0.16214,555.87484832,0
1505746106,21769848,0.16175,3520.70000000,1
1505746041,21769547,0.16215,1694.51730600,0
1505746038,21769537,0.16215,45.00000000,1
1505746038,21769536,0.16220,496.00000000,1
1505745979,21769406,0.16278,61.24831060,0
1505745947,21769357,0.16215,50.00000000,1
1505745938,21769347,0.16288,61.24177308,0
1505745938,21769346,0.16215,300.00000000,1
1505745907,21769265,0.16243,1680.16179600,0
1505745907,21769261,0.16243,1284.94380000,0
1505745890,21769178,0.16249,920.79512585,0
1505745760,21768989,0.16281,4063.07313054,0
1505745760,21768988,0.16280,820.21210000,0
1505745760,21768987,0.16279,1297.34400000,0
1505745759,21768986,0.16202,10.64560046,0
1505745755,21768982,0.16162,24899.58855156,1
1505745754,21768979,0.16180,158.51869451,0
1505745753,21768976,0.16180,500.00000000,1
1505745748,21768972,0.16202,1155.81215400,0
1505745723,21768914,0.16201,137.74734600,0
1505745723,21768912,0.16201,1166.45775400,0
1505745707,21768851,0.16202,1567.52483439,0
1505745707,21768850,0.16202,451.13012200,0
1505745699,21768811,0.16202,4837.30356800,0
1505745699,21768810,0.16200,1286.57070000,0
1505745680,21768728,0.16202,262.95437100,0
1505745680,21768726,0.16202,2710.20590000,0
1505745679,21768723,0.16202,191.00000000,0
1505745659,21768629,0.16202,1000.00000000,0
1505745643,21768561,0.16203,1297.92400000,0
1505745643,21768557,0.16202,1454.22645000,0
1505745639,21768545,0.16203,2112.60000000,1
1505745616,21768427,0.16203,2512.69006000,0
1505745615,21768424,0.16204,833.30819947,1
1505745615,21768418,0.16204,397.87694000,0
1505745611,21768392,0.16211,195.12306000,0
1505745600,21768349,0.16195,64.12802857,1
1505745600,21768348,0.16200,100.00000000,1
1505745600,21768347,0.16230,123.54408143,1
1505745516,21768144,0.16274,46.00000000,0
1505745509,21768142,0.16250,160.00000000,1
1505745508,21768141,0.16250,5116.80082183,1
1505745494,21768128,0.16250,987.42763517,1
1505745467,21768090,0.16250,1600.00000000,1
1505745466,21768089,0.16250,2295.77154300,1
1505745455,21768077,0.16251,2295.77144300,1
1505745449,21768070,0.16251,2295.77144300,1
1505745447,21768069,0.16251,2295.77144300,1
1505745284,21767805,0.16320,690.59572977,1
1505745227,21767726,0.16320,1564.26584900,1
1505745172,21767687,0.16346,30.51223541,0
1505745077,21767585,0.16349,1220.25811976,0
1505745068,21767578,0.16349,61.01327298,0
1505745036,21767544,0.16350,2208.89352422,0
1505745034,21767543,0.16349,3892.20080000,0
1505744969,21767426,0.16348,106.19578945,0
1505744899,21767380,0.16320,6958.95119000,1
1505744893,21767378,0.16321,10081.49081000,1
1505744892,21767377,0.16330,737.00000000,1
1505744892,21767376,0.16330,2500.00000000,1
1505744765,21767296,0.16331,1382.74515500,1
1505744522,21766925,0.16361,975.47527657,0
1505744512,21766911,0.16361,127.76379000,0
1505744457,21766821,0.16361,46.66548774,1
1505744456,21766820,0.16345,197.33900000,0
1505744420,21766797,0.16335,305.32788491,0
1505744379,21766753,0.16320,2439.23934680,0
1505744302,21766708,0.16320,2610.14071400,0
1505744256,21766648,0.16320,305.60000000,0
1505744234,21766627,0.16320,2444.86819853,0
1505744219,21766582,0.16320,611.21323529,0
1505744162,21766454,0.16257,1200.00000000,1
1505744023,21766240,0.16261,300.00000000,1
1505744017,21766228,0.16262,1035.00000000,0
1505744015,21766219,0.16310,200.00000000,1
1505743998,21766173,0.16320,6815.12319000,0
1505743984,21766125,0.16320,3635.56328456,0
1505743916,21766003,0.16310,516.37700000,0
1505743725,21765873,0.16335,233.72718000,0
1505743705,21765862,0.16335,30.53278237,0
1505743642,21765812,0.16334,972.11246479,0
1505743640,21765811,0.16333,145.46497246,0
1505743626,21765789,0.16336,4011.20064085,1
1505743613,21765752,0.16336,6418.02420900,1
1505743611,21765751,0.16336,1266.66980000,0
1505743583,21765704,0.16336,864.33438461,0
1505743583,21765703,0.16336,1272.84730000,0
1505743511,21765619,0.16324,611.06726293,0
1505743499,21765606,0.16324,3055.31732418,0
1505743345,21765477,0.16349,1220.26570432,0
1505743286,21765452,0.16359,155.73323170,0
1505743286,21765451,0.16315,593.00000000,0
1505743196,21765127,0.16358,168.75041261,0
1505743182,21765114,0.16354,782.32516796,0
1505743182,21765113,0.16354,1047.51383167,0
1505743178,21765110,0.16354,1219.89262566,0
1505743009,21764894,0.16360,121.94449878,0
1505742774,21764541,0.16365,4876.17148880,1
1505742746,21764495,0.16365,3680.38202300,1
1505742741,21764488,0.16365,2329.15900000,1
1505742740,21764487,0.16365,3000.00000000,1
1505742719,21764459,0.16383,415.85588720,0
1505742662,21764394,0.16365,160.37135000,1
1505742655,21764365,0.16389,538.09744340,0
1505742653,21764363,0.16388,1287.91240000,0
1505742649,21764357,0.16365,160.37135000,1
1505742636,21764335,0.16365,190.54022000,1
1505742622,21764314,0.16365,190.54022000,1
1505742609,21764296,0.16365,226.38441000,1
1505742596,21764251,0.16365,268.97158000,1
1505742583,21764228,0.16365,319.57020000,1
1505742570,21764210,0.16365,301.18820000,1
1505742557,21764186,0.16366,94.35996000,1
1505742548,21764149,0.16397,608.34677075,0
1505742543,21764136,0.16366,555.64004000,1
1505742531,21764065,0.16365,498.00000000,1
1505742529,21764061,0.16365,1000.00000000,1
1505742517,21764044,0.16365,39.88296000,1
1505742504,21764037,0.16399,2234.49021700,0
1505742504,21764036,0.16365,407.19506000,1
1505742497,21764022,0.16365,407.19506000,1
1505742490,21764003,0.16365,124.92369893,1
1505742398,21763856,0.16400,6082.35506098,0
1505742380,21763829,0.16399,304.13628880,0
1505742353,21763794,0.16400,13854.53598000,0
1505742353,21763793,0.16399,645.46402000,0
1505742353,21763792,0.16399,2646.03918000,0
1505742353,21763791,0.16399,724.95082000,0
1505742313,21763740,0.16438,3000.00000000,1
1505742235,21763518,0.16437,1699.21518525,0
1505742187,21763418,0.16439,679.39694271,0
1505742172,21763414,0.16439,525.02770898,0
1505742166,21763412,0.16439,1335.10785764,0
1505742159,21763411,0.16440,607.12756925,0
1505742152,21763403,0.16439,553.38040693,0
1505742145,21763394,0.16439,133.94411266,0
1505742145,21763393,0.16439,1092.22653446,0
1505742007,21763200,0.16406,1188.00000000,0
1505742000,21763188,0.16371,1004.68913000,1
1505741998,21763185,0.16440,6067.51824817,0
1505741988,21763179,0.16460,3469.10498177,0
1505741988,21763178,0.16450,2000.00000000,0
1505741988,21763177,0.16450,3329.31893735,0
1505741987,21763174,0.16449,1264.39195000,0
1505741986,21763173,0.16448,1257.59890000,0
1505741967,21763144,0.16450,276.31343465,0
1505741965,21763141,0.16449,1502.24786000,0
1505741965,21763140,0.16449,1253.54000000,0
1505741936,21763110,0.16365,1389.25317927,1
1505741935,21763108,0.16367,1061.62146000,1
1505741935,21763107,0.16367,1061.62146000,1
1505741935,21763106,0.16406,6645.50390073,1
1505741933,21763103,0.16437,2000.00000000,1
1505741887,21763055,0.16450,455.20162800,0
1505741882,21763051,0.16450,398.00000000,0
1505741875,21763046,0.16450,2025.81600000,0
1505741871,21763041,0.16449,3573.19480000,0
1505741871,21763040,0.16437,2025.81599962,0
1505741865,21763036,0.16437,1529.68986500,0
1505741857,21762991,0.16437,2025.81600000,0
1505741836,21762934,0.16437,1870.46258000,0
1505741814,21762831,0.16438,2490.60312700,0
1505741813,21762829,0.16437,3616.58930000,0
1505741798,21762782,0.16438,2693.77211100,0
1505741790,21762764,0.16449,3582.11481883,1
1505741763,21762658,0.16449,4097.66279700,1
1505741746,21762593,0.16449,7730.74400000,1
1505741741,21762564,0.16449,3582.11481900,1
1505741712,21762496,0.16450,1600.00000000,0
1505741712,21762494,0.16450,300.00000000,0
1505741711,21762492,0.16450,100.00000000,0
1505741701,21762427,0.16449,2096.46889500,1
1505741700,21762426,0.16449,3722.32648000,1
1505741700,21762425,0.16449,29102.76980000,1
1505741685,21762384,0.16449,5103.55000000,1
1505741684,21762382,0.16449,400.25557653,1
1505741679,21762374,0.16446,3116.93988000,0
1505741679,21762372,0.16445,1260.55970000,0
1505741619,21762226,0.16372,1691.67457000,1
1505741606,21762193,0.16372,1428.34600000,1
1505741598,21762176,0.16400,239.49255512,1
1505741568,21762144,0.16400,368.67817661,0
1505741462,21761952,0.16400,631.32182339,0
1505741462,21761951,0.16380,368.67817661,0
1505741454,21761929,0.16380,688.18957900,0
1505741429,21761859,0.16380,1801.36300000,0
1505741426,21761856,0.16380,2750.00000000,0
1505741400,21761683,0.16380,2581.00630800,0
1505741400,21761682,0.16368,6608.23075600,0
1505741395,21761671,0.16368,15280.93473500,0
1505741395,21761669,0.16367,675.73617000,0
1505741393,21761666,0.16368,4765.47762000,0
1505741393,21761665,0.16368,16178.05435200,0
1505741393,21761664,0.16368,5204.67450800,0
1505741393,21761663,0.16368,1611.90430200,0
1505741391,21761659,0.16368,1639.61393000,0
1505741384,21761630,0.16367,912.51195000,0
1505741380,21761620,0.16367,582.91400000,0
1505741368,21761603,0.16365,469.90000000,1
1505741347,21761555,0.16368,1482.63794700,0
1505741323,21761518,0.16367,914.19276593,0
1505741300,21761502,0.16368,0.45922000,0
1505741300,21761501,0.16366,655.47178000,0
1505741280,21761444,0.16366,60.91897836,0
1505741269,21761422,0.16368,2228.01263000,0
1505741269,21761421,0.16367,1547.20849000,0
1505741268,21761419,0.16366,3869.63293800,0
1505741268,21761418,0.16366,1547.20849000,0
1505741202,21761319,0.16367,306.53867302,0
1505741069,21760993,0.16373,244.93346692,0
1505741025,21760819,0.16342,1900.00000000,0
1505740910,21760465,0.16303,700.23343816,1
1505740903,21760431,0.16322,183.31086876,0
1505740801,21760267,0.16280,566.33821000,1
1505740791,21760258,0.16278,280.00000000,1
1505740789,21760253,0.16278,154.60219794,1
1505740679,21759998,0.16277,3150.00000000,1
1505740501,21759493,0.16269,704.00000000,1
1505740497,21759482,0.16267,2260.12687240,1
1505740409,21759308,0.16308,2182.53677850,1
1505740409,21759305,0.16358,33.17275950,1
1505740369,21759177,0.16308,89.97127000,1
1505740359,21759159,0.16362,1301.11802809,0
1505740359,21759158,0.16361,2031.50454000,0
1505740358,21759157,0.16357,1392.31829573,0
1505740358,21759156,0.16357,1282.01020000,0
1505740330,21759108,0.16364,607.37526277,0
1505740241,21759027,0.16450,825.19167209,1
1505740240,21759025,0.16430,650.00000000,0
1505740240,21759024,0.16425,2500.00000000,0
1505740240,21759023,0.16421,1403.13569000,0
1505740239,21759022,0.16416,482.27032000,0
1505740239,21759019,0.16400,400.00000000,0
1505740239,21759018,0.16381,2102.31772658,0
1505740238,21759016,0.16380,15920.62221000,1
1505740238,21759014,0.16380,1274.62150000,0
1505740235,21759008,0.16400,1685.21329268,1
1505740235,21759006,0.16397,2411.35158000,0
1505740233,21759004,0.16381,1100.00000000,0
1505739980,21758693,0.16311,101.82373858,0
1505739967,21758688,0.16300,20.87671668,0
1505739931,21758638,0.16300,36.41180981,0
1505739920,21758629,0.16253,200.00000000,1
1505739884,21758607,0.16300,208.58400098,1
1505739867,21758583,0.16300,1627.23245500,1
1505739854,21758568,0.16324,83.25165400,0
1505739826,21758512,0.16328,140.51102401,0
1505739768,21758443,0.16329,423.23100000,0
1505739705,21758396,0.16328,621.66178258,0
1505739700,21758388,0.16350,452.00000000,1
1505739700,21758387,0.16350,5259.69408171,1
1505739698,21758382,0.16350,1649.22354700,1
1505739693,21758372,0.16350,840.94718300,1
1505739693,21758370,0.16352,1490.99590900,1
1505739686,21758365,0.16352,1156.13173400,1
1505739686,21758364,0.16352,1660.92723600,1
1505739686,21758363,0.16352,3379.76979900,1
1505739648,21758277,0.16352,585.42686200,1
1505739613,21758155,0.16352,1508.00000000,1
1505739600,21758037,0.16352,3351.01140000,1
1505739586,21758011,0.16352,3270.13815000,1
1505739574,21757998,0.16352,722.92943000,0
1505739573,21757997,0.16351,2347.20905000,0
1505739560,21757979,0.16352,1462.33319000,0
1505739556,21757976,0.16416,1457.02868140,0
1505739556,21757975,0.16416,1255.42070000,1
1505739555,21757974,0.16405,1819.20508986,0
1505739555,21757973,0.16400,696.07358879,0
1505739555,21757971,0.16399,100.00000000,0
1505739554,21757970,0.16385,751.96000000,0
1505739534,21757932,0.16350,2999.22398000,1
1505739521,21757913,0.16350,4906.50629000,1
1505739484,21757824,0.16350,55.67100000,1
1505739480,21757820,0.16350,5238.86424617,1
1505739480,21757819,0.16350,115.24847383,1
1505739467,21757803,0.16350,263.36582000,1
1505739457,21757782,0.16350,7000.00000000,1
1505739452,21757774,0.16351,100.00000000,1
1505739445,21757759,0.16351,1917.33000000,1
1505739442,21757737,0.16351,999.50024987,1
1505739428,21757679,0.16351,999.50024987,0
1505739423,21757656,0.16350,3769.26629970,1
1505739423,21757651,0.16351,2656.10574000,0
1505739421,21757640,0.16351,3484.05142100,0
1505739420,21757633,0.16351,4523.47473552,1
1505739419,21757628,0.16351,2424.22621295,1
1505739403,21757596,0.16350,1000.00000000,1
1505739388,21757564,0.16350,48.98769000,1
1505739388,21757562,0.16351,469.74484741,0
1505739362,21757500,0.16351,1000.00000000,1
1505739346,21757476,0.16351,784.40700200,1
1505739346,21757475,0.16370,140.00000000,1
1505739318,21757407,0.16350,1000.00000000,1
1505739316,21757404,0.16350,15507.75595001,1
1505739316,21757403,0.16361,670.58874763,1
1505739314,21757394,0.16362,9550.12163000,1
1505739264,21757261,0.16400,182.63945121,0
1505739261,21757259,0.16359,1144.97057400,1
1505739226,21757201,0.16400,2518.09500000,0
1505739212,21757188,0.16399,66.90993353,0
1505739180,21757136,0.16350,224.45000000,1
1505739172,21757127,0.16350,2215.09000000,1
1505739170,21757125,0.16350,676.15200000,1
1505739168,21757121,0.16390,608.60280658,0
1505739161,21757114,0.16391,608.56945885,0
1505739128,21757061,0.16400,3407.83696000,0
1505739128,21757060,0.16399,5064.88600000,0
1505739128,21757059,0.16387,1269.64350000,0
1505739122,21757050,0.16350,26467.72879246,1
1505739122,21757049,0.16351,6460.18645954,1
1505739119,21757041,0.16351,10000.00000000,1
1505739116,21757034,0.16350,10000.00000000,1
1505739115,21757033,0.16350,3103.71669100,1
1505739115,21757031,0.16351,5413.61680900,1
1505739115,21757028,0.16351,3103.71667100,1
1505739110,21757012,0.16350,22213.08657300,1
1505739110,21757011,0.16351,6503.51299000,1
1505739098,21756995,0.16351,1000.00000000,1
1505739078,21756958,0.16351,4676.00000000,1
1505739074,21756951,0.16351,653.43322300,1
1505739073,21756948,0.16351,3506.70000000,1
1505739049,21756914,0.16332,316.65703000,0
1505739025,21756876,0.16399,5112.14328146,0
1505739025,21756875,0.16397,83.51056000,0
1505739023,21756868,0.16323,13618.14967000,0
1505739023,21756866,0.16322,417.55279000,0
1505739022,21756865,0.16311,17100.00000000,0
1505739011,21756835,0.16301,4446.00499375,1
1505738979,21756729,0.16300,5780.98396951,0
1505738978,21756727,0.16300,732.46546000,0
1505738973,21756724,0.16300,471.21460123,0
1505738972,21756722,0.16300,2015.33596926,0
1505738972,21756721,0.16300,4984.66403074,0
1505738949,21756657,0.16300,2563.68271693,0
1505738948,21756653,0.16299,496.10232000,0
1505738927,21756552,0.16300,5730.80433018,0
1505738927,21756551,0.16300,3000.00000000,0
1505738926,21756550,0.16299,589.42850000,1
1505738926,21756547,0.16295,47.90000000,0
1505738926,21756544,0.16290,99.00000000,0
1505738925,21756543,0.16290,10612.28649746,0
1505738925,21756541,0.16260,39.60000000,0
1505738925,21756540,0.16250,5000.00000000,0
1505738923,21756532,0.16248,609.44700000,0
1505738901,21756451,0.16248,450.55300000,0
1505738897,21756447,0.16240,1270.69604872,0
1505738895,21756443,0.16240,609.38700000,0
1505738882,21756407,0.16240,4132.75348700,0
1505738875,21756385,0.16239,319.36184571,0
1505738867,21756348,0.16230,1379.29735059,0
1505738864,21756315,0.16230,120.70264941,0
1505738846,21756240,0.16239,0.70313000,0
1505738846,21756237,0.16238,1006.22687000,0
1505738823,21756136,0.16238,1368.07000000,0
1505738803,21756017,0.16239,574.76088429,0
1505738802,21756014,0.16200,39.60000000,0
1505738801,21756011,0.16176,880.16200000,1
1505738678,21755614,0.16149,1500.00000000,1
1505738660,21755584,0.16176,179.76763312,1
1505738501,21755274,0.16240,7674.52321428,0
1505738500,21755273,0.16239,175.26504000,0
1505738500,21755272,0.16237,1237.57792729,0
1505738500,21755271,0.16236,876.32522000,0
1505738498,21755270,0.16200,2327.05498711,0
1505738496,21755269,0.16200,1507.54199979,0
1505738495,21755268,0.16200,99.00000000,0
1505738495,21755267,0.16159,0.00000021,0
1505738407,21755151,0.16159,522.73417600,0
1505738407,21755149,0.16152,274.00000000,0
1505738241,21754935,0.16159,1234.73692679,0
1505738233,21754910,0.16159,4524.82592000,0
1505738173,21754728,0.16159,7474.11233700,0
1505738168,21754720,0.16150,50.00000000,0
1505738168,21754719,0.16150,1000.00000000,0
1505738165,21754715,0.16130,50.00000000,0
1505738165,21754714,0.16121,1650.00000000,0
1505738165,21754713,0.16110,9659.87954631,0
1505738164,21754709,0.16110,2316.87573986,0
1505738160,21754703,0.16110,8618.68614000,0
1505738155,21754686,0.16110,6170.69174000,0
1505738153,21754684,0.16110,3175.79900000,0
1505738151,21754676,0.16109,1700.00000000,1
1505738147,21754655,0.16109,384.35108000,1
1505738139,21754641,0.16110,1820.63747800,0
1505738139,21754640,0.16110,4314.54217200,0
1505738139,21754639,0.16110,3623.32829000,0
1505738136,21754632,0.16110,190.00000000,0
1505738135,21754631,0.16110,2857.00000000,0
1505738134,21754624,0.16109,562.46500000,1
1505738128,21754609,0.16110,190.00000000,0
1505738127,21754604,0.16110,1218.25497100,0
1505738126,21754601,0.16110,1638.74502900,0
1505738121,21754593,0.16110,190.00000000,0
1505738120,21754591,0.16109,668.27524000,1
1505738111,21754567,0.16110,1434.52000000,0
1505738107,21754559,0.16109,793.99039000,1
1505738105,21754556,0.16110,3704.14242600,0
1505738094,21754528,0.16109,943.35491000,1
1505738084,21754506,0.16110,8860.48896100,0
1505738081,21754495,0.16109,1120.81772000,1
1505738068,21754418,0.16109,1331.66462000,1
1505738065,21754417,0.16110,2334.00887900,0
1505738055,21754396,0.16110,7819.88336600,0
1505738054,21754388,0.16109,1582.17578000,1
1505738052,21754381,0.16110,731.67300000,0
1505738047,21754371,0.16109,1379.81281000,0
1505738044,21754358,0.16109,500.00000000,0
1505738037,21754343,0.16109,139.37107600,0
1505738003,21754261,0.16108,3817.68000000,0
1505737995,21754225,0.16109,1647.08721400,0
1505737993,21754218,0.16108,2727.47820800,1
1505737991,21754213,0.16108,4510.01391987,0
1505737991,21754211,0.16107,1183.90149713,0
1505737985,21754170,0.16107,110.17340287,0
1505737930,21753956,0.16106,154.60219794,0
1505737890,21753853,0.16108,1190.63200000,0
1505737787,21753655,0.16090,2579.13123254,0
1505737787,21753653,0.16077,0.00000046,0
1505737779,21753628,0.16077,3005.22531400,0
1505737752,21753524,0.16026,3438.17669000,1
1505737709,21753370,0.16002,9495.77438040,1
1505737698,21753338,0.15953,19.36204664,0
1505737697,21753331,0.15953,325.41994296,0
1505737696,21753328,0.15982,1287.26290000,1
1505737696,21753327,0.16000,9495.77438040,1
1505737696,21753326,0.16010,7390.91573000,1
1505737696,21753324,0.16013,6481.26500000,1
1505737664,21753195,0.16077,9910.26476121,0
1505737664,21753194,0.16076,1980.51372000,0
1505737662,21753191,0.16069,518.57208732,0
1505737652,21753152,0.16077,910.66912433,0
1505737651,21753148,0.16076,2353.08561000,0
1505737651,21753145,0.16075,2074.97440000,1
1505737651,21753144,0.16074,968.18691628,0
1505737649,21753141,0.16069,6105.67666000,0
1505737621,21753033,0.16008,4569.70657167,1
1505737618,21753030,0.15984,4569.70657167,0
1505737618,21753029,0.16004,982.61510000,1
1505737618,21753028,0.16004,982.61510000,1
1505737618,21753027,0.16004,970.46780000,1
1505737618,21753026,0.16004,1143.45247800,0
1505737618,21753025,0.16004,5803.51931000,0
1505737617,21753024,0.16005,956.40940000,1
1505737617,21753023,0.16005,950.32160000,1
1505737617,21753022,0.16005,949.91470000,1
1505737617,21753021,0.16005,931.48120000,1
1505737617,21753019,0.16005,944.92660000,1
1505737617,21753017,0.16006,914.71130000,1
1505737616,21753016,0.16006,956.38560000,1
1505737616,21753015,0.16006,895.79200000,1
1505737616,21753014,0.16006,907.98770000,1
1505737616,21753013,0.16006,907.99460000,1
1505737616,21753012,0.16006,711.10291960,1
1505737616,21753011,0.16012,8875.09212000,1
1505737614,21753010,0.16013,6645.50390073,1
1505737579,21752902,0.16008,1529.00025000,1
1505737548,21752761,0.16000,196.89168040,0
1505737548,21752760,0.16000,921.42460000,0
1505737548,21752759,0.16000,921.40890000,0
1505737547,21752758,0.16000,874.71860000,0
1505737547,21752756,0.16000,949.95420000,0
1505737547,21752755,0.16000,922.03220000,0
1505737547,21752754,0.16000,922.03220000,0
1505737547,21752752,0.16000,917.97050000,0
1505737546,21752748,0.16000,951.29760000,0
1505737546,21752747,0.16000,949.95420000,0
1505737546,21752746,0.16000,968.08970000,0
1505737299,21751804,0.15977,1795.92988081,0
1505737237,21751729,0.15977,312.13619578,0
1505737203,21751682,0.15977,975.15791450,0
1505737201,21751670,0.15949,274.00000000,0
1505737188,21751652,0.15977,6243.38880891,0
1505737147,21751615,0.15976,124.87556335,0
1505737091,21751540,0.15969,11674.57547000,0
1505737017,21751452,0.15969,4617.65226600,0
1505736824,21751229,0.15897,1406.76480762,1
1505736824,21751228,0.15898,15918.29648000,1
1505736822,21751227,0.15899,6645.50390073,1
1505736822,21751226,0.15899,2500.00000000,1
1505736778,21751199,0.15975,6244.79336463,0
1505736591,21750976,0.15965,1843.72074900,0
1505736591,21750970,0.15966,1496.25000000,0
1505736591,21750967,0.15966,7820.28336800,0
1505736590,21750965,0.15965,466.31244000,0
1505736590,21750962,0.15965,1484.51600000,0
1505736564,21750888,0.15971,669.58556132,0
1505736463,21750815,0.15969,312.29256684,0
1505736392,21750778,0.15948,1250.94055680,0
1505736177,21750645,0.16000,7865.50428040,1
1505736177,21750644,0.16000,1291.94690000,1
1505736176,21750643,0.16000,169.16160000,1
1505736175,21750642,0.16000,169.16160000,1
1505736173,21750637,0.16074,168.28954354,0
1505736173,21750636,0.16000,8789.80332140,1
1505736173,21750635,0.16000,685.93175000,0
1505736172,21750634,0.15950,10000.00000000,0
1505736172,21750633,0.15949,507.86325000,0
1505736172,21750632,0.15937,2539.31624000,0
1505736171,21750631,0.15922,3529.88840000,0
1505736171,21750630,0.15900,40.00000000,0
1505736170,21750628,0.15891,209.47268341,0
1505736154,21750603,0.15891,306.84337600,0
1505736133,21750571,0.15890,1521.90547860,0
1505736087,21750517,0.15842,273.99999952,0
1505736087,21750516,0.15842,1318.37217948,0
1505736079,21750508,0.15842,679.12906988,0
1505736037,21750498,0.15842,500.00000000,0
1505735984,21750353,0.15842,1.24937532,1
1505735981,21750341,0.15842,2498.75062468,1
1505735932,21750238,0.15811,2380.95300000,0
1505735931,21750236,0.15811,1905.77420400,0
1505735931,21750235,0.15811,3213.27279600,0
1505735929,21750232,0.15811,2500.00000000,1
1505735871,21750174,0.15823,4172.50951461,1
1505735871,21750173,0.15824,4783.23791000,1
1505735871,21750172,0.15859,796.35257539,1
1505735871,21750171,0.15865,147.75000000,1
1505735871,21750170,0.15885,100.15000000,1
1505735814,21750119,0.15891,100.00000000,0
1505735755,21750078,0.15891,2.48784542,0
1505735755,21750077,0.15890,149.42833458,0
1505735703,21750047,0.15891,1013.28090000,0
1505735686,21750023,0.15891,113.42420000,0
1505735686,21750022,0.15891,2899.85670000,0
1505735675,21750013,0.15891,100.00000000,0
1505735591,21749946,0.15892,2500.00000000,1
1505735587,21749938,0.15899,313.66752625,0
1505735585,21749935,0.15900,100.00000000,0
1505734968,21749555,0.15981,979.27000000,1
1505734912,21749531,0.16000,417.75000000,1
1505734911,21749530,0.15998,2699.79440000,0
1505734883,21749506,0.15941,796.00000000,0
1505734800,21749412,0.15894,608.91320000,1
1505734773,21749406,0.15985,640.82684000,1
1505734729,21749397,0.15986,517.77996455,1
1505734675,21749358,0.15998,2500.00000000,1
1505734636,21749344,0.15998,3119.68780000,0
1505734579,21749288,0.15986,187.08679386,1
1505734539,21749259,0.16053,500.00000000,0
1505734510,21749231,0.15999,407.31629424,1
1505734509,21749228,0.16000,3825.65885900,1
1505734508,21749225,0.15999,0.00000010,0
1505734508,21749224,0.15999,4098.27890000,0
1505734508,21749223,0.15999,0.00003290,0
1505734483,21749179,0.15996,623.59339834,0
1505734480,21749177,0.15996,1063.75448300,0
1505734429,21749161,0.15993,2698.74775665,0
1505734409,21749153,0.16000,4098.27886710,1
1505734350,21749112,0.16000,2698.66865096,1
1505734299,21749060,0.16001,1069.68376300,1
1505734299,21749058,0.16001,1557.83232800,1
1505734280,21749022,0.16001,3695.80369700,1
1505733876,21748155,0.16000,0.07910569,1
1505733876,21748154,0.16000,7802.77434631,1
1505733875,21748152,0.16048,120.00000000,1
1505733825,21748041,0.16000,3984.64771400,1
1505733825,21748040,0.16000,8023.85545700,1
1505733825,21748039,0.16000,1677.01700000,1
1505733824,21748038,0.16001,500.00000000,1
1505733795,21747981,0.16000,10274.27512686,1
1505733794,21747980,0.16000,1422.72487314,1
1505733742,21747880,0.16001,2289.09168000,1
1505733726,21747861,0.16000,950.20565686,1
1505733725,21747859,0.16001,6887.21746686,0
1505733718,21747847,0.16001,8852.75906000,1
1505733685,21747803,0.16000,160.68461000,1
1505733674,21747768,0.16001,253.51380000,0
1505733672,21747762,0.16000,263.97547000,1
1505733662,21747745,0.16000,1566.45300000,1
1505733626,21747692,0.16038,187.08679386,0
1505733619,21747687,0.16002,253.51380000,1
1505733606,21747671,0.16002,253.51380000,1
1505733543,21747587,0.16073,560.92470644,1
1505733542,21747585,0.16073,8307.54100000,0
1505733542,21747584,0.16073,3007.35480000,0
1505733526,21747574,0.16003,253.51380000,1
1505733488,21747532,0.16000,320.18201000,1
1505733481,21747529,0.16000,9495.77438000,0
1505733364,21747235,0.15999,1576.84863000,0
1505733060,21746395,0.15999,922.50000000,0
1505732988,21746297,0.15890,575.01640172,1
1505732973,21746283,0.15998,416.08644300,1
1505732567,21745893,0.15972,1261.68519910,0
1505732553,21745887,0.15871,1596.76389185,1
1505732491,21745868,0.15929,5549.03468000,0
1505732409,21745716,0.15859,528.25297939,0
1505732407,21745714,0.15859,267.74702061,0
1505732356,21745609,0.16000,4259.95256250,0
1505732356,21745608,0.15998,971.25315665,1
1505732354,21745603,0.15945,525.66076000,0
1505732352,21745591,0.15885,1519.04180000,1
1505732352,21745590,0.15885,1109.26200000,1
1505732349,21745566,0.15883,1383.69095626,0
1505732349,21745565,0.15882,1020.41225374,0
1505732349,21745563,0.15882,1189.75024626,0
1505732349,21745559,0.15871,33.68272634,0
1505732349,21745556,0.15841,0.00000340,0
1505732287,21745445,0.15841,31.85716000,0
1505732261,21745432,0.15822,3856.65268770,1
1505732233,21745418,0.15818,32.44884788,1
1505732219,21745402,0.15812,32.44884788,1
1505732187,21745339,0.15914,100.00000000,0
1505732177,21745319,0.15811,896.39327400,0
1505732177,21745318,0.15811,2369.98679900,0
1505732177,21745317,0.15811,1333.67472500,0
1505732176,21745313,0.15811,10603.74182900,0
1505732175,21745308,0.15811,656.96798600,0
1505732175,21745306,0.15810,2984.67388000,0
1505732173,21745300,0.15809,1242.22340600,0
1505732078,21745195,0.15817,1076.26466014,1
1505732078,21745194,0.15817,10434.72528000,1
1505732059,21745178,0.15987,1679.57678113,1
1505732057,21745176,0.15815,1929.00520000,0
1505732057,21745175,0.15815,2681.12318000,0
1505731870,21745074,0.15750,6705.61079653,1
1505731870,21745073,0.15750,204.07252747,1
1505731870,21745072,0.15751,1447.23953000,1
1505731870,21745071,0.15770,0.38371600,1
1505731867,21745068,0.15770,767.39232669,1
1505731857,21745045,0.15825,1441.49380170,1
1505731855,21745043,0.15810,4866.33379000,0
1505731850,21745036,0.15770,3744.06700000,1
1505731831,21745016,0.15770,488.15695731,1
1505731831,21745015,0.15770,2240.99618006,1
1505731831,21745014,0.15771,2.49875063,1
1505731817,21744988,0.15807,5237.25786044,0
1505731816,21744986,0.15806,3738.21038616,0
1505731816,21744984,0.15806,2499.99993664,0
1505731816,21744983,0.15806,1147.32772454,0
1505731780,21744933,0.15812,2466.63881862,0
1505731742,21744852,0.15771,4997.50124937,1
1505731673,21744750,0.15771,2500.00000000,1
1505731668,21744730,0.15779,1792.78599287,0
1505731656,21744709,0.15828,246.32297194,0
1505731632,21744669,0.15773,678.89762821,1
1505731629,21744659,0.15773,889.44667767,1
1505731629,21744657,0.15773,671.85811979,1
1505731627,21744655,0.15772,2617.59957691,1
1505731623,21744647,0.15772,889.00220432,1
1505731623,21744642,0.15772,107.36476193,1
1505731623,21744641,0.15828,0.16281860,1
1505731563,21744554,0.15828,325.63718140,1
1505731371,21744213,0.15770,829.31936900,1
1505731367,21744210,0.15770,80.68445094,0
1505731363,21744198,0.15731,829.31936940,1
1505731363,21744195,0.15731,50.00000000,1
1505731343,21744143,0.15770,550.34241087,1
1505731341,21744133,0.15770,81.00000000,1
1505731336,21744122,0.15770,1403.06317113,1
1505731335,21744119,0.15770,452.56129800,1
1505731329,21744106,0.15771,1286.94375753,1
1505731324,21744085,0.15773,1716.10108381,0
1505731322,21744069,0.15772,547.95041532,0
1505731320,21744062,0.15773,452.56129812,1
1505731292,21744048,0.15776,98.46970554,1
1505731258,21743980,0.15797,442.26457565,1
1505731257,21743979,0.15796,5200.66588354,0
1505731256,21743973,0.15796,1477.76815400,1
1505731256,21743970,0.15796,1022.23184600,1
1505731256,21743969,0.15796,3506.70000000,1
1505731256,21743968,0.15797,2152.84144000,1
1505731254,21743961,0.15797,6680.11407952,1
1505731252,21743957,0.15796,3318.22670834,1
1505731246,21743946,0.15794,142.68214317,1
1505731244,21743943,0.15800,469.96139000,1
1505731233,21743927,0.15799,293.68144100,0
1505731233,21743926,0.15793,569.00000000,0
1505731227,21743920,0.15818,126.73542400,0
1505731151,21743818,0.15784,1137.31849600,0
1505731140,21743806,0.15782,1999.99993664,1
1505731047,21743663,0.15776,1937.44689584,1
1505731037,21743650,0.15771,147.83675358,1
1505731036,21743649,0.15800,0.49975013,1
1505731035,21743646,0.15914,6268.73030036,0
1505731011,21743599,0.15800,999.50024987,1
1505731003,21743549,0.15836,1117.44665300,0
1505730730,21743151,0.15755,13.03312000,0
1505730730,21743149,0.15755,1325.32107000,1
1505730730,21743148,0.15755,6630.70331000,1
1505730729,21743147,0.15756,2500.00000000,1
1505730685,21743105,0.15834,2017.92000000,0
1505730678,21743098,0.15832,1440.86785100,0
1505730678,21743097,0.15832,1079.91314900,0
1505730652,21743069,0.15844,991.63853500,0
1505730650,21743066,0.15826,521.38315098,0
1505730649,21743064,0.15826,2924.10970000,0
1505730598,21742996,0.15819,1135.11414900,0
1505730579,21742956,0.15796,2064.89690075,1
1505730569,21742927,0.15797,6708.03772868,0
1505730569,21742926,0.15797,100.00000000,0
1505730524,21742877,0.15807,100.00000000,0
1505730463,21742766,0.15736,1405.00000000,1
1505730450,21742708,0.15758,2500.00000000,1
1505730408,21742618,0.15882,100.00000000,0
1505730382,21742587,0.15730,700.10400000,0
1505730381,21742580,0.15776,602.89600000,1
1505730378,21742574,0.15700,606.07241782,1
1505730378,21742573,0.15700,10451.62568356,1
1505730378,21742571,0.15700,5000.00000000,0
1505730376,21742566,0.15730,11823.92758218,1
1505730374,21742551,0.15730,35874.73408342,1
1505730374,21742550,0.15730,109.10000000,1
1505730374,21742549,0.15733,933.97700000,1
1505730374,21742547,0.15733,690.98700000,1
1505730373,21742546,0.15733,293.06700000,1
1505730373,21742545,0.15750,1000.00000000,1
1505730373,21742544,0.15756,204.47861877,1
1505730373,21742543,0.15756,578.65452110,1
1505730373,21742542,0.15760,10612.28649746,1
1505730373,21742541,0.15778,13826.15920000,1
1505730373,21742540,0.15779,9044.69300000,1
1505730373,21742539,0.15800,445.00000000,1
1505730373,21742538,0.15865,13386.86307925,1
1505730361,21742497,0.15865,7849.98092075,1
1505730259,21742141,0.15864,600.00000000,1
1505730193,21741971,0.15801,22697.10832727,1
1505730193,21741970,0.15833,1674.95771200,1
1505730193,21741969,0.15839,6645.50390073,1
1505730193,21741968,0.15850,391.00000000,1
1505730192,21741967,0.15850,764.00000000,1
1505730192,21741966,0.15858,13756.40936000,1
1505730192,21741965,0.15859,1571.02070000,1
1505730192,21741964,0.15900,2500.00000000,1
1505730187,21741961,0.15997,1558.85478527,0
1505730172,21741951,0.15904,8093.80353000,1
1505730171,21741950,0.15905,1906.19647000,1
1505730165,21741942,0.16000,892.25084000,1
1505730164,21741941,0.16000,8603.52354000,1
1505730163,21741940,0.16001,9495.77438000,1
1505730151,21741920,0.16109,13195.96039481,0
1505730151,21741919,0.16090,997.50124937,0
1505730151,21741918,0.16090,1403.54141000,0
1505730150,21741917,0.16074,796.38353000,0
1505730150,21741916,0.16000,9495.77438040,1
1505730150,21741915,0.15999,3981.91764000,0
1505730149,21741912,0.15996,8000.00000000,1
1505730148,21741910,0.15996,1305.13620000,0
1505730101,21741875,0.15995,623.63626133,0
1505730086,21741859,0.15962,491.33139300,0
1505730085,21741858,0.15962,3474.90000000,0
1505730085,21741857,0.15932,69.00000000,0
1505730077,21741849,0.15950,500.00000000,1
1505729903,21741603,0.15950,209.23500000,1
1505729820,21741483,0.15997,1246.95293455,0
1505729798,21741463,0.15999,2877.81256336,0
1505729798,21741462,0.15999,1309.92283664,0
1505729787,21741456,0.15990,3000.00000000,0
1505729786,21741455,0.15989,1312.26460000,0
1505729760,21741439,0.15950,2290.76500000,1
1505729760,21741438,0.15960,940.00000000,1
1505729531,21741254,0.15986,2495.94951833,0
1505729433,21741211,0.15986,311.99368197,0
1505729412,21741199,0.15986,2500.00000000,0
1505729317,21741139,0.15971,265.15291000,0
1505729109,21740988,0.15877,1977.26366934,1
1505729108,21740987,0.15915,1931.00000000,1
1505729083,21740957,0.15915,569.00000000,0
1505729067,21740941,0.15878,230.00000000,1
1505729002,21740845,0.15875,556.12527895,0
1505729000,21740840,0.15899,129.06472105,1
1505728875,21740620,0.15899,1000.00000000,1
1505728875,21740619,0.15900,550.00000000,1
1505728767,21740393,0.15906,9856.53570290,1
1505728767,21740389,0.15907,1143.20000000,0
1505728765,21740380,0.15921,0.26429710,1
1505728705,21740197,0.15994,1393.38538040,0
1505728682,21740103,0.16000,8102.38900000,1
1505728652,21740055,0.16001,3867.06233100,1
1505728595,21739981,0.16001,358.06900000,1
1505728577,21739960,0.16030,1256.04000000,1
1505728575,21739956,0.16030,256.04000000,1
1505728575,21739955,0.16030,1000.00000000,1
1505728488,21739836,0.16087,372.04183502,0
1505728479,21739823,0.16054,1242.68867572,0
1505728470,21739817,0.16056,124.14000000,0
1505728365,21739705,0.16079,122.64629417,0
1505728353,21739697,0.16007,616.00491747,1
1505728231,21739508,0.16004,203.58760000,1
1505728211,21739494,0.16000,3238.00938040,0
1505728189,21739453,0.16000,6257.76500000,0
1505727924,21739007,0.15998,311.72646580,0
1505727843,21738836,0.15983,1176.20801200,0
1505727842,21738834,0.15983,3089.42970000,0
1505727784,21738809,0.15958,3096.02586600,0
1505727783,21738808,0.15958,100.00000000,0
1505727737,21738749,0.15964,2055.88097300,0
1505727737,21738747,0.15963,3727.75840000,0
1505727710,21738660,0.15921,528.53759290,1
1505727701,21738645,0.15975,100.00000000,0
1505727675,21738600,0.15991,782.47312400,0
1505727653,21738575,0.15956,608.38589900,0
1505727648,21738570,0.15932,527.00000000,0
1505727648,21738569,0.15932,100.00000000,0
1505727600,21738480,0.15921,471.19811000,1
1505727596,21738475,0.15983,2086.68523400,0
1505727580,21738470,0.15993,100.00000000,0
1505727573,21738466,0.15997,5268.69257300,0
1505727571,21738463,0.15999,4052.56578536,0
1505727546,21738423,0.16000,3271.33820000,1
1505727498,21738281,0.16000,217.46200300,1
1505727483,21738269,0.16002,24574.38416072,1
1505727479,21738263,0.16063,3725.95405590,0
1505727399,21737972,0.16002,1116.47955000,1
1505727394,21737968,0.16002,1117.59714900,1
1505727333,21737853,0.16002,954.55255100,1
1505727331,21737849,0.16002,1751.31525300,1
1505727328,21737845,0.16002,95.15974700,1
1505727301,21737794,0.16001,5000.00000000,1
1505727284,21737768,0.16001,6000.00000000,1
1505727232,21737657,0.16091,10090.42293000,1
1505727230,21737656,0.16090,1227.42225400,1
1505727230,21737655,0.16090,4314.54217200,1
1505727228,21737650,0.16090,3764.04108900,1
1505727228,21737648,0.16090,1128.99295000,1
1505727226,21737643,0.16090,1116.32167100,1
1505727226,21737641,0.16090,1624.99337200,1
1505727225,21737640,0.16090,2134.93569088,1
1505727225,21737639,0.16090,1624.99337200,1
1505727225,21737638,0.16090,8078.58326100,1
1505727225,21737637,0.16090,3514.02786900,1
1505727224,21737635,0.16090,1320.72500000,1
1505727224,21737633,0.16090,2211.80000000,1
1505727224,21737628,0.16090,26713.46166100,1
1505727223,21737627,0.16090,2229.19577800,1
1505727223,21737625,0.16090,624.10478000,1
1505727223,21737620,0.16090,1660.65963500,1
1505727137,21737456,0.16111,619.14604928,0
1505727102,21737416,0.16133,463.66050951,0
1505727100,21737415,0.16005,5000.00000000,1
1505727012,21737307,0.16040,484.00000000,1
1505726922,21737175,0.16125,238.79986734,0
1505726900,21737140,0.16129,3092.27546655,0
1505726672,21736947,0.16117,38.31118377,0
1505726672,21736946,0.16117,1299.90040000,0
1505726574,21736870,0.16126,51.15972931,0
1505726572,21736868,0.16023,262.82804125,0
1505726560,21736853,0.16023,81.43762091,0
1505726558,21736850,0.16020,1786.53629930,0
1505726545,21736845,0.16020,1546.66871900,0
1505726536,21736843,0.16020,1768.36310861,0
1505726530,21736841,0.16020,1297.06023355,0
1505726519,21736826,0.15900,1268.30819930,0
1505726518,21736824,0.15922,1303.23280000,1
1505726518,21736821,0.15977,6645.50390073,1
1505726518,21736820,0.15977,12084.91331000,0
1505726517,21736819,0.15990,5269.00000000,1
1505726511,21736812,0.16000,8757.49277600,0
1505726510,21736810,0.16018,556.39200000,0
1505726427,21736738,0.15990,500.00000000,1
1505726420,21736728,0.15999,1674.95771200,0
1505726413,21736716,0.16006,155.80188679,0
1505726388,21736689,0.16000,1441.85771200,0
1505726373,21736673,0.16000,233.10000000,1
1505726339,21736633,0.16000,3500.00000000,0
1505726327,21736628,0.16000,101.37163954,0
1505726327,21736627,0.16000,1898.62836046,0
1505726326,21736626,0.16000,1555.55000000,0
1505726243,21736508,0.15999,380.09400000,0
1505726242,21736503,0.15999,1434.03645000,0
1505726228,21736478,0.15999,1429.35893600,0
1505726195,21736446,0.15990,466.00000000,1
1505726151,21736432,0.15998,1871.00000000,0
1505726076,21736133,0.15999,1000.00000000,0
1505726037,21736077,0.16000,1545.82163954,0
1505726037,21736076,0.16000,4948.43497046,0
1505726029,21736066,0.16000,51.56058000,0
1505726029,21736065,0.16000,906.28817000,1
1505726029,21736064,0.15998,2741.46071043,0
1505726027,21736063,0.15997,2536.54470000,0
1505726023,21736062,0.15998,311.75965746,0
1505726015,21736057,0.15998,2000.00000000,0
1505726000,21736024,0.15998,1481.35723215,0
1505725967,21736002,0.15994,1998.42203956,0
1505725967,21736001,0.15980,0.00000044,0
1505725956,21735990,0.15980,3325.99496700,0
1505725956,21735989,0.15980,3427.46633000,0
1505725929,21735974,0.15974,1100.19000000,0
1505725877,21735826,0.15971,1293.28310000,0
1505725876,21735825,0.15969,156.50948713,0
1505725863,21735808,0.15972,1060.93000000,0
1505725827,21735741,0.15978,441.94900000,0
1505725769,21735538,0.15975,256.38253521,0
1505725767,21735533,0.15971,255.70343506,0
1505725714,21735386,0.15971,6276.35644700,0
1505725714,21735384,0.15971,2626.31660500,0
1505725714,21735381,0.15971,1198.91977200,0
1505725714,21735377,0.15970,1296.48280000,0
1505725641,21735222,0.15971,0.90560000,0
1505725641,21735221,0.15970,1293.31440000,0
1505725632,21735214,0.15971,767.36300000,0
1505725622,21735182,0.15970,1186.17000000,0
1505725564,21735030,0.15969,1159.00000000,0
1505725551,21735005,0.15980,388.65932665,0
1505725551,21735004,0.15980,7308.99555445,1
1505725551,21735003,0.15974,1076.77803000,0
1505725550,21735002,0.15971,2352.15470539,1
1505725549,21735001,0.15971,1361.58720000,0
1505725411,21734819,0.15900,1466.20000000,0
1505725394,21734796,0.15900,1218.84000000,0
1505725387,21734781,0.15900,530.96000000,0
1505725385,21734779,0.15899,933.97700000,0
1505725375,21734767,0.15899,690.98700000,0
1505725373,21734764,0.15899,293.06700000,0
1505725356,21734756,0.15876,3430.00000000,1
1505725312,21734707,0.15940,380.01800000,0
1505725312,21734706,0.15902,377.10000000,0
1505725201,21734416,0.15900,249.90000000,1
1505725127,21734343,0.15954,625.19974929,0
1505725118,21734339,0.15900,2875.10000000,1
1505725094,21734317,0.15902,1797.93932004,1
1505725093,21734315,0.15938,2.06067996,1
1505725017,21734250,0.15962,279.76763312,0
1505725003,21734235,0.15938,4121.32847243,1
1505724991,21734228,0.15966,625.00000000,0
1505724864,21734088,0.15994,97.59143234,0
1505724698,21733997,0.15991,11697.27202802,0
1505724645,21733982,0.15994,3430.55620858,0
1505724546,21733906,0.15938,3362.80134010,1
1505724465,21733872,0.15938,5000.00000000,1
1505724344,21733732,0.15938,1201.16925751,1
1505724344,21733731,0.15940,578.95305149,1
1505724313,21733663,0.15943,334.40502000,1
1505724298,21733642,0.15945,427.33100000,0
1505724295,21733628,0.15945,401.80500000,0
1505724286,21733619,0.16000,1809.40492940,1
1505724284,21733613,0.16000,4770.63867000,0
1505724271,21733605,0.16000,395.10000000,1
1505724260,21733597,0.16000,1245.52719000,1
1505724250,21733578,0.15998,1245.52719264,1
1505724243,21733557,0.16000,2021.27593000,1
1505724229,21733490,0.16000,2021.27593200,0
1505724220,21733485,0.16000,5595.74027000,1
1505724184,21733429,0.16023,211.68688760,0
1505724148,21733368,0.16000,512.11518300,0
1505724148,21733367,0.16000,1995.00000000,1
1505724147,21733366,0.16000,467.04138400,1
1505724147,21733365,0.16001,1288.82730000,1
1505724147,21733364,0.16001,5714.28978000,1
1505724131,21733352,0.16002,307.22973000,1
1505724048,21733214,0.16000,592.95861600,1
1505724048,21733213,0.16000,1000.00000000,1
1505724046,21733196,0.16019,112.06100700,1
1505724030,21733138,0.16019,5775.00000000,1
1505724028,21733129,0.16023,671.26175915,0
1505724019,21733110,0.16019,1214.48625200,1
1505724019,21733109,0.16019,4846.92238200,1
1505724019,21733107,0.16019,1669.68002900,1
1505724019,21733106,0.16020,1429.98306000,1
1505724013,21733092,0.16022,706.00000000,0
1505724004,21733082,0.16022,1227.21430891,1
1505723741,21732828,0.16088,600.00000000,0
1505723738,21732826,0.16020,553.99500625,0
1505723738,21732825,0.16020,4446.00499375,1
1505723737,21732822,0.16088,126.00000000,0
1505723730,21732818,0.16083,1058.07194130,0
1505723730,21732817,0.16070,599.70008770,0
1505723730,21732816,0.16070,142.83147000,0
1505723644,21732672,0.16023,3910.00369600,1
1505723644,21732671,0.16050,633.55268300,1
1505723634,21732626,0.16050,1082.33804300,1
1505723606,21732561,0.16070,0.29985008,1
1505723591,21732538,0.16070,599.70014992,1
1505723512,21732415,0.16274,429.00854018,0
1505723488,21732298,0.16071,275.07700000,1
1505723481,21732260,0.16100,11547.51847800,1
1505723474,21732247,0.16134,7547.77496700,0
1505723474,21732246,0.16134,1344.02842300,0
1505723473,21732242,0.16136,1614.80321000,1
1505723473,21732241,0.16136,5932.97175700,1
1505723473,21732240,0.16136,2146.55597300,1
1505723457,21732213,0.16136,5133.54995979,0
1505723456,21732209,0.16134,846.56404914,0
1505723450,21732203,0.16306,615.88992910,1
1505723450,21732195,0.16306,1300.45430000,0
1505723341,21732074,0.16404,5519.82033921,0
1505723341,21732073,0.16400,50.00000000,0
1505723340,21732072,0.16350,50.00000000,0
1505723340,21732071,0.16350,70932.62400000,1
1505723340,21732069,0.16300,6778.00000000,0
1505723340,21732068,0.16300,0.00000036,0
1505723339,21732067,0.16265,150.00000000,0
1505723339,21732066,0.16262,560.60978000,0
1505723339,21732065,0.16262,2803.04889000,0
1505723338,21732063,0.16173,7024.35210000,1
1505723338,21732062,0.16173,3926.47030000,0
1505723337,21732060,0.16173,2205.07459043,0
1505723221,21731947,0.16237,1228.67524789,0
1505723186,21731909,0.16105,3758.68131770,1
1505723184,21731902,0.16167,1941.21916170,1
1505723174,21731880,0.16167,1110.70848400,1
1505723174,21731878,0.16167,1515.28938900,1
1505723037,21731683,0.16167,1278.00000000,1
1505723014,21731665,0.16300,49.99999964,0
1505723014,21731664,0.16299,765.70837000,0
1505723014,21731663,0.16251,1395.31076036,0
1505723013,21731662,0.16250,50.00000000,0
1505723012,21731661,0.16245,3828.54186000,0
1505723012,21731660,0.16220,4200.85712496,0
1505723012,21731659,0.16212,3500.00000000,0
1505723012,21731658,0.16212,2764.83400000,0
1505723001,21731648,0.16210,253.88223800,0
1505722980,21731625,0.16212,212.83000518,0
1505722953,21731556,0.16199,2442.93638400,0
1505722953,21731555,0.16189,2659.92990000,0
1505722950,21731542,0.16191,6285.65021400,0
1505722922,21731484,0.16209,38.86489821,0
1505722904,21731455,0.16126,193.29332000,0
1505722899,21731447,0.16215,422.05864400,0
1505722867,21731376,0.16215,1787.82800000,0
1505722842,21731294,0.16217,932.23996547,0
1505722822,21731263,0.16177,431.04500000,0
1505722821,21731261,0.16177,274.88200000,0
1505722783,21731197,0.16220,757.80000000,0
1505722772,21731168,0.16219,857.63300000,0
1505722733,21731057,0.16217,727.87900000,0
1505722621,21730966,0.16220,450.75500000,0
1505722549,21730834,0.16150,1715.89072600,0
1505722458,21730643,0.16108,2107.18637000,1
1505722454,21730636,0.16207,307.73931017,0
1505722415,21730554,0.16102,2453.31929200,1
1505722415,21730553,0.16119,2473.78803000,1
1505722413,21730550,0.16119,7483.83469400,1
1505722412,21730549,0.16119,9813.62611300,1
1505722405,21730544,0.16119,2268.75116300,1
1505722292,21730424,0.16184,2352.57940595,1
1505722292,21730421,0.16173,2676.50760000,1
1505722290,21730420,0.16119,3306.63797252,0
1505722264,21730393,0.16119,2500.00000000,0
1505722250,21730389,0.16101,1085.52783702,1
1505722250,21730388,0.16103,87.07567598,1
1505722244,21730384,0.16119,92.80972765,0
1505722217,21730377,0.16119,7000.55230000,0
1505722213,21730371,0.16119,100.00000000,0
1505722205,21730364,0.16103,915.20915600,1
1505722188,21730345,0.16199,518.92100000,0
1505722129,21730239,0.16120,4139.79841000,1
1505722116,21730231,0.16218,676.53224811,0
1505722075,21730095,0.16110,2562.85000000,1
1505721951,21729816,0.16174,100.00000000,0
1505721859,21729622,0.16125,2072.89891200,1
1505721819,21729558,0.16228,124.87451000,1
1505721819,21729556,0.16228,1377.13789754,1
1505721818,21729552,0.16228,3108.10387000,1
1505721791,21729490,0.16240,1842.68392857,0
1505721768,21729459,0.16126,606.95100000,1
1505721742,21729395,0.16249,2549.95521681,0
1505721742,21729394,0.16232,686.71231000,0
1505721742,21729393,0.16232,3433.56155000,0
1505721740,21729392,0.16176,706.00000000,0
1505721495,21728863,0.16249,815.19400000,0
1505721446,21728832,0.16207,3983.61881000,0
1505721413,21728806,0.16213,2562.33528650,0
1505721350,21728751,0.16150,4547.48595385,0
1505721336,21728731,0.16150,23080.00500000,0
1505721315,21728708,0.16149,410.17226900,0
1505721305,21728677,0.16149,120.46139080,0
1505721299,21728670,0.16103,615.69330759,1
1505721299,21728668,0.16105,86.30669241,1
1505721298,21728666,0.16105,1196.71020759,1
1505721296,21728665,0.16118,6157.48191641,1
1505721261,21728630,0.16150,250.00000000,1
1505721261,21728629,0.16150,172.50904615,1
1505721173,21728522,0.16251,49.11962341,0
1505721043,21728367,0.16151,3372.77776300,1
1505721042,21728366,0.16152,881.52887000,1
1505721014,21728327,0.16338,250.00000000,0
1505720893,21728214,0.16230,600.00000000,0
1505720862,21728187,0.16259,45.00000000,0
1505720844,21728171,0.16155,4735.89584044,1
1505720844,21728170,0.16190,249.93528956,1
1505720843,21728167,0.16190,0.02830047,1
1505720843,21728166,0.16200,3141.44163753,1
1505720840,21728164,0.16201,1662.03019000,1
1505720770,21728056,0.16201,610.58152268,1
1505720768,21728043,0.16202,2358.37206900,1
1505720757,21728019,0.16201,2637.00427900,1
1505720757,21728018,0.16201,1395.20639000,1
1505720757,21728017,0.16201,555.64837700,1
1505720753,21728000,0.16201,1310.98974100,1
1505720752,21727998,0.16201,1726.92502900,1
1505720751,21727994,0.16201,3383.44210300,1
1505720742,21727981,0.16200,253.33485714,1
1505720733,21727968,0.16250,172.50904615,0
1505720652,21727854,0.16216,50.00000000,1
1505720651,21727853,0.16250,250.00000000,1
1505720626,21727811,0.16327,4814.80565934,1
1505720586,21727772,0.16205,4862.22088000,1
1505720562,21727702,0.16259,3571.76049700,1
1505720545,21727638,0.16257,855.44591679,1
1505720545,21727637,0.16300,116.76812221,1
1505720489,21727399,0.16372,474.05993000,0
1505720489,21727397,0.16371,2025.94007000,0
1505720453,21727328,0.16377,1879.35576923,0
1505720452,21727327,0.16300,472.76200000,1
1505720418,21727281,0.16307,471.82988900,1
1505720418,21727279,0.16307,470.47507092,1
1505720409,21727252,0.16405,4452.13313014,0
1505720409,21727251,0.16394,400.00000000,0
1505720408,21727249,0.16392,3482.94730000,1
1505720408,21727248,0.16392,50.00000000,0
1505720408,21727247,0.16391,221.02003000,1
1505720407,21727245,0.16370,349.00000000,0
1505720407,21727243,0.16365,1105.10015000,1
1505720407,21727242,0.16345,4440.02760300,1
1505720404,21727236,0.16366,260.32146000,0
1505720404,21727235,0.16323,6303.04921000,0
1505720404,21727234,0.16318,1000.00000000,0
1505720404,21727233,0.16314,334.00000000,0
1505720394,21727196,0.16307,491.79927081,0
1505720326,21726998,0.16300,477.00000000,1
1505720302,21726987,0.16300,700.00000000,0
1505720302,21726986,0.16300,483.46987779,0
1505720069,21726470,0.16282,612.64353273,1
1505720067,21726468,0.16215,0.00000036,0
1505720048,21726453,0.16215,5528.83161200,0
1505720005,21726383,0.16215,3080.00000000,0
1505719982,21726350,0.16215,5690.36854764,0
1505719970,21726339,0.16215,100.00000000,0
1505719958,21726317,0.16290,639.00000000,1
1505719940,21726287,0.16214,1264.03000000,1
1505719928,21726258,0.16215,2640.15971220,0
1505719928,21726254,0.16215,1280.73090000,1
1505719920,21726241,0.16300,2.43071779,1
1505719918,21726232,0.16300,483.71284049,1
1505719890,21726188,0.16317,224.16953000,0
1505719890,21726187,0.16300,6403.00000000,0
1505719890,21726185,0.16300,669.00000000,0
1505719890,21726184,0.16300,53.00000000,0
1505719881,21726165,0.16300,3000.00000000,0
1505719881,21726164,0.16290,6923.53606986,0
1505719881,21726163,0.16289,2153.54540000,0
1505719870,21726112,0.16250,999.99993847,1
1505719854,21726081,0.16287,117.00000000,0
1505719817,21726015,0.16290,3392.97260700,0
1505719817,21726014,0.16289,2620.20350000,0
1505719805,21725989,0.16281,999.50024987,0
1505719805,21725988,0.16280,2218.93737000,0
1505719805,21725987,0.16277,1929.40900000,0
1505719805,21725985,0.16251,5000.00000000,0
1505719805,21725984,0.16240,500.00000000,0
1505719805,21725981,0.16240,4696.57689500,0
1505719805,21725980,0.16239,421.93600000,0
1505719768,21725918,0.16201,421.93600000,1
1505719755,21725899,0.16200,4413.68882175,1
1505719734,21725867,0.16200,976.14800000,1
1505719728,21725856,0.16200,122.38684325,1
1505719648,21725691,0.16240,1638.50563500,0
1505719648,21725690,0.16239,2259.47490000,0
1505719629,21725656,0.16190,44.97000000,1
1505719626,21725650,0.16238,160.64645048,0
1505719626,21725649,0.16238,100.00000000,0
1505719624,21725645,0.16209,105.66728361,0
1505719624,21725643,0.16209,194.33271639,0
1505719622,21725639,0.16200,298.15492804,0
1505719612,21725631,0.16200,44.21564000,0
1505719587,21725605,0.16190,614.27226252,1
1505719585,21725603,0.16199,261.41929042,1
1505719507,21725481,0.16200,320.82343143,0
1505719504,21725464,0.16200,336.80600053,0
1505719504,21725461,0.16200,2313.12512447,0
1505719500,21725447,0.16200,1231.48913580,0
1505719462,21725397,0.16200,503.85013402,0
1505719437,21725315,0.16200,320.35493475,0
1505719434,21725298,0.16199,264.40327889,0
1505719432,21725284,0.16199,319.84402035,0
1505719429,21725261,0.16199,376.84465387,0
1505719427,21725249,0.16199,318.67646163,1
1505719427,21725248,0.16199,119.53193508,1
1505719427,21725242,0.16200,1169.05270800,0
1505719425,21725212,0.16199,1280.46806492,0
1505719421,21725191,0.16199,318.18012291,0
1505719381,21725017,0.16199,224.45274400,0
1505719380,21725008,0.16199,317.76651615,0
1505719374,21724987,0.16199,317.73954441,0
1505719285,21724779,0.16199,139.68276000,0
1505719285,21724778,0.16197,2909.72991000,0
1505719238,21724685,0.16199,1000.00000000,0
1505719217,21724650,0.16199,417.87332551,0
1505719217,21724649,0.16198,0.00000022,0
1505719215,21724646,0.16169,334.00000000,0
1505719161,21724470,0.16196,1200.00000000,0
1505719129,21724368,0.16198,1682.29308200,0
1505719075,21724267,0.16198,317.70691778,0
1505719015,21724157,0.16197,3331.35276300,0
1505719004,21724130,0.16190,913.16119078,0
1505718950,21723984,0.16189,305.99993823,1
1505718945,21723979,0.16190,3080.93187153,0
1505718923,21723914,0.16190,1232.61865349,0
1505718914,21723897,0.16197,5212.12667000,0
1505718914,21723895,0.16195,100.00000000,0
1505718902,21723851,0.16190,2512.80022000,0
1505718838,21723717,0.16191,186.67401900,0
1505718838,21723716,0.16189,1461.74430000,0
1505718816,21723692,0.16189,1037.68420000,0
1505718810,21723676,0.16182,1316.12100600,0
1505718775,21723588,0.16188,1006.53100000,0
1505718752,21723514,0.16193,2051.93606100,0
1505718710,21723419,0.16187,1551.87973600,0
1505718706,21723402,0.16103,2024.25839000,0
1505718674,21723327,0.16103,11775.74161000,0
1505718672,21723325,0.16194,372.66345560,0
1505718658,21723280,0.16099,4606.00000000,1
1505718656,21723275,0.16159,2000.00000000,1
1505718598,21723103,0.16176,2915.30081404,1
1505718596,21723100,0.16159,168.08552707,0
1505718526,21722897,0.16159,222.38684325,0
1505718397,21722625,0.16159,909.09252968,0
1505718397,21722624,0.16149,1090.90747032,0
1505718331,21722486,0.16149,722.15579912,0
1505718330,21722485,0.16148,1269.67490000,0
1505718254,21722306,0.16200,4462.12796296,0
1505718253,21722304,0.16199,491.53669987,0
1505718253,21722303,0.16196,950.00000000,0
1505718253,21722300,0.16187,975.85720739,0
1505718253,21722299,0.16159,6367.04158000,0
1505718252,21722295,0.16150,195.00000000,0
1505718252,21722291,0.16149,4343.00000000,0
1505718252,21722290,0.16140,850.00000000,0
1505718251,21722287,0.16139,462.31281000,0
1505718251,21722285,0.16138,2311.56406000,0
1505718250,21722283,0.16100,3387.22000000,0
1505718250,21722282,0.16100,300.00000000,0
1505718250,21722280,0.16100,4178.66031573,0
1505718250,21722279,0.16099,7218.95844000,0
1505718249,21722278,0.16098,597.02793416,0
1505718249,21722277,0.16098,701.92546584,0
1505718243,21722255,0.16100,5821.33968427,0
1505718243,21722254,0.16100,18048.44496173,0
1505718242,21722251,0.16099,3644.28197400,0
1505718239,21722234,0.16077,2857.15513648,0
1505718239,21722233,0.16077,3202.91402900,0
1505718238,21722229,0.16077,338.82400000,0
1505718208,21722080,0.16077,0.43155452,0
1505718208,21722079,0.16066,617.07644548,0
1505718120,21721809,0.16064,587.70000000,1
1505718113,21721775,0.16066,100.00000000,0
1505718102,21721736,0.16066,799.04167272,0
1505718102,21721734,0.16050,629.46059191,0
1505718102,21721733,0.16030,47031.58457276,0
1505718101,21721732,0.16028,2746.41274000,0
1505718101,21721731,0.16027,1482.15680000,0
1505718101,21721729,0.16001,200.00000000,0
1505718099,21721725,0.16000,9395.77438040,0
1505718072,21721639,0.16000,100.00000000,1
1505718029,21721533,0.15998,100.00000000,0
1505718027,21721528,0.15998,374.67733191,0
1505718021,21721502,0.15998,31.87898487,0
1505718009,21721440,0.15970,334.00000000,0
1505717953,21721167,0.15994,2287.49250600,1
1505717953,21721161,0.15992,1212.60749400,0
1505717951,21721155,0.15992,2394.30559600,0
1505717766,21720601,0.15988,1707.09870000,0
1505717733,21720547,0.15999,1197.43297000,0
1505717731,21720541,0.15996,3197.45183000,0
1505717707,21720493,0.15997,360.89844057,0
1505717593,21720211,0.16000,2965.34893750,1
1505717590,21720204,0.16000,2965.34893750,1
1505717590,21720203,0.15999,4196.95697000,0
1505717588,21720200,0.15996,1754.49630000,0
1505717487,21720051,0.15981,329.94663550,0
1505717485,21720050,0.15979,1292.78890000,0
1505717426,21719875,0.15996,2778.30582951,0
1505717425,21719865,0.16000,16062.15926000,1
1505717424,21719864,0.16001,2778.30582951,1
1505717424,21719860,0.16000,670.00000000,0
1505717424,21719859,0.16000,277.00000000,0
1505717423,21719858,0.16000,701.00000000,0
1505717423,21719857,0.16000,1000.00000000,0
1505717423,21719854,0.15999,4532.94913000,1
1505717423,21719853,0.15997,5611.21619419,0
1505717421,21719852,0.15969,6645.50390073,0
1505717380,21719784,0.15979,11495.55825302,0
1505717380,21719782,0.15977,1710.12214000,0
1505717257,21719352,0.15876,192.00000000,1
1505717184,21719221,0.15886,2297.89418520,1
1505717184,21719220,0.15893,3790.73701980,1
1505717134,21719151,0.15881,1509.03710000,1
1505716864,21718723,0.15812,2800.00000000,1
1505716811,21718651,0.15854,577.86208957,0
1505716807,21718630,0.15917,3267.16177671,0
1505716805,21718618,0.15916,37570.15900000,0
1505716800,21718611,0.15786,282.30558000,1
1505716595,21718325,0.15959,956.69870000,0
1505716595,21718323,0.15958,1843.30130000,0
1505716514,21718084,0.15997,820.31099581,0
1505716514,21718083,0.15980,400.00000000,0
1505716514,21718082,0.15965,1791.13871958,0
1505716513,21718081,0.15965,2210.00190000,1
1505716513,21718080,0.15964,715.72293000,1
1505716513,21718079,0.15964,3578.61466000,1
1505716512,21718073,0.15952,1912.89870000,0
1505716443,21717937,0.15963,384.95270312,1
1505716409,21717888,0.15965,561.91652542,0
1505716409,21717887,0.15965,323.69330859,0
1505716408,21717882,0.15960,883.60856000,0
1505716407,21717881,0.15960,4418.04279000,0
1505716386,21717831,0.15963,962.09775543,1
1505716384,21717826,0.15961,2162.54150000,0
1505716223,21717600,0.15956,4958.65712496,0
1505716004,21717350,0.15965,1003.86031944,0
1505716002,21717349,0.15963,874.14639000,0
1505716002,21717348,0.15963,4370.73195000,0
1505715655,21717062,0.15926,295.69441834,0
1505715553,21716923,0.15965,481.93931218,0
1505715468,21716819,0.15964,874.87346530,0
1505715416,21716755,0.15965,1128.96000000,0
1505715414,21716754,0.15945,2000.00000000,0
1505715292,21716420,0.15965,1392.44574379,0
1505715292,21716419,0.15965,409.25647982,0
1505715291,21716417,0.15929,535.00000000,0
1505715291,21716416,0.15925,917.68717000,0
1505715291,21716414,0.15910,632.60894000,0
1505715290,21716410,0.15909,4588.43583000,0
1505715076,21716177,0.15886,1250.00000000,1
1505714747,21715646,0.15897,830.25600000,0
1505714715,21715574,0.15853,584.03500000,0
1505714713,21715563,0.15854,528.85917252,0
1505714578,21715305,0.15891,4541.59727000,0
1505714577,21715304,0.15891,2574.34800000,0
1505714544,21715232,0.15847,629.46059191,0
1505714522,21715148,0.15769,32.68708792,0
1505714492,21715065,0.15764,32.68708792,0
1505714468,21714991,0.15793,640.74692000,0
1505714468,21714989,0.15756,578.00000000,0
1505714304,21714682,0.15866,5.54125550,0
1505714303,21714679,0.15891,7911.80874450,1
1505714303,21714676,0.15892,4500.00000000,1
1505714301,21714673,0.15891,2098.76410000,0
1505714301,21714672,0.15891,63971.40800000,0
1505714289,21714666,0.15837,2353.05524500,1
1505714288,21714664,0.15837,4330.89868400,1
1505714288,21714660,0.15837,409.25647982,1
1505714288,21714659,0.15862,1531.94251818,1
1505714266,21714635,0.15862,6727.71377000,1
1505714265,21714633,0.15862,431.70206800,1
1505714265,21714631,0.15880,4482.59660500,1
1505714265,21714629,0.15880,1517.40339500,1
1505714253,21714622,0.15862,1531.94251800,1
1505714249,21714619,0.15862,751.62400000,1
1505714247,21714618,0.15862,940.98548900,1
1505714246,21714617,0.15862,2794.16006500,1
1505714240,21714613,0.15862,2992.56821600,1
1505714234,21714604,0.15862,1963.64458600,1
1505714232,21714599,0.15862,2291.69182500,1
1505714231,21714596,0.15862,5786.72828100,1
1505714227,21714588,0.15862,3727.02024700,1
1505714224,21714586,0.15850,940.98548895,1
1505714185,21714512,0.15875,628.00670570,0
1505713985,21714091,0.15746,674.95400000,0
1505713970,21714060,0.15747,13669.23770000,1
1505713966,21714048,0.15929,895.54803885,1
1505713966,21714046,0.15929,1164.99762000,1
1505713966,21714045,0.15929,2252.93032759,1
1505713966,21714043,0.15929,49.02744000,1
1505713965,21714033,0.15920,701.00000000,0
1505713965,21714031,0.15920,943.91042000,1
1505713965,21714029,0.15920,3523.60000000,1
1505713964,21714027,0.15916,6464.05540000,0
1505713964,21714026,0.15916,4719.55211000,1
1505713964,21714025,0.15910,701.00000000,0
1505713964,21714024,0.15900,3000.00000000,0
1505713964,21714023,0.15900,701.00000000,0
1505713963,21714021,0.15900,3929.07817032,0
1505713963,21714020,0.15890,701.00000000,0
1505713963,21714019,0.15880,663.00000000,0
1505713963,21714018,0.15880,646.20000000,1
1505713962,21714017,0.15858,1670.93434824,0
1505713962,21714016,0.15857,4719.55211000,0
1505713962,21714014,0.15836,6496.91431000,0
1505713962,21714013,0.15833,943.91042000,0
1505713961,21714012,0.15817,800.00000000,0
1505713961,21714011,0.15816,2834.83150000,0
1505713961,21714010,0.15800,3000.00000000,0
1505713960,21714009,0.15795,56.37290282,0
1505713960,21714008,0.15765,703.00000000,0
1505713960,21714007,0.15760,15700.60477323,0
1505713958,21714004,0.15756,3586.10362054,0
1505713933,21713956,0.15750,3040.32353361,0
1505713913,21713931,0.15748,3610.73502900,1
1505713913,21713929,0.15750,6333.30133269,0
1505713911,21713926,0.15748,231.85000000,1
1505713900,21713894,0.15750,850.00000000,0
1505713896,21713893,0.15748,1315.37940000,0
1505713896,21713892,0.15748,334.00090445,0
1505713833,21713820,0.15744,1330.76230000,0
1505713791,21713781,0.15748,77.40601000,0
1505713763,21713748,0.15750,95.20926984,0
1505713763,21713747,0.15749,1304.78120000,1
1505713763,21713746,0.15749,4559.97322000,0
1505713761,21713743,0.15748,1312.01270000,0
1505713751,21713737,0.15750,253.33485714,0
1505713720,21713699,0.15748,126.19068000,0
1505713697,21713658,0.15748,732.92000000,0
1505713696,21713657,0.15748,585.83300000,0
1505713694,21713651,0.15749,1500.00000000,0
1505713675,21713586,0.15749,1217.42243951,1
1505713675,21713581,0.15747,1316.23892483,0
1505713675,21713579,0.15714,1309.22490000,0
1505713672,21713576,0.15700,5456.38910000,0
1505713672,21713574,0.15700,1877.55714700,0
1505713671,21713572,0.15700,1122.44285300,0
1505713670,21713571,0.15700,1536.36000000,0
1505713607,21713477,0.15677,82.21573451,0
1505713588,21713451,0.15677,739.94161054,0
1505713564,21713410,0.15677,347.87956907,0
1505713559,21713407,0.15677,347.86875831,0
1505713515,21713317,0.15677,690.11977901,0
1505713509,21713298,0.15677,3090.54075676,0
1505713496,21713244,0.15585,44.44860000,1
1505713329,21712575,0.15677,8875.41516000,0
1505713329,21712574,0.15676,644.49094000,0
1505713329,21712572,0.15675,1337.05590000,0
1505713318,21712567,0.15666,478.64641000,0
1505713318,21712566,0.15664,2263.38422000,0
1505713318,21712565,0.15650,1700.00000000,0
1505713318,21712564,0.15649,3222.45471000,0
1505713318,21712563,0.15636,56.96366000,0
1505713299,21712556,0.15636,2943.03634000,0
1505713299,21712555,0.15600,59.06366000,0
1505713207,21712482,0.15600,635.00000000,0
1505713151,21712403,0.15600,305.93634000,0
1505713151,21712402,0.15600,2904.28366000,0
1505713147,21712394,0.15600,95.71634000,0
1505713050,21712330,0.15598,639.57282985,0
1505713024,21712302,0.15512,40.02000000,1
1505713023,21712301,0.15512,782.33733800,1
1505713019,21712296,0.15578,1921.18192323,0
1505712960,21712212,0.15563,762.72723768,0
1505712850,21712154,0.15500,85.00000000,1
1505712791,21712025,0.15558,6474.06485800,0
1505712732,21711922,0.15542,5776.55729000,0
1505712674,21711796,0.15505,15141.05287000,1
1505712674,21711794,0.15506,111.40213000,1
1505712672,21711787,0.15506,3776.94389000,1
1505712672,21711786,0.15506,1316.98030000,1
1505712605,21711642,0.15578,100.85201000,0
1505712570,21711549,0.15568,392.06020152,0
1505712152,21710484,0.15589,0.92400000,0
1505712152,21710483,0.15587,1326.65600000,0
1505711901,21710178,0.15587,108.65100000,0
1505711856,21710161,0.15587,554.19900000,0
1505711048,21709043,0.15598,4257.61727000,1
1505711035,21709041,0.15598,2136.80974000,1
1505711022,21709034,0.15598,4053.70679000,1
1505711014,21709027,0.15598,2551.86620000,0
1505710623,21708815,0.15552,1490.79040000,0
1505710595,21708783,0.15553,1194.52726000,1
1505710291,21708593,0.15552,199.00000000,0
1505709778,21708236,0.15519,164.53160000,1
1505709776,21708233,0.15518,607.33033700,1
1505709203,21707906,0.15520,150.11404000,0
1505709106,21707787,0.15520,150.11403844,1
1505709093,21707781,0.15520,656.00000000,1
1505708512,21707540,0.15677,5.35823180,0
1505708512,21707539,0.15627,543.32071000,0
1505708512,21707537,0.15582,2302.99300000,0
1505708512,21707535,0.15582,2716.60355000,0
1505708511,21707534,0.15550,198.99999800,0
1505708502,21707521,0.15552,0.00000200,1
1505708238,21707465,0.15596,590.74100000,0
1505707881,21707278,0.15552,2348.21895000,1
1505707874,21707271,0.15552,1175.38104800,1
1505707534,21707041,0.15589,2110.39000000,0
1505707235,21706904,0.15601,1971.70000000,0
1505707235,21706902,0.15569,199.00000000,0
1505707155,21706872,0.15600,4045.51046000,1
1505707134,21706864,0.15600,5954.48954000,1
1505707134,21706862,0.15601,4045.51046000,1
1505707043,21706802,0.15610,665.13244940,1
1505707042,21706801,0.15610,1342.29986000,1
1505707041,21706800,0.15610,1609.41031800,1
1505707023,21706791,0.15610,869.32292600,1
1505707011,21706784,0.15610,3616.84262700,1
1505706983,21706768,0.15611,1816.04415000,1
1505706976,21706764,0.15611,8103.00818000,1
1505706970,21706760,0.15611,1816.04415000,0
1505706956,21706755,0.15610,1461.87529000,1
1505706943,21706754,0.15611,750.55818000,1
1505706932,21706750,0.15600,435.11652960,0
1505706847,21706738,0.15589,641.91444000,0
