date,tid,price,amount,type
1505779206,21805499,0.19430,287.78077337,0
1505778920,21805048,0.19245,3779.78338209,0
1505778920,21805047,0.19313,110.03642091,1
1505778919,21805046,0.19314,880.04941000,1
1505778919,21805045,0.19340,4395.96179000,1
1505778919,21805044,0.19342,1934.17520000,0
1505778919,21805043,0.19344,21104.99379700,0
1505778917,21805042,0.19344,2500.00000000,1
1505778807,21804994,0.19480,842.59719640,0
1505778807,21804993,0.19473,110.03642091,0
1505778806,21804992,0.19464,173.66271000,0
1505778806,21804991,0.19464,868.31356000,0
1505778806,21804990,0.19411,6989.00000000,0
1505778804,21804988,0.19360,0.00000037,0
1505778747,21804967,0.19360,978.40839500,0
1505778747,21804966,0.19360,1396.52977900,0
1505778747,21804965,0.19359,978.40839500,0
1505778727,21804952,0.19359,8043.18321000,0
1505778721,21804946,0.19359,100.00000000,0
1505778718,21804942,0.19359,878.40839500,0
1505778566,21804878,0.19360,987.20139463,0
1505778484,21804864,0.19360,429.86043100,0
1505778323,21804801,0.19365,599.18300000,0
1505778317,21804798,0.19365,2219.56000000,0
1505778090,21804648,0.19363,63.01197000,0
1505778078,21804644,0.19300,143.66867411,1
1505778077,21804643,0.19325,356.33132589,1
1505778076,21804642,0.19363,62.98551000,0
1505778063,21804619,0.19365,397.22273000,0
1505778050,21804582,0.19365,397.22273000,0
1505778037,21804554,0.19365,331.12932000,0
1505778024,21804542,0.19365,331.12932000,0
1505778013,21804531,0.19363,4138.38742710,1
1505778010,21804524,0.19365,281.27627000,0
1505778007,21804514,0.19365,4024.80674000,0
1505778006,21804511,0.19365,61.81254800,0
1505778004,21804500,0.19325,356.00000000,0
1505777998,21804490,0.19363,210.21867000,1
1505777997,21804486,0.19363,2371.58090839,0
1505777984,21804468,0.19363,210.21867000,0
1505777971,21804460,0.19363,210.21867000,0
1505777958,21804446,0.19365,51.63808000,0
1505777957,21804444,0.19363,1244.71000000,0
1505777955,21804443,0.19365,5250.70000000,0
1505777944,21804436,0.19365,61.35217000,0
1505777932,21804432,0.19365,72.89367000,0
1505777930,21804430,0.19365,352.57450000,0
1505777928,21804427,0.19365,18507.61477686,0
1505777921,21804421,0.19365,2992.61000000,0
1505777825,21804390,0.19372,9045.64935840,1
1505777767,21804381,0.19450,717.52400000,1
1505777766,21804379,0.19450,806.03500000,1
1505777764,21804376,0.19440,2691.66028806,0
1505777762,21804375,0.19399,356.00000000,0
1505777365,21804212,0.19316,104.00000000,1
1505776801,21804055,0.19312,74.25893909,1
1505776800,21804054,0.19313,110.03642091,1
1505776673,21804021,0.19409,500.00000000,0
1505776638,21804018,0.19399,498.40112762,0
1505776638,21804017,0.19398,332.29406000,0
1505776638,21804016,0.19398,1701.62440000,0
1505776309,21803858,0.19347,2153.43068377,1
1505776204,21803812,0.19436,61.58041000,0
1505776189,21803809,0.19320,1000.00000000,1
1505776012,21803719,0.19500,1066.92128969,1
1505776012,21803717,0.19500,6651.60351600,1
1505776012,21803715,0.19500,1515.43589700,1
1505776012,21803713,0.19500,1634.30000000,1
1505776011,21803712,0.19500,7680.73507693,1
1505776009,21803711,0.19500,1280.16510000,1
1505776009,21803710,0.19500,3646.95283518,0
1505776009,21803709,0.19500,2000.00000000,0
1505776008,21803708,0.19500,600.00000000,0
1505776008,21803707,0.19490,19003.17284000,0
1505776008,21803706,0.19482,86.16567000,0
1505776008,21803705,0.19480,600.00000000,0
1505776008,21803704,0.19474,6583.37297157,0
1505776008,21803703,0.19473,110.03642091,0
1505776008,21803702,0.19443,109.78363714,0
1505776008,21803701,0.19442,422.27690000,0
1505776008,21803700,0.19430,24705.00000000,0
1505776007,21803699,0.19427,3566.48000000,0
1505776007,21803698,0.19425,5000.00000000,0
1505776007,21803697,0.19424,1678.14216000,0
1505776007,21803696,0.19424,84.45538000,0
1505776007,21803695,0.19355,2800.00030558,0
1505775982,21803685,0.19305,1627.83674465,0
1505775937,21803668,0.19305,3159.77433100,0
1505775896,21803620,0.19300,500.00000000,0
1505775865,21803579,0.19283,54.71074400,1
1505775674,21803509,0.19300,8000.00000000,0
1505775638,21803496,0.19300,855.14399922,0
1505775606,21803430,0.19282,171.70463797,1
1505775601,21803428,0.19282,505.42614286,1
1505775601,21803427,0.19283,109.78363714,1
1505775473,21803372,0.19288,4547.77722800,1
1505775425,21803347,0.19288,262.22277200,1
1505775245,21803250,0.19289,1656.63070000,1
1505775245,21803249,0.19289,1343.36930000,1
1505775082,21803205,0.19380,5778.75772206,0
1505775006,21803169,0.19340,496.12822873,0
1505774570,21802962,0.19340,1333.01000000,0
1505774569,21802961,0.19340,520.15100000,0
1505774403,21802879,0.19331,61.79021300,0
1505774359,21802823,0.19289,1067.17784936,1
1505774359,21802819,0.19294,1270.65820000,1
1505774357,21802817,0.19313,110.03642091,1
1505774242,21802657,0.19317,5250.70000000,1
1505774179,21802623,0.19337,6834.50000000,0
1505774165,21802585,0.19340,463.04139607,1
1505774156,21802578,0.19340,18338.83000000,1
1505774112,21802508,0.19396,5142.84507115,0
1505773395,21802045,0.19390,2914.06337013,0
1505773353,21802025,0.19324,54.71074400,1
1505773259,21801964,0.19390,150.00000000,0
1505773206,21801941,0.19359,677.00000000,1
1505773190,21801930,0.19400,0.00000070,1
1505773181,21801929,0.19414,9200.34997663,1
1505773179,21801928,0.19414,1281.32670000,0
1505772920,21801770,0.19420,15755.35324400,0
1505772801,21801716,0.19420,1572.48490630,0
1505772786,21801694,0.19420,427.51509370,0
1505772691,21801542,0.19400,706.41008930,0
1505772678,21801528,0.19400,939.37502000,0
1505772664,21801518,0.19400,939.37502000,0
1505772651,21801481,0.19400,1159.72225000,0
1505772621,21801435,0.19450,61.54241600,0
1505772614,21801431,0.19449,1104.00000000,0
1505772536,21801343,0.19474,2716.28838451,0
1505772505,21801322,0.19474,443.66137115,0
1505772499,21801315,0.19474,4506.18249313,0
1505772499,21801314,0.19471,671.29426015,0
1505772495,21801301,0.19471,0.19767781,1
1505772493,21801288,0.19471,671.29430065,0
1505772476,21801256,0.19471,882.05246940,0
1505772476,21801255,0.19471,92.00713430,0
1505772469,21801242,0.19471,340.23934830,0
1505772452,21801201,0.19471,339.67998062,0
1505772451,21801200,0.19369,21.51469215,1
1505772451,21801199,0.19400,121.34240785,1
1505772446,21801183,0.19471,369.60262257,0
1505772437,21801148,0.19421,498.13234418,1
1505772437,21801147,0.19429,1.86765582,1
1505772434,21801142,0.19429,1294.37000000,0
1505772429,21801120,0.19471,1553.34680000,1
1505772426,21801114,0.19471,946.65320000,1
1505772426,21801112,0.19474,194.87590780,0
1505772425,21801106,0.19472,1124.73648000,0
1505772425,21801104,0.19472,2425.24761220,0
1505772376,21801033,0.19474,1995.58354729,0
1505772375,21801030,0.19473,110.03642091,0
1505772375,21801028,0.19472,319.41708000,1
1505772375,21801026,0.19460,600.00000000,0
1505772374,21801025,0.19458,1597.08538000,1
1505772374,21801023,0.19444,9850.00000000,0
1505772374,21801021,0.19443,109.78363714,0
1505772373,21801020,0.19441,500.00000000,0
1505772373,21801018,0.19440,600.00000000,0
1505772373,21801017,0.19421,500.00000000,0
1505772372,21801015,0.19420,600.00000000,0
1505772372,21801014,0.19413,109.53098454,0
1505772372,21801013,0.19410,4537.59703500,0
1505772371,21801010,0.19410,19268.40296500,0
1505772371,21801008,0.19410,125.00000000,0
1505772371,21801006,0.19410,35.00000000,0
1505772371,21801003,0.19409,1518.10705000,0
1505772370,21800998,0.19408,1675.56063000,0
1505772367,21800990,0.19408,1518.79297959,0
1505772362,21800970,0.19400,600.00000000,0
1505772362,21800968,0.19400,2565.68613361,0
1505772361,21800963,0.19400,114.70222000,0
1505772358,21800958,0.19400,2287.45089717,0
1505772355,21800950,0.19399,5170.75490409,0
1505772352,21800938,0.19400,362.80486691,0
1505772348,21800928,0.19400,428.62898744,0
1505772348,21800927,0.19400,965.59928000,0
1505772342,21800897,0.19400,976.25484130,0
1505772338,21800859,0.19400,11209.07987456,0
1505772338,21800858,0.19400,1190.92012544,0
1505772336,21800840,0.19400,428.21176308,0
1505772336,21800838,0.19350,0.00000352,0
1505772298,21800661,0.19350,2378.24585000,0
1505772296,21800657,0.19350,429.59705425,0
1505772296,21800656,0.19350,8269.57209300,0
1505772295,21800651,0.19350,1586.06451000,0
1505772291,21800635,0.19350,639.78246312,0
1505772285,21800609,0.19350,4530.29019345,0
1505772283,21800597,0.19350,510.63963000,0
1505772279,21800578,0.19350,1142.16861000,0
1505772279,21800573,0.19350,810.27646724,0
1505772276,21800563,0.19350,253.68510000,0
1505772273,21800549,0.19350,1142.78989487,0
1505772267,21800516,0.19350,306.88813055,0
1505772258,21800483,0.19295,55.40566500,1
1505772149,21800287,0.19349,867.26026000,0
1505772135,21800255,0.19286,677.00000000,0
1505771678,21800013,0.19250,7219.33754911,0
1505771677,21800012,0.19250,2500.00000000,1
1505771677,21800011,0.19250,1280.66245089,1
1505771596,21799951,0.19349,1.23794511,0
1505771594,21799950,0.19290,128.21669258,0
1505771588,21799945,0.19290,25.89165371,0
1505771582,21799944,0.19290,25.89165371,0
1505771578,21799943,0.19220,64.52760373,0
1505771576,21799942,0.19253,109.53098454,1
1505771529,21799910,0.19186,1877.41636286,0
1505771527,21799909,0.19283,109.78363714,1
1505771490,21799895,0.19290,487.27775400,0
1505771490,21799894,0.19289,944.73101000,0
1505771487,21799892,0.19290,1042.49136900,0
1505771429,21799868,0.19313,110.03642091,1
1505771418,21799845,0.19340,180.97207859,1
1505771214,21799718,0.19374,9178.05946113,0
1505771214,21799716,0.19373,1122.45269000,0
1505771209,21799713,0.19374,500.00000000,0
1505771019,21799576,0.19159,2759.73508457,0
1505771018,21799575,0.19300,3838.10090673,1
1505771018,21799574,0.19300,100.00000000,1
1505771018,21799572,0.19315,1719.87440000,0
1505771016,21799571,0.19343,110.28960870,1
1505770991,21799553,0.19400,25.74484536,0
1505770950,21799522,0.19399,100.00000000,0
1505770922,21799505,0.19400,1200.65419396,0
1505770922,21799504,0.19400,1385.74406000,1
1505770921,21799499,0.19398,277.14881000,0
1505770921,21799495,0.19390,500.00000000,0
1505770920,21799492,0.19380,600.00000000,0
1505770920,21799490,0.19375,109.29702475,0
1505770920,21799488,0.19360,600.00000000,0
1505770919,21799486,0.19358,56.00000000,0
1505770919,21799485,0.19353,109.04498945,0
1505770919,21799483,0.19313,108.79281939,0
1505770917,21799479,0.19310,125.00000000,0
1505770917,21799477,0.19310,35.00000000,0
1505770881,21799457,0.19309,110.04254897,0
1505770881,21799456,0.19309,110.28960870,0
1505770881,21799454,0.19307,109.54612002,0
1505770881,21799453,0.19307,109.79481374,0
1505770880,21799452,0.19300,0.00000049,0
1505770831,21799401,0.19300,989.96101000,0
1505770824,21799394,0.19300,25602.03898951,0
1505770824,21799393,0.19300,4397.96101049,0
1505770818,21799388,0.19300,2075.53992000,0
1505770817,21799386,0.19300,21377.56142200,0
1505770816,21799385,0.19300,23.36726055,0
1505770816,21799384,0.19300,86.42829699,0
1505770816,21799383,0.19299,1583.70444946,0
1505770816,21799382,0.19299,62.72413054,1
1505770809,21799379,0.19300,13295.02587800,0
1505770808,21799377,0.19299,1894.13204500,0
1505770807,21799375,0.19299,62.02072500,0
1505770801,21799371,0.19300,6618.54582595,0
1505770801,21799370,0.19300,952.00000000,0
1505770801,21799369,0.19300,10555.08660346,0
1505770801,21799368,0.19266,61.13817359,0
1505770800,21799366,0.19299,548.86182641,1
1505770798,21799363,0.19300,9321.91709844,0
1505770797,21799360,0.19299,1775.33705372,0
1505770791,21799352,0.19299,548.80485628,0
1505770784,21799346,0.19300,4821.35672000,0
1505770784,21799345,0.19300,15929.64952834,0
1505770784,21799344,0.19300,409.36564866,0
1505770784,21799343,0.19300,16896.29251800,0
1505770784,21799342,0.19299,2705.93185000,0
1505770783,21799341,0.19299,55.42487000,0
1505770783,21799340,0.19299,2060.00000000,0
1505770720,21799271,0.19291,2155.41000000,0
1505770704,21799266,0.19288,2381.33051638,0
1505770664,21799248,0.19297,25.88226149,0
1505770629,21799171,0.19291,1984.32359729,0
1505770629,21799170,0.19287,100.32660000,0
1505770629,21799168,0.19287,100.32660000,0
1505770629,21799167,0.19287,100.32660000,0
1505770628,21799166,0.19287,100.32660000,0
1505770628,21799165,0.19282,0.00000271,0
1505770618,21799115,0.19293,100.32659729,1
1505770603,21799080,0.19299,5719.37929000,0
1505770603,21799079,0.19299,497.35071000,0
1505770599,21799066,0.19299,2.64929000,0
1505770599,21799065,0.19297,3781.64071000,0
1505770590,21799032,0.19293,0.00000271,0
1505770581,21798998,0.19141,12270.47027235,0
1505770581,21798997,0.19141,2500.00000000,0
1505770580,21798993,0.19263,58.28951165,1
1505770576,21798984,0.19293,100.32660000,0
1505770555,21798966,0.19293,8.21448193,0
1505770553,21798965,0.19290,17.67588300,0
1505770532,21798926,0.19263,49.99999835,1
1505770531,21798923,0.19263,0.00000165,1
1505770497,21798845,0.19263,108.28950835,0
1505770479,21798788,0.19250,4921.43305273,0
1505770471,21798780,0.19233,58.60454440,0
1505770465,21798774,0.19233,49.43326574,0
1505770378,21798594,0.19135,50.00000000,1
1505770351,21798568,0.19232,1431.43801996,0
1505770350,21798567,0.19220,26262.18302348,0
1505770350,21798565,0.19210,125.00000000,0
1505770350,21798564,0.19208,16201.85549000,0
1505770349,21798563,0.19203,107.78627910,0
1505770292,21798537,0.19120,331.71549000,1
1505770292,21798536,0.19120,1592.52880000,0
1505770292,21798535,0.19128,5413.76823000,1
1505770292,21798534,0.19132,1441.55250000,1
1505770290,21798532,0.19133,16220.43498000,1
1505769941,21798314,0.19200,395.94791668,0
1505769782,21798175,0.19200,26.01302083,0
1505769742,21798170,0.19130,55.47486000,1
1505769660,21798097,0.19200,26.01302083,0
1505769620,21798035,0.19200,100.00000000,0
1505769617,21798017,0.19164,610.00000000,0
1505769601,21797969,0.19121,583.78077000,1
1505769586,21797946,0.19200,26.01302083,0
1505769582,21797943,0.19200,26.01302083,0
1505769578,21797937,0.19197,13026.15789473,0
1505769455,21797746,0.19197,26.01708600,0
1505769453,21797745,0.19121,200.00000000,1
1505769440,21797740,0.19150,13399.00000000,0
1505769440,21797739,0.19146,2967.64071000,0
1505769397,21797714,0.19120,4199.97517467,1
1505769263,21797631,0.19100,31890.78349775,0
1505769261,21797627,0.19100,1276.89720000,0
1505769246,21797624,0.19097,1356.84304000,0
1505769233,21797615,0.19099,3156.28624600,0
1505769227,21797612,0.19100,1280.33310000,0
1505769226,21797611,0.19100,547.29167425,1
1505769226,21797610,0.19105,1131.34456913,1
1505769225,21797609,0.19120,5000.00000000,1
1505769084,21797488,0.19190,547.63343000,1
1505769084,21797487,0.19185,4119.66657000,0
1505769084,21797486,0.19182,5250.70000000,0
1505769058,21797470,0.19186,918.52696629,0
1505769058,21797469,0.19164,81.47303371,0
1505769046,21797446,0.19164,26.06188687,0
1505769045,21797445,0.19143,81.19355136,0
1505769040,21797439,0.19143,26.09047694,0
1505769016,21797415,0.19113,44.40579025,0
1505769004,21797410,0.19113,62.62753100,0
1505768980,21797391,0.19105,1130.73113276,0
1505768962,21797369,0.19105,434.63497153,0
1505768957,21797357,0.19105,434.63389571,0
1505768950,21797340,0.19103,2000.00000000,0
1505768948,21797330,0.19100,3318.87645195,0
1505768948,21797329,0.19100,2000.00000000,0
1505768727,21797189,0.19099,522.28189958,0
1505768718,21797187,0.19099,300.83163000,0
1505768667,21797162,0.19099,26.15058380,1
1505768657,21797159,0.19008,55.47486000,1
1505768583,21797110,0.19049,26.21922411,0
1505768401,21797014,0.19001,155.84377000,1
1505768322,21796993,0.19088,792.08832774,1
1505768320,21796990,0.19083,106.78222467,0
1505768264,21796952,0.19002,700.00000000,1
1505768155,21796881,0.19000,9495.77438000,1
1505768097,21796861,0.18999,12326.15789473,0
1505768086,21796858,0.18999,1451.04394867,0
1505768063,21796846,0.19000,7859.00000000,0
1505767980,21796817,0.19002,1292.63790000,1
1505767860,21796742,0.19040,26.23161765,0
1505767834,21796727,0.19001,2712.53807000,1
1505767799,21796704,0.19000,5304.86797867,0
1505767799,21796703,0.18994,3880.13202133,0
1505767777,21796695,0.18994,700.00000000,0
1505767741,21796650,0.18994,419.86797867,0
1505767741,21796649,0.18977,0.00000033,0
1505767699,21796635,0.18977,994.21658700,0
1505767575,21796574,0.18977,315.00000000,0
1505767456,21796491,0.18977,690.78341267,0
1505767456,21796490,0.18976,1495.26559000,0
1505767456,21796489,0.18953,1000.00000000,0
1505767455,21796488,0.18917,9893.21777533,0
1505767436,21796487,0.18923,106.78222467,1
1505767205,21796418,0.18927,63.15622900,0
1505766997,21796282,0.18953,0.00002125,1
1505766973,21796233,0.18953,107.03330000,1
1505766896,21796127,0.18994,2699.28289661,0
1505766880,21796090,0.19000,4643.16099844,1
1505766862,21796058,0.19000,6796.49148379,1
1505766862,21796057,0.19000,3354.95058021,1
1505766857,21796051,0.19000,2699.33186800,1
1505766833,21796033,0.19000,415.19858053,1
1505766833,21796032,0.19000,258.00000000,1
1505766833,21796031,0.19000,3005.31578947,1
1505766832,21796029,0.19010,17339.37693685,1
1505766742,21795949,0.19010,4709.18164900,1
1505766742,21795948,0.19011,11607.79751100,1
1505766742,21795947,0.19011,4709.18164900,1
1505766691,21795933,0.19011,247.81315200,1
1505766365,21795737,0.19111,132.77952600,0
1505766333,21795725,0.19119,20000.00000000,0
1505766333,21795724,0.19118,10000.00000000,0
1505766332,21795723,0.19118,20000.00000000,0
1505766189,21795643,0.19107,2610.31616685,0
1505766180,21795639,0.19109,1137.97870114,0
1505766169,21795637,0.19111,28.24977583,1
1505766167,21795636,0.19100,0.00000049,0
1505766135,21795629,0.19012,55.47486000,1
1505766101,21795619,0.19010,13765.28520815,1
1505766092,21795612,0.19071,3988.20453994,0
1505766092,21795611,0.19071,40467.27100000,0
1505766091,21795610,0.19070,10000.00000000,0
1505766047,21795582,0.19010,686.15620600,1
1505766047,21795581,0.19043,781.00000000,1
1505766043,21795578,0.19039,219.00000000,0
1505765965,21795544,0.19073,51.02000000,0
1505765964,21795542,0.19045,219.00000000,0
1505765791,21795474,0.19011,125.06127300,1
1505765585,21795289,0.19011,330.73762200,1
1505765404,21795173,0.19096,62.68000200,0
1505765387,21795161,0.19014,300.00000000,1
1505765177,21795050,0.19097,1071.35976700,1
1505765176,21795049,0.19097,10000.00000000,1
1505765176,21795048,0.19097,10000.00000000,1
1505765176,21795047,0.19097,10000.00000000,1
1505765175,21795046,0.19097,10000.00000000,1
1505765175,21795045,0.19097,10000.00000000,1
1505765175,21795044,0.19097,10000.00000000,1
1505765175,21795043,0.19097,10000.00000000,1
1505765174,21795041,0.19097,4514.32035300,1
1505765171,21795039,0.19088,12414.31988000,0
1505765170,21795038,0.19087,10000.00000000,0
1505765054,21794984,0.19002,55.47486000,1
1505764896,21794894,0.19001,10397.41683600,1
1505764896,21794892,0.19002,1291.55130000,1
1505764805,21794798,0.19027,96.31000000,0
1505764694,21794735,0.19100,3896.11282900,0
1505764498,21794503,0.19000,2026.45584240,0
1505764497,21794502,0.19002,1465.28288000,1
1505764497,21794500,0.19003,1590.34980000,1
1505764492,21794489,0.19136,3392.03689381,0
1505764492,21794486,0.19135,454.35091000,0
1505764492,21794485,0.19113,107.03332125,0
1505764492,21794484,0.19110,125.00000000,0
1505764491,21794483,0.19109,2271.75457000,0
1505764491,21794482,0.19109,10000.00000000,1
1505764491,21794481,0.19107,10000.00000000,1
1505764491,21794480,0.19083,106.78251482,0
1505764489,21794479,0.19053,106.53190292,0
1505764456,21794462,0.19000,529.91300000,0
1505764446,21794457,0.19000,981.66919000,0
1505764434,21794448,0.19000,394.79648900,0
1505764433,21794447,0.19000,1527.78947400,0
1505764432,21794446,0.19000,979.51770500,0
1505764430,21794441,0.18994,458.11934279,1
1505764087,21794203,0.18996,311.71593242,0
1505764037,21794163,0.18989,3390.87956000,0
1505764037,21794162,0.18988,4781.63558000,0
1505763672,21793992,0.18923,7321.63179233,0
1505763669,21793989,0.18922,518.76000000,0
1505763652,21793980,0.18919,4786.84226992,0
1505763652,21793979,0.18893,377.92129808,0
1505763613,21793962,0.18893,63.35679900,0
1505763572,21793946,0.18893,106.53190292,1
1505763482,21793855,0.18923,106.78251482,1
1505763416,21793777,0.18953,51.71298725,1
1505763350,21793720,0.18986,262.69519646,0
1505763088,21793550,0.18982,1157.90617596,0
1505762884,21793395,0.18994,380.92634517,1
1505762764,21793329,0.18993,3147.17748000,1
1505762761,21793325,0.18987,3739.22077000,0
1505762534,21793128,0.18953,55.32033400,1
1505762489,21793098,0.18999,28.56708247,0
1505762487,21793095,0.18993,234.02224772,0
1505762403,21793023,0.18983,107.28402830,1
1505762381,21793008,0.18993,758.15086144,1
1505762369,21792968,0.19000,9495.77438040,1
1505762369,21792967,0.19001,10000.00000000,1
1505762225,21792894,0.19030,1031.75557800,0
1505762223,21792893,0.19030,1035.03997000,0
1505761822,21792585,0.19030,5481.85902000,0
1505761811,21792578,0.19004,107.53492058,0
1505761809,21792577,0.19032,62.68985000,0
1505761804,21792567,0.19043,0.00000510,1
1505761803,21792566,0.19043,107.78627400,1
1505761803,21792565,0.19043,786.06002600,1
1505761461,21792302,0.19043,55.32033400,1
1505761373,21792160,0.19149,36.73095201,1
1505761373,21792159,0.19149,10590.00000000,0
1505761348,21792137,0.19148,36.61094288,0
1505761348,21792136,0.19148,36.61094288,0
1505761319,21792096,0.19100,3129.47905760,0
1505761302,21792063,0.19100,12597.74607329,1
1505761295,21792060,0.19157,26.07140993,0
1505761294,21792059,0.19107,990.25629000,1
1505761293,21792056,0.19157,26.07140993,0
1505761291,21792055,0.19107,200.00000000,1
1505761268,21792027,0.19157,281.00000000,0
1505761264,21792020,0.19108,326.88914000,1
1505761206,21791942,0.19220,62.28211700,0
1505760854,21791763,0.19102,1276.21370000,1
1505760506,21791523,0.19150,4000.00000000,1
1505760448,21791470,0.19213,475.46775621,0
1505760405,21791445,0.19220,131.53485952,0
1505760405,21791444,0.19219,1184.33002000,0
1505760403,21791442,0.19218,1279.29920000,0
1505760376,21791429,0.19219,1115.56709506,1
1505760376,21791428,0.19203,107.78627910,0
1505760374,21791426,0.19200,74.49163197,0
1505760337,21791412,0.19200,26.01302083,0
1505760337,21791411,0.19200,26.01302083,0
1505760336,21791410,0.19200,26.01302083,0
1505760335,21791409,0.19200,26.01302083,0
1505760331,21791407,0.19200,26.01302083,0
1505760243,21791351,0.19200,26.01302083,0
1505760213,21791344,0.19180,520.00000000,1
1505760185,21791339,0.19200,284.15933300,0
1505760007,21791270,0.19116,865.85882096,0
1505760004,21791263,0.19116,62.61770200,0
1505760004,21791261,0.19101,542.00000000,0
1505759920,21791227,0.19116,879.12187400,0
1505759900,21791189,0.19116,2800.00000000,0
1505759883,21791177,0.19116,2975.05010400,0
1505759874,21791170,0.19116,715.39819600,0
1505759871,21791166,0.19116,785.34391000,0
1505759820,21791130,0.19115,50.00000000,1
1505759816,21791090,0.19116,16477.20258000,0
1505759530,21790896,0.19116,26.12732789,0
1505759526,21790894,0.19116,26.12732789,0
1505759525,21790893,0.19043,200.00000000,1
1505759492,21790873,0.19040,1417.25734830,1
1505759492,21790872,0.19040,2345.15991500,0
1505759490,21790871,0.19043,55.05777910,1
1505759382,21790816,0.19116,6928.53790800,0
1505759124,21790663,0.19116,4456.37633396,0
1505759122,21790662,0.19115,239.99326000,0
1505759059,21790582,0.19116,714.85950000,0
1505759059,21790581,0.19115,285.14050000,0
1505758991,21790549,0.19116,506.57901000,0
1505758991,21790548,0.19115,417.27878000,0
1505758986,21790541,0.19116,1342.62718900,0
1505758986,21790540,0.19115,417.27878000,0
1505758938,21790473,0.19115,108.93899000,0
1505758915,21790458,0.19116,2348.13582600,0
1505758915,21790457,0.19115,516.27025000,0
1505758884,21790435,0.19116,1522.61010700,0
1505758884,21790434,0.19115,613.39039000,0
1505758875,21790422,0.19116,2140.72277000,0
1505758872,21790418,0.19116,568.76809897,0
1505758872,21790417,0.19115,728.78066000,0
1505758867,21790403,0.19116,604.35046027,0
1505758860,21790386,0.19115,602.51719462,0
1505758856,21790373,0.19115,221.67781538,1
1505758854,21790361,0.19116,1000.00000000,0
1505758851,21790357,0.19116,59.57741007,0
1505758851,21790356,0.19115,644.03481593,0
1505758850,21790355,0.19115,282.14140407,0
1505758843,21790348,0.19116,1266.14514279,0
1505758837,21790339,0.19116,422.75076812,0
1505758832,21790328,0.19116,1005.35429816,0
1505758832,21790327,0.19115,1100.29230059,0
1505758830,21790322,0.19115,0.11507941,1
1505758827,21790315,0.19115,1307.41471000,0
1505758816,21790306,0.19078,542.00000000,0
1505758801,21790281,0.19043,52.72850000,1
1505758734,21790194,0.19116,2728.10542600,0
1505758696,21790178,0.19005,4068.37453836,1
1505758696,21790177,0.19006,3211.82978000,1
1505758696,21790175,0.19040,1319.04420000,1
1505758694,21790172,0.19073,108.03781014,1
1505758691,21790171,0.19116,8445.08330466,0
1505758643,21790116,0.19110,500.00000000,0
1505758592,21790030,0.19115,63.59630354,1
1505758585,21790026,0.19115,835.33874371,0
1505758583,21790008,0.19115,282.52906629,0
1505758555,21789984,0.19115,653.02540986,0
1505758553,21789981,0.19115,203.86153361,0
1505758509,21789916,0.19116,8510.64368000,0
1505758509,21789915,0.19115,1489.35632000,0
1505758502,21789904,0.19008,435.11457855,0
1505758501,21789903,0.19012,849.59591310,1
1505758499,21789900,0.19103,108.28950835,1
1505758371,21789771,0.19116,108.54110000,0
1505758370,21789770,0.19116,108.54110000,0
1505758361,21789761,0.19133,108.54108464,1
1505758242,21789637,0.19153,108.79281939,0
1505758234,21789633,0.19193,109.04498945,1
1505758220,21789629,0.19215,109.29702475,0
1505758211,21789625,0.19147,109.54612002,0
1505758203,21789620,0.19147,62.51305600,0
1505758202,21789619,0.19147,109.79481374,0
1505758195,21789611,0.19149,110.04254897,0
1505758189,21789600,0.19149,110.28960870,0
1505758170,21789572,0.19219,18742.59478818,0
1505758170,21789571,0.19210,250.00000000,0
1505758169,21789569,0.19210,35.00000000,0
1505758169,21789567,0.19172,68.49800118,0
1505758169,21789565,0.19170,88.36928000,0
1505758169,21789562,0.19169,319.08366000,0
1505758169,21789561,0.19160,111.57088894,0
1505758169,21789560,0.19154,68.40222613,0
1505758169,21789559,0.19150,505.80678191,0
1505758169,21789558,0.19148,1595.41832000,0
1505758168,21789556,0.19136,68.30631049,0
1505758168,21789554,0.19130,1146.94974317,0
1505758168,21789553,0.19129,10000.00000000,0
1505758119,21789511,0.19130,845.14276006,0
1505758049,21789456,0.19130,985.60585467,0
1505758002,21789421,0.19130,1699.78692429,0
1505758001,21789420,0.19130,111.31025291,0
1505758001,21789419,0.19118,68.21060087,0
1505758001,21789418,0.19109,113.41706154,0
1505758000,21789417,0.19100,93.33105817,0
1505757809,21789115,0.19100,17.71895287,0
1505757808,21789112,0.19079,8.43951935,0
1505757807,21789107,0.19079,26.17799675,0
1505757805,21789103,0.19079,26.17799675,0
1505757791,21789070,0.19079,26.17799675,0
1505757787,21789064,0.19079,26.17799675,0
1505757743,21788943,0.19033,489.27149009,0
1505757634,21788593,0.19070,450.46408600,1
1505757616,21788568,0.19070,1589.85879000,1
1505757603,21788547,0.19070,2244.21740000,1
1505757602,21788543,0.19070,9480.74493215,0
1505757600,21788535,0.19000,1589.85879000,1
1505757571,21788509,0.19070,13931.71697556,1
1505757571,21788508,0.19070,110.78958992,0
1505757571,21788507,0.19040,110.52957474,0
1505757571,21788506,0.19030,4209.79583254,0
1505757571,21788504,0.19024,2666.39691000,0
1505757570,21788503,0.19000,8970.77111724,0
1505757570,21788502,0.19000,525.00326316,1
1505757566,21788500,0.18999,611.34097368,1
1505757535,21788478,0.18994,758.07101476,1
1505757383,21788355,0.18977,536.15234231,0
1505757375,21788351,0.18980,9495.77438040,0
1505757371,21788346,0.19030,18627.14734629,0
1505757371,21788345,0.19019,81.35416000,0
1505757370,21788343,0.19010,110.26997333,0
1505757370,21788341,0.19010,8121.78214655,0
1505757370,21788339,0.19010,9393.77438040,1
1505757370,21788337,0.19009,606.51603000,0
1505757369,21788336,0.18980,110.01020694,0
1505757369,21788335,0.18975,3032.58015000,0
1505757369,21788334,0.18974,10000.00000000,1
1505757367,21788332,0.18950,83.39466598,0
1505757348,21788319,0.18948,1631.04284900,0
1505757297,21788290,0.18948,400.09747731,0
1505757288,21788288,0.18948,599.99968700,0
1505757207,21788143,0.18950,26.35620053,0
1505757134,21788006,0.18943,26.36593993,0
1505757132,21788003,0.18833,200.00000000,1
1505757022,21787820,0.18789,755.00000000,1
1505756943,21787735,0.18791,248.67300000,0
1505756907,21787693,0.18751,60.83214835,0
1505756906,21787692,0.18751,112.32234938,0
1505756906,21787691,0.18751,2261.03600000,0
1505756906,21787690,0.18751,2005.00255500,0
1505756906,21787687,0.18751,1589.61998500,0
1505756905,21787686,0.18751,1329.93733668,0
1505756904,21787684,0.18751,1518.94129000,0
1505756903,21787683,0.18751,23053.06707908,1
1505756903,21787682,0.18752,16292.91043000,1
1505756903,21787681,0.18753,81.35416000,1
1505756903,21787680,0.18755,1585.22580000,1
1505756903,21787679,0.18790,109.75086651,1
1505756885,21787668,0.18791,1251.32700000,0
1505756781,21787590,0.18791,878.85475000,1
1505756781,21787587,0.18800,87.00000000,1
1505756779,21787583,0.18871,29.14525000,1
1505756682,21787471,0.18928,28.94736900,0
1505756640,21787445,0.18939,2633.47119700,0
1505756449,21787293,0.18798,59.70000000,1
1505756405,21787268,0.18879,100.03159700,0
1505756403,21787267,0.18879,63.10961100,0
1505756401,21787263,0.18791,1154.19717000,1
1505756400,21787262,0.18791,441.08914000,1
1505756355,21787194,0.18885,1085.72465290,0
1505756355,21787193,0.18882,5189.57861000,0
1505756355,21787192,0.18880,6050.40513000,0
1505756244,21787039,0.18928,1148.86068259,0
1505756242,21787036,0.18810,484.60789831,1
1505756242,21787034,0.18820,150.83834369,1
1505756242,21787032,0.18821,2795.00691000,1
1505756007,21786837,0.18820,239.29887922,0
1505756006,21786834,0.18820,150.69091384,0
1505756002,21786828,0.18820,110.01020694,1
1505755993,21786819,0.18897,254.11736842,0
1505755952,21786792,0.18919,526.31578947,0
1505755943,21786787,0.18925,526.31578947,0
1505755913,21786769,0.18943,526.31578947,0
1505755908,21786761,0.18761,839.73002667,1
1505755906,21786757,0.18850,110.26997333,1
1505755906,21786756,0.18850,250.00000000,1
1505755871,21786733,0.18851,331.19894016,1
1505755791,21786648,0.18979,5780.22758000,0
1505755785,21786640,0.18858,9901.97790446,1
1505755785,21786639,0.18858,1294.86900000,1
1505755785,21786638,0.18880,110.52957474,1
1505755785,21786637,0.18890,390.36527263,1
1505755785,21786636,0.18890,0.00000017,1
1505755534,21785920,0.18890,9999.99999983,1
1505755534,21785919,0.18893,200.00000000,1
1505755534,21785918,0.18900,100.00000000,1
1505755534,21785916,0.18910,110.78958992,1
1505755534,21785914,0.18910,37.72750000,1
1505755534,21785912,0.18920,0.00000025,1
1505755480,21785832,0.18920,2821.75164400,1
1505755450,21785780,0.18920,1977.79429000,1
1505755442,21785753,0.18991,12288.91323200,1
1505755421,21785715,0.18991,2821.75164400,1
1505755418,21785711,0.18991,5000.00000000,1
1505755417,21785709,0.18991,5657.52744600,1
1505755414,21785705,0.18991,7831.80767800,1
1505755340,21785596,0.18920,55.94366200,1
1505755288,21785461,0.18991,577.71642184,0
1505755287,21785456,0.18921,2159.09420700,1
1505755254,21785349,0.18920,5644.51040375,1
1505755254,21785348,0.18924,85.57193225,1
1505755250,21785327,0.18924,1881.03282400,1
1505755249,21785325,0.18924,7686.68202001,1
1505755249,21785324,0.18930,85.62646299,1
1505755249,21785323,0.18930,5070.07353701,1
1505755249,21785321,0.18940,5318.87645195,1
1505755249,21785318,0.18940,111.05001104,1
1505755205,21785116,0.18965,157.71368500,0
1505755181,21785057,0.19000,102.00000000,0
1505755163,21785045,0.18999,297.27394400,0
1505754967,21784798,0.19000,9495.77438040,0
1505754929,21784743,0.19010,1200.61746449,0
1505754905,21784735,0.19010,479.54807996,0
1505754793,21784666,0.19000,6068.17543740,1
1505754793,21784665,0.19001,1290.55000000,1
1505754652,21784621,0.19000,2074.04894300,0
1505754604,21784606,0.19000,63.00000000,0
1505754498,21784517,0.18999,2097.79462076,0
1505754436,21784461,0.18999,2030.55904597,0
1505754387,21784441,0.19010,198.05230900,0
1505754325,21784367,0.19026,26.25091979,0
1505754314,21784346,0.18952,455.03937300,1
1505754301,21784328,0.19000,3647.41731900,1
1505754289,21784319,0.19025,26.25229961,0
1505754286,21784318,0.18952,2030.55904600,1
1505754284,21784315,0.19026,26.25091979,0
1505754282,21784309,0.18952,200.00000000,1
1505754264,21784297,0.18951,55.94366200,1
1505754264,21784295,0.18999,517.25702443,0
1505754214,21784256,0.19000,1547.54099100,1
1505754071,21784113,0.18951,2946.98681078,1
1505754070,21784112,0.18970,111.31025291,1
1505754061,21784100,0.19000,1753.00000000,1
1505753793,21783877,0.19007,4531.05474263,1
1505753687,21783752,0.19030,1006.51760378,0
1505753683,21783749,0.18999,182.53113217,0
1505753647,21783692,0.19000,111.57088894,1
1505753615,21783640,0.19030,89.10982659,0
1505753535,21783556,0.19000,4460.09449940,1
1505753534,21783555,0.19000,4133.30669560,1
1505753525,21783541,0.19000,4366.69330440,1
1505753456,21783388,0.19029,1728.88527800,0
1505753455,21783386,0.19029,3090.37734000,0
1505753426,21783364,0.18999,1281.60630000,1
1505753426,21783363,0.18999,5000.00000000,1
1505753290,21783213,0.19000,1916.90707600,0
1505753275,21783206,0.19030,2629.42939080,0
1505753275,21783205,0.19030,52.60234426,0
1505753205,21783097,0.18950,2000.00000000,1
1505753204,21783094,0.18950,2442.13200000,1
1505753204,21783092,0.19000,6686.83162900,1
1505753204,21783090,0.19000,3313.16837100,1
1505753010,21782911,0.19029,172.98701981,0
1505752950,21782888,0.18931,345.96794632,1
1505752894,21782848,0.19029,2490.35682379,0
1505752890,21782829,0.19000,3145.17400000,1
1505752883,21782790,0.18969,1126.00000000,0
1505752805,21782707,0.19029,62.90398900,0
1505752792,21782698,0.19000,67.00000000,1
1505752774,21782683,0.18999,67.00000000,0
1505752624,21782505,0.18914,400.00000000,1
1505752593,21782488,0.18999,1594.89633174,0
1505752548,21782457,0.18999,254.27992700,0
1505752521,21782440,0.18999,4189.74667088,0
1505752471,21782403,0.18989,874.54200000,0
1505752433,21782338,0.18753,5676.90968204,0
1505752433,21782337,0.18753,18533.15869200,0
1505752433,21782336,0.18753,1176.01634800,0
1505752433,21782335,0.18753,17704.33908900,0
1505752432,21782331,0.18760,600.00000000,1
1505752432,21782330,0.18770,22192.09623518,1
1505752431,21782327,0.18780,1000.00000000,1
1505752431,21782326,0.18780,600.00000000,1
1505752431,21782324,0.18800,505.80678191,1
1505752431,21782323,0.18800,10000.00000000,1
1505752431,21782322,0.18800,51971.61697872,1
1505752430,21782321,0.18800,17432.19340425,1
1505752430,21782320,0.18800,600.00000000,1
1505752430,21782319,0.18800,1309.33510000,0
1505752430,21782317,0.18810,35.00000000,1
1505752430,21782315,0.18812,56.40017010,1
1505752429,21782313,0.18820,600.00000000,1
1505752429,21782310,0.18828,2000.00000000,1
1505752429,21782308,0.18830,10000.00000000,1
1505752428,21782307,0.18840,26833.00000000,1
1505752428,21782306,0.18840,600.00000000,1
1505752428,21782304,0.18841,173224.00000000,1
1505752427,21782303,0.18850,4677.48528219,1
1505752427,21782301,0.18850,250.00000000,1
1505752427,21782300,0.18860,600.00000000,1
1505752427,21782299,0.18863,88.36928000,1
1505752426,21782298,0.18869,47.13519529,1
1505752426,21782296,0.18870,3646.95283518,1
1505752426,21782295,0.18876,39199.27979295,1
1505752425,21782294,0.18877,70777.07000000,1
1505752425,21782293,0.18900,94.21348300,1
1505752425,21782292,0.18919,113.15150635,1
1505752425,21782291,0.18921,886.34551000,1
1505752424,21782289,0.18974,1739.44720344,1
1505752424,21782288,0.18975,4426.64655000,1
1505752424,21782287,0.18975,1308.25650000,0
1505752423,21782284,0.19000,9495.77438040,0
1505752321,21782207,0.19030,0.37161620,0
1505752321,21782206,0.19025,531.23338380,0
1505752271,21782164,0.19030,1247.32287856,1
1505752267,21782158,0.19031,1247.21498848,1
1505752225,21782112,0.19106,282.13074636,0
1505752214,21782095,0.19030,1438.60136015,0
1505752178,21782010,0.19026,913.12565779,0
1505752177,21782008,0.19026,660.60012614,0
1505752152,21781968,0.19002,8057.17301940,1
1505752134,21781886,0.19000,1438.60136100,0
1505752133,21781884,0.18999,4256.48757894,1
1505752128,21781846,0.18999,32.90146040,0
1505752128,21781843,0.18999,4256.48759960,0
1505752128,21781841,0.18975,5239.28678040,0
1505752128,21781835,0.18975,13618.14967000,0
1505752128,21781831,0.18975,1631.30302100,0
1505752127,21781828,0.18975,1070.00000000,0
1505752127,21781826,0.18975,2000.00000000,0
1505752127,21781824,0.18975,1357.39232000,0
1505752127,21781818,0.18975,2137.02800000,0
1505752127,21781816,0.18975,3697.91000900,0
1505752126,21781811,0.18975,1000.03691000,0
1505752125,21781807,0.18975,302.24855951,0
1505752125,21781803,0.18975,6364.04200000,0
1505752125,21781801,0.18975,2051.65051400,0
1505752124,21781795,0.18975,1011.71000000,0
1505752124,21781793,0.18975,527.00922266,0
1505752124,21781790,0.18975,2175.30680502,0
1505752120,21781765,0.18975,5372.87000000,0
1505752118,21781760,0.18975,5213.98920823,0
1505752114,21781755,0.18975,100.00000000,0
1505752114,21781751,0.18975,527.00922266,0
1505752112,21781750,0.18975,5202.54286589,0
1505752105,21781736,0.18975,1739.35553297,0
1505752104,21781733,0.18975,405.01500000,0
1505752104,21781732,0.18975,527.00922266,0
1505752101,21781729,0.18975,1997.70000000,0
1505752099,21781726,0.18975,877.80000000,0
1505752099,21781721,0.18975,5197.30563400,0
1505752098,21781720,0.18974,4189.65366000,0
1505752096,21781709,0.18974,1415.00000000,0
1505752086,21781686,0.18974,440.24323300,0
1505752057,21781643,0.18974,362.51369900,0
1505752035,21781584,0.18974,2718.82640100,0
1505752024,21781566,0.18975,2513.72441400,0
1505752020,21781559,0.18975,100.50128000,0
1505752018,21781558,0.18975,3531.10380800,0
1505751977,21781521,0.18976,393.13581000,0
1505751967,21781500,0.18976,260.89624369,0
1505751967,21781498,0.18950,40.99338906,0
1505751958,21781481,0.18950,1356.87737500,0
1505751958,21781480,0.18950,2734.53069100,0
1505751957,21781479,0.18950,977.26935000,0
1505751933,21781440,0.18950,2897.87000000,0
1505751930,21781430,0.18950,884.35966253,0
1505751929,21781421,0.18950,2009.79950400,0
1505751927,21781383,0.18950,1288.91000000,0
1505751926,21781381,0.18950,799.06189400,0
1505751925,21781373,0.18950,884.35966253,0
1505751921,21781366,0.18950,4523.35821000,0
1505751921,21781364,0.18950,2226.64179000,0
1505751919,21781359,0.18950,409.51948422,0
1505751917,21781356,0.18950,883.01540100,0
1505751915,21781355,0.18950,863.50916500,0
1505751914,21781351,0.18950,409.50929742,0
1505751913,21781343,0.18950,1777.33247100,0
1505751911,21781338,0.18950,832.57958100,0
1505751908,21781332,0.18950,438.74290640,0
1505751908,21781330,0.18950,1509.70899300,0
1505751903,21781326,0.18950,438.74290640,0
1505751901,21781323,0.18950,9847.48779500,0
1505751900,21781321,0.18950,2310.66600700,0
1505751891,21781315,0.18950,511.99429400,0
1505751888,21781313,0.18950,3164.96492000,0
1505751888,21781311,0.18950,368.41461741,0
1505751882,21781305,0.18950,496.79699400,0
1505751867,21781281,0.18950,2111.45430000,0
1505751863,21781280,0.18950,4246.67899300,0
1505751859,21781277,0.18949,2781.32054108,1
1505751852,21781252,0.18950,2781.17376954,0
1505751844,21781242,0.18928,6715.46785622,1
1505751843,21781241,0.18949,113.41706154,1
1505751843,21781240,0.18949,841.14617414,1
1505751834,21781234,0.18950,297.60500000,0
1505751833,21781233,0.18950,297.60500000,0
1505751824,21781225,0.18950,265.70659631,0
1505751820,21781220,0.18950,438.11419436,0
1505751818,21781217,0.18950,1077.81200000,0
1505751816,21781214,0.18950,1465.74322000,0
1505751815,21781206,0.18950,1237.40519103,0
1505751813,21781201,0.18950,100.00000000,0
1505751809,21781199,0.18950,19529.49331900,0
1505751809,21781198,0.18950,6419.38214400,0
1505751809,21781196,0.18950,1463.11825173,0
1505751807,21781194,0.18950,16151.46944800,0
1505751807,21781193,0.18950,26166.94244700,0
1505751807,21781192,0.18950,3397.41592000,0
1505751804,21781182,0.18950,2096.63911388,0
1505751804,21781178,0.18950,527.70448549,0
1505751803,21781176,0.18950,3241.62184755,0
1505751803,21781175,0.18950,3611.36900000,0
1505751802,21781173,0.18950,1035.24042300,0
1505751800,21781168,0.18950,1442.89000000,0
1505751798,21781162,0.18949,1097.41775000,0
1505751797,21781160,0.18949,838.74600000,0
1505751793,21781150,0.18950,1096.38000000,0
1505751792,21781147,0.18950,5132.72012100,0
1505751792,21781146,0.18950,781.11700700,0
1505751791,21781145,0.18950,438.32425544,0
1505751787,21781137,0.18950,1070.61722470,0
1505751787,21781135,0.18949,551.38656930,0
1505751784,21781127,0.18949,1666.59003070,0
1505751776,21781118,0.18949,2217.97661000,0
1505751766,21781111,0.18950,188.60386900,0
1505751761,21781105,0.18950,2533.00631700,0
1505751761,21781104,0.18949,2635.21973000,0
1505751751,21781093,0.18949,1735.94607800,0
1505751740,21781082,0.18941,55.47486000,1
1505751706,21781028,0.18950,250.00000000,1
1505751706,21781027,0.18950,1122.60301078,1
1505751704,21781025,0.18976,385.00000000,0
1505751651,21780915,0.18976,1944.96890809,0
1505751624,21780899,0.18966,1926.96133000,0
1505751609,21780890,0.18956,1052.44376451,0
1505751608,21780887,0.18958,68.21060087,1
1505751592,21780871,0.18976,68.30631049,1
1505751504,21780750,0.18994,68.40222613,1
1505751499,21780749,0.18997,4408.57238158,0
1505751485,21780735,0.19000,5087.20199882,0
1505751484,21780734,0.19012,68.49800118,1
1505751245,21780470,0.19030,2074.32000000,0
1505751244,21780468,0.19030,786.98756100,0
1505751238,21780461,0.19005,6389.04905599,1
1505751237,21780458,0.19030,1302.54066089,0
1505751220,21780427,0.19030,655.70900000,0
1505751218,21780424,0.19030,1015.01000000,0
1505751217,21780421,0.19030,10483.51266421,0
1505751214,21780417,0.19030,689.91700000,0
1505751207,21780377,0.19030,7827.19178000,0
1505751207,21780376,0.19028,4107.94248000,0
1505751207,21780375,0.19027,13821.57574000,0
1505751198,21780360,0.19017,1133.03954700,0
1505751197,21780358,0.19017,711.08221100,0
1505751193,21780355,0.19017,1387.76832600,0
1505751142,21780301,0.19025,632.04750565,0
1505751118,21780252,0.19007,262.40495607,0
1505751005,21779972,0.19000,63.00000000,0
1505750991,21779935,0.18965,127.81062545,0
1505750990,21779933,0.18964,1044.21805615,0
1505750975,21779905,0.18965,27.00000000,1
1505750975,21779904,0.19006,196.50886269,1
1505750959,21779853,0.19000,4540.60363468,1
1505750959,21779852,0.19000,269.41731138,1
1505750956,21779843,0.19000,730.58268862,1
1505750956,21779841,0.19004,56.74055462,1
1505750956,21779840,0.19005,526.17732176,1
1505750949,21779823,0.19050,100.20997375,1
1505750885,21779778,0.19100,633.93679374,1
1505750827,21779689,0.19104,643.76245600,0
1505750825,21779686,0.19104,442.74057789,0
1505750814,21779668,0.19104,523.42318765,0
1505750812,21779667,0.19104,516.00000000,1
1505750757,21779621,0.19100,968.82176500,1
1505750757,21779620,0.19100,997.24144126,1
1505750757,21779619,0.19100,3965.85172774,1
1505750757,21779618,0.19120,1468.82176500,1
1505750742,21779614,0.19120,500.00000000,1
1505750737,21779613,0.19120,201.61900000,1
1505750737,21779612,0.19121,166.20000000,1
1505750707,21779597,0.19121,133.80000000,0
1505750676,21779567,0.19120,2171.43955500,1
1505750674,21779565,0.19120,25658.11968000,1
1505750674,21779564,0.19121,4341.88032000,1
1505750671,21779562,0.19121,888.00000000,1
1505750661,21779556,0.19121,55.47486000,1
1505750627,21779524,0.19121,9226.67937000,1
1505750627,21779523,0.19123,3113.61730000,1
1505750593,21779495,0.19179,500.00000000,0
1505750496,21779440,0.19122,731.15773000,0
1505750495,21779438,0.19122,3440.84227000,1
1505750467,21779373,0.19179,110.00000000,0
1505750251,21779179,0.19232,485.76830282,1
1505750249,21779178,0.19200,4708.76705708,0
1505750162,21779048,0.19107,1100.82468300,1
1505750119,21779003,0.19213,100.00000000,0
1505750096,21778965,0.19213,500.00000000,0
1505750081,21778942,0.19215,500.00000000,0
1505750041,21778892,0.19221,500.00000000,0
1505749740,21778375,0.19268,25.92121652,0
1505749670,21778328,0.19263,3.50000000,0
1505749670,21778327,0.19230,5000.00000000,0
1505749505,21778171,0.19270,1511.52994292,0
1505749495,21778141,0.19270,779.70300000,0
1505749442,21778067,0.19250,5000.00000000,0
1505749424,21778045,0.19247,15000.00000000,0
1505749383,21777981,0.19238,523.37800000,0
1505749249,21777811,0.19176,306.26447310,0
1505749243,21777806,0.19200,567.93537869,1
1505749234,21777796,0.19226,523.64700000,0
1505749228,21777785,0.19261,77.79196303,0
1505749222,21777767,0.19235,22.15077914,1
1505749220,21777766,0.19260,100.05321878,1
1505749217,21777758,0.19260,1614.12227700,1
1505749216,21777751,0.19260,6957.43825600,1
1505749215,21777749,0.19261,1620.07164000,1
1505749215,21777747,0.19261,2101.60515000,1
1505749204,21777729,0.19290,62.05287700,0
1505749201,21777713,0.19260,537.90473600,1
1505749200,21777710,0.19260,132.67230000,1
1505749200,21777706,0.19260,5625.30843000,1
1505749196,21777701,0.19260,1679.17472072,1
1505749196,21777699,0.19261,3939.32442262,1
1505749196,21777697,0.19261,3610.69872738,0
1505749194,21777694,0.19261,3979.85384000,0
1505749192,21777690,0.19260,5611.69814651,1
1505749187,21777685,0.19260,845.71159793,1
1505749186,21777683,0.19261,8429.34771549,1
1505749183,21777678,0.19260,24900.49408100,0
1505749183,21777677,0.19259,845.71164000,0
1505749183,21777676,0.19257,574.85529595,0
1505749183,21777675,0.19225,574.85530011,0
1505749117,21777521,0.19260,1533.50591900,0
1505749117,21777519,0.19257,1004.80590000,0
1505749115,21777516,0.19225,51.51831483,1
1505749109,21777503,0.19200,33.00000000,1
1505749079,21777441,0.19200,1579.57057900,1
1505749060,21777409,0.19230,658.69145447,0
1505749060,21777408,0.19230,844.23303834,0
1505749059,21777407,0.19230,497.07550719,0
1505749053,21777390,0.19200,1300.09834200,1
1505749052,21777388,0.19200,2502.46294400,1
1505749051,21777385,0.19200,1042.90000000,1
1505749051,21777384,0.19200,987.00000000,1
1505749023,21777287,0.19200,127.53980000,1
1505749020,21777266,0.19200,5504.17397600,1
1505749020,21777261,0.19200,2398.43380100,1
1505749018,21777259,0.19200,2127.66746600,1
1505749017,21777258,0.19200,2472.37500000,1
1505749017,21777256,0.19200,2000.00000000,1
1505749015,21777253,0.19200,3384.57748125,0
1505748942,21777102,0.19200,1519.54830000,0
1505748918,21777070,0.19200,95.87421875,0
1505748822,21776981,0.19220,4.04791883,0
1505748820,21776979,0.19200,73.98697917,0
1505748814,21776973,0.19200,26.01302083,0
1505748774,21776902,0.19139,247.64762000,0
1505748768,21776894,0.19138,1304.74830000,1
1505748760,21776881,0.19139,1519.54830000,0
1505748754,21776872,0.19139,26.09592978,0
1505748741,21776847,0.19095,846.69484510,0
1505748741,21776846,0.19050,1000.00000000,0
1505748724,21776818,0.19095,1743.15000000,0
1505748643,21776664,0.19049,322.54503454,0
1505748643,21776663,0.19029,43.08496546,0
1505748616,21776645,0.19050,791.29887853,0
1505748615,21776642,0.19050,222.51968503,0
1505748614,21776640,0.19049,1762.23205000,0
1505748596,21776586,0.19049,530.45799648,0
1505748595,21776585,0.19030,0.00000352,0
1505748588,21776571,0.19030,1840.59466000,0
1505748574,21776551,0.19030,1633.89642000,0
1505748561,21776526,0.19030,1362.03435000,0
1505748555,21776520,0.19029,52.62881242,1
1505748533,21776466,0.19000,279.86215117,1
1505748533,21776464,0.19001,52.62880901,1
1505748516,21776421,0.19000,7351.95898062,0
1505748486,21776366,0.19002,1071.90769989,1
1505748486,21776365,0.19000,83.00000000,0
1505748486,21776364,0.18998,1023.78830011,0
1505748485,21776363,0.18998,249.99999989,0
1505748485,21776362,0.18979,0.00000011,0
1505748485,21776360,0.18979,10969.93692200,0
1505748484,21776359,0.18979,2049.68238900,0
1505748481,21776337,0.18979,1312.22240211,0
1505748475,21776330,0.18979,1312.22240211,0
1505748473,21776328,0.18979,29015.28004636,0
1505748464,21776319,0.18979,3200.00000000,0
1505748459,21776315,0.18979,957.84623700,0
1505748438,21776296,0.18980,23486.58816000,0
1505748438,21776295,0.18979,1513.41184000,0
1505748401,21776220,0.18980,1379.30000000,0
1505748399,21776214,0.18980,15520.81304200,0
1505748399,21776213,0.18979,1798.11307000,0
1505748378,21776151,0.18979,998.65126719,0
1505748367,21776114,0.18979,164.70511400,0
1505748366,21776113,0.18979,115.00000000,0
1505748366,21776111,0.18979,629.39823839,0
1505748366,21776110,0.18979,380.82177961,0
1505748363,21776102,0.18979,1470.77598200,0
1505748359,21776076,0.18979,1306.43598303,0
1505748353,21776069,0.18979,1306.43598303,0
1505748324,21775935,0.18979,655.42469600,0
1505748316,21775918,0.18979,8019.50245008,0
1505748290,21775826,0.18979,6355.54655361,0
1505748289,21775823,0.18979,1315.20045127,0
1505748289,21775819,0.18979,8429.34773444,0
1505748288,21775812,0.18979,2427.98089183,0
1505748288,21775805,0.18979,1314.99114466,0
1505748287,21775801,0.18979,3696.43660782,0
1505748286,21775796,0.18979,190.18058000,0
1505748286,21775794,0.18979,44898.65699000,0
1505748285,21775790,0.18979,8384.25479452,0
1505748285,21775789,0.18979,707.04097185,1
1505748284,21775785,0.18980,1313.72282607,0
1505748283,21775783,0.18979,1528.13171000,1
1505748283,21775778,0.18980,2317.91897371,0
1505748280,21775760,0.18979,190.18057708,0
1505748278,21775748,0.18979,2046.10973292,0
1505748250,21775592,0.18980,3379.23980900,0
1505748246,21775577,0.18980,64122.36227400,0
1505748245,21775572,0.18980,9979.75195400,0
1505748245,21775571,0.18980,9351.45808900,0
1505748245,21775569,0.18979,2656.97859000,0
1505748245,21775567,0.18977,1734.06486000,0
1505748233,21775543,0.18977,1068.18291163,1
1505748231,21775540,0.18977,4620.97189600,0
1505748226,21775517,0.18977,1067.95635756,0
1505748221,21775499,0.18979,830.30538922,0
1505748219,21775493,0.18977,1379.83432159,0
1505748164,21775364,0.18950,0.00000030,0
1505748161,21775350,0.18950,1121.55741400,0
1505748159,21775343,0.18950,1284.04154121,0
1505748150,21775327,0.18950,1284.02242198,0
1505748145,21775302,0.18950,1284.02242198,0
1505748137,21775281,0.18900,55.78651700,1
1505748065,21775148,0.18950,26.35620053,0
1505748002,21775050,0.18915,1265.32769600,0
1505747860,21774856,0.18876,20800.72020705,1
1505747860,21774855,0.18878,1473.54470000,1
1505747860,21774854,0.18879,4510.92992000,1
1505747860,21774853,0.18890,341.80517295,1
1505747810,21774811,0.18890,100.00000000,1
1505747803,21774804,0.18910,3157.37140603,0
1505747802,21774801,0.18910,5155.70000000,0
1505747798,21774791,0.18910,438.53958795,0
1505747798,21774790,0.18910,1011.96000000,0
1505747797,21774786,0.18910,1313.01427562,0
1505747794,21774780,0.18998,1292.96050000,1
1505747794,21774778,0.19000,433.30000000,1
1505747794,21774777,0.19000,9495.77438040,1
1505747794,21774775,0.19001,4717.37985000,1
1505747789,21774765,0.19001,438.32015000,1
1505747783,21774761,0.18999,804.89232300,1
1505747677,21774654,0.19030,137.22916448,0
1505747668,21774643,0.19030,26.24540200,0
1505747631,21774569,0.19001,1045.45922300,1
1505747630,21774566,0.19001,525.24912300,1
1505747597,21774479,0.19007,7788.24609900,1
1505747591,21774473,0.19090,145.00000000,0
1505747535,21774252,0.19020,521.59000000,1
1505747516,21774189,0.19095,301.83770621,0
1505747477,21774060,0.19005,525.34700000,1
1505747469,21774052,0.19005,524.60700000,1
1505747465,21774042,0.19003,1033.79760129,1
1505747465,21774041,0.19004,1281.11410000,1
1505747451,21774030,0.19002,1002.74497421,1
1505747442,21774015,0.19109,686.25226631,1
1505747441,21774014,0.19109,520.52700000,1
1505747441,21774013,0.19096,1683.93034173,0
1505747439,21774010,0.19095,2281.16520168,1
1505747439,21774007,0.19095,52.62915000,0
1505747434,21773995,0.19096,496.24575827,0
1505747430,21773983,0.18999,121.08157894,1
1505747428,21773981,0.19000,52.63157895,1
1505747404,21773929,0.19003,62.99005400,0
1505747402,21773925,0.19003,974.00227900,0
1505747389,21773902,0.19003,31.93800000,0
1505747388,21773900,0.19001,500.00000000,0
1505747386,21773887,0.19000,52.38868479,1
1505747384,21773877,0.19000,1947.61870427,1
1505747381,21773869,0.19000,1061.74066482,1
1505747381,21773866,0.19000,1282.40010000,1
1505747344,21773656,0.19000,509.80091900,0
1505747344,21773653,0.18999,945.16966000,0
1505747339,21773622,0.19000,1284.75756234,0
1505747338,21773613,0.19000,4000.00000000,1
1505747337,21773611,0.19002,274.25700000,0
1505747334,21773584,0.19002,1118.39849108,0
1505747334,21773582,0.19002,1454.97056512,0
1505747334,21773579,0.19001,3552.76718240,0
1505747334,21773577,0.19001,3552.76718240,0
1505747331,21773549,0.19000,4757.68927951,1
1505747324,21773511,0.19000,438.31425118,1
1505747324,21773510,0.19001,1714.21520000,1
1505747317,21773464,0.19001,438.31423483,1
1505747310,21773385,0.19003,6050.46710577,1
1505747310,21773382,0.19000,1343.97684023,0
1505747309,21773379,0.19000,2153.76733900,0
1505747302,21773328,0.19000,1502.25582077,0
1505747302,21773327,0.18990,1943.05145423,0
1505747301,21773316,0.18921,887.25997893,1
1505747296,21773269,0.18990,438.11539526,0
1505747291,21773219,0.18990,2198.38918000,0
1505747290,21773216,0.18990,26.30068457,0
1505747285,21773170,0.18990,26.30068457,0
1505747283,21773154,0.18990,26.30068457,0
1505747282,21773143,0.18990,26.30068457,0
1505747278,21773111,0.18990,26.30068457,0
1505747272,21773072,0.18990,26.30068457,0
1505747253,21772965,0.18990,262.63986309,0
1505747249,21772949,0.18890,12949.93355590,0
1505747247,21772939,0.18890,367.40134410,0
1505747247,21772934,0.18908,1682.66510000,1
1505747165,21772733,0.18996,5152.31185513,0
1505747161,21772705,0.18892,3420.10058000,1
1505747161,21772702,0.18900,45.00591574,1
1505747159,21772699,0.18998,475.57469280,0
1505747098,21772503,0.18999,645.63135206,0
1505747098,21772502,0.18999,2753.64160000,0
1505747059,21772411,0.19071,26.18897803,0
1505747058,21772408,0.19000,360.67050036,1
1505747057,21772407,0.19000,55.16666700,1
1505747054,21772398,0.19000,2416.91542000,1
1505747042,21772342,0.19086,26.16839568,0
1505746941,21772057,0.18904,1000.00000000,1
1505746928,21772035,0.19128,26.11093685,0
1505746924,21772017,0.19000,159.58669844,0
1505746923,21772008,0.19001,2808.69000000,1
1505746916,21771986,0.19130,26.10820700,0
1505746907,21771960,0.19000,1531.25194400,0
1505746904,21771945,0.18921,119.92904500,1
1505746901,21771934,0.18950,0.00000008,0
1505746900,21771932,0.18950,1005.49656992,1
1505746874,21771778,0.19068,418.50477239,0
1505746873,21771766,0.19068,36.34950702,0
1505746873,21771764,0.19068,5155.70000000,0
1505746816,21771682,0.18994,530.00000000,0
1505746804,21771606,0.19079,504.87425064,0
1505746803,21771603,0.18995,868.00000000,0
1505746781,21771556,0.19000,563.00000000,1
1505746662,21771405,0.19098,26.15195308,0
1505746652,21771394,0.19001,1570.04150000,1
1505746625,21771373,0.19000,1305.19330000,1
1505746614,21771355,0.18999,270.00000000,1
1505746605,21771339,0.19108,983.93327402,0
1505746597,21771326,0.19109,735.30751316,0
1505746597,21771325,0.19108,912.44310000,0
1505746595,21771320,0.18999,4562.21549000,0
1505746589,21771307,0.19000,52.62603936,0
1505746589,21771305,0.19001,1293.72620000,1
1505746570,21771289,0.19000,1408.41374562,0
1505746569,21771288,0.19000,146.62691038,0
1505746551,21771270,0.19000,26.28684211,0
1505746548,21771268,0.18900,1954.99408426,1
1505746547,21771267,0.18910,35.00000000,1
1505746547,21771265,0.18926,400.00000000,1
1505746547,21771264,0.18965,400.00000000,1
1505746547,21771263,0.18965,9495.77438040,0
1505746546,21771262,0.18967,988.09654000,1
1505746546,21771261,0.19000,172.69558169,1
1505746546,21771260,0.19000,1308.88891365,1
1505746546,21771259,0.19001,4935.33500000,1
1505746544,21771257,0.19013,1309.21550000,1
1505746523,21771248,0.19010,994.54488189,0
1505746521,21771247,0.19050,1005.45511811,1
1505746502,21771220,0.19126,2011.72210000,0
1505746502,21771218,0.19126,102.47810695,0
1505746483,21771188,0.19129,3000.00000000,0
1505746477,21771178,0.19131,51.23905000,0
1505746462,21771160,0.19135,1303.24823622,0
1505746446,21771142,0.19135,1540.32380000,0
1505746416,21771105,0.19139,0.00013522,1
1505746414,21771100,0.19139,1793.29186478,1
1505746397,21771082,0.19138,2508.53220000,0
1505746356,21771033,0.19150,26.08093995,0
1505746313,21770910,0.19149,762.89384400,0
1505746303,21770883,0.19036,1501.15579328,1
1505746303,21770882,0.19051,102.50518619,1
1505746290,21770839,0.19141,643.07500000,0
1505746276,21770804,0.19051,3170.62716449,0
1505746276,21770797,0.19051,96.45664500,0
1505746268,21770773,0.19000,6288.45242146,0
1505746266,21770767,0.19000,1152.45631237,0
1505746265,21770761,0.19000,451.20466710,1
1505746261,21770738,0.19051,1301.60119064,0
1505746255,21770708,0.18961,21100.88552191,1
1505746254,21770707,0.18962,3008.00170000,0
1505746254,21770706,0.18962,2003.09662000,1
1505746254,21770704,0.18962,1402.86489300,0
1505746254,21770702,0.19000,12687.40932700,0
1505746253,21770701,0.19000,3748.78543000,0
1505746252,21770696,0.19000,2626.32626316,0
1505746252,21770694,0.19000,2208.04151000,1
1505746252,21770692,0.19000,1308.58873493,1
1505746250,21770687,0.19051,1905.81605700,0
1505746250,21770686,0.19050,4568.68500000,0
1505746250,21770682,0.19050,11612.19393000,0
1505746240,21770650,0.18961,7955.36020027,1
1505746239,21770649,0.19000,1359.06803200,0
1505746239,21770648,0.19000,1359.97983800,0
1505746239,21770646,0.19000,26.28684211,0
1505746238,21770641,0.19000,2208.04151000,0
1505746236,21770630,0.18926,78.80420815,0
1505746236,21770628,0.18928,499.98208000,1
1505746235,21770625,0.18928,2238.79540000,0
1505746235,21770623,0.18928,9495.77438021,0
1505746235,21770620,0.18960,27969.00000000,1
1505746234,21770616,0.18988,200.00000000,1
1505746234,21770609,0.19000,1000.00000000,1
1505746234,21770608,0.19000,232.46000000,1
1505746234,21770605,0.19001,2493.03879000,1
1505746233,21770602,0.19007,1000.00000000,1
1505746233,21770600,0.19007,7000.00000000,1
1505746233,21770596,0.19008,1379.64200000,1
1505746232,21770594,0.19010,514.72908995,1
1505746232,21770593,0.19010,529.93161493,1
1505746232,21770592,0.19010,35.00000000,1
1505746232,21770591,0.19019,79.72876000,1
1505746230,21770579,0.19023,181.43037376,1
1505746222,21770552,0.19051,5122.83000000,0
1505746187,21770388,0.19051,9855.48364700,0
1505746187,21770386,0.19051,13249.92829800,0
1505746187,21770385,0.19051,1939.32580000,0
1505746186,21770384,0.19051,75103.24060000,0
1505746186,21770383,0.19050,2673.75940000,0
1505746184,21770375,0.19050,1220.90372000,1
1505746176,21770345,0.19051,1973.55431500,0
1505746171,21770320,0.19050,1839.09628000,1
1505746171,21770316,0.19050,2788.22623000,1
1505746170,21770306,0.19051,5055.09174200,0
1505746160,21770248,0.19051,6156.61860949,0
1505746160,21770246,0.19051,6162.60238307,0
1505746158,21770238,0.19050,3207.77377000,1
1505746158,21770237,0.19051,7429.79869823,0
1505746157,21770230,0.19051,7743.13583326,0
1505746153,21770216,0.19051,8312.71939485,0
1505746151,21770196,0.19051,1312.82501842,0
1505746149,21770182,0.19051,1991.73323000,1
1505746127,21769989,0.19157,100.00000000,0
1505746126,21769978,0.19051,4548.51556600,1
1505746125,21769971,0.19051,6091.04504600,1
1505746121,21769945,0.19158,425.00000000,0
1505746044,21769568,0.19051,2804.45704000,0
1505746043,21769566,0.19053,257.74045000,1
1505746043,21769565,0.19053,1289.40111000,1
1505746041,21769551,0.19100,1300.55140000,0
1505746041,21769548,0.19100,2347.85000000,1
1505746005,21769429,0.19200,1000.00000000,1
1505745978,21769403,0.19213,425.00000000,0
1505745924,21769326,0.19216,25.99136137,0
1505745917,21769316,0.19097,1215.41560000,1
1505745917,21769315,0.19097,1284.58440000,1
1505745859,21769135,0.19218,1000.00000000,0
1505745826,21769057,0.19222,25.98324836,0
1505745754,21768978,0.19119,263.60058377,1
1505745754,21768977,0.19121,1300.13330000,1
1505745617,21768434,0.19177,712.43586335,1
1505745617,21768432,0.19201,585.48813665,1
1505745613,21768411,0.19212,868.00000000,1
1505745611,21768395,0.19201,15432.68800000,1
1505745611,21768391,0.19210,5155.70000000,1
1505745589,21768304,0.19310,80.41947177,0
1505745588,21768297,0.19308,763.22643000,0
1505745556,21768209,0.19278,526.62656914,0
1505745554,21768201,0.19258,767.75095602,0
1505745524,21768154,0.19202,761.50356600,1
1505745451,21768073,0.19258,544.95601828,0
1505745391,21767938,0.19202,1276.62680000,1
1505745391,21767936,0.19300,1379.41572905,1
1505745390,21767935,0.19300,2615.19954000,1
1505745390,21767934,0.19300,3000.00000000,1
1505745389,21767931,0.19300,7346.63826300,1
1505745386,21767926,0.19300,22695.10005795,0
1505745386,21767925,0.19300,5000.00000000,0
1505745386,21767924,0.19299,3871.08150000,0
1505745385,21767923,0.19297,2139.79891000,0
1505745385,21767922,0.19294,1952.76600000,0
1505745319,21767836,0.19250,500.00000000,1
1505745228,21767728,0.19327,1161.63072385,0
1505745226,21767725,0.19300,1519.12761658,0
1505745218,21767717,0.19300,465.15834197,0
1505745212,21767716,0.19300,697.72020725,0
1505745183,21767701,0.19297,6719.95646991,0
1505745099,21767610,0.19300,768.80336788,0
1505745096,21767609,0.19300,1049.19046632,0
1505745075,21767583,0.19300,500.00000000,0
1505744966,21767423,0.19330,25.83807553,0
1505744941,21767399,0.19337,206.34141801,0
1505744939,21767396,0.19337,25.82872214,0
1505744849,21767352,0.19210,6765.70600000,1
1505744849,21767351,0.19213,13813.95200000,1
1505744848,21767350,0.19213,4086.34200000,1
1505744848,21767349,0.19213,9900.00000000,1
1505744848,21767348,0.19213,6400.00000000,1
1505744841,21767345,0.19053,26170.77262123,1
1505744841,21767344,0.19180,1000.00000000,1
1505744841,21767343,0.19200,17305.65816666,1
1505744840,21767342,0.19207,10000.00000000,1
1505744840,21767341,0.19207,500.00000000,1
1505744840,21767340,0.19230,1215.41456000,1
1505744840,21767339,0.19239,10000.00000000,1
1505744840,21767338,0.19240,653.21653000,0
1505744839,21767336,0.19250,4530.04000000,1
1505744839,21767335,0.19263,5573.06793211,1
1505744839,21767334,0.19265,3261.42509000,0
1505744837,21767333,0.19270,1365.40510000,1
1505744826,21767326,0.19310,3000.00000000,1
1505744784,21767302,0.19388,819.35867546,0
1505744783,21767301,0.19387,1753.21529000,0
1505744643,21767132,0.19387,25.76210863,0
1505744620,21767071,0.19388,25.76077986,0
1505744542,21766952,0.19303,543.69625613,1
1505744522,21766927,0.19399,25.74617248,0
1505744520,21766921,0.19399,25.74617248,0
1505744517,21766916,0.19399,0.79645000,1
1505744516,21766914,0.19399,2456.00000000,1
1505744500,21766888,0.19400,25.74484536,0
1505744499,21766887,0.19400,25.74484536,0
1505744494,21766884,0.19400,25.74484536,0
1505744464,21766834,0.19399,1675.20355000,1
1505744461,21766827,0.19351,868.00000000,0
1505744404,21766779,0.19399,4.69049951,0
1505744402,21766778,0.19365,645.24471579,0
1505744400,21766771,0.19302,842.11505000,1
1505744386,21766764,0.19365,25.79137619,0
1505744385,21766761,0.19365,25.79137619,0
1505744380,21766757,0.19306,2660.83000000,1
1505744377,21766752,0.19365,25.79137619,0
1505744367,21766750,0.19365,25.79137619,0
1505744278,21766684,0.19301,1000.00000000,1
1505744259,21766650,0.19262,81.57387959,1
1505744226,21766618,0.19365,543.69625613,0
1505744168,21766465,0.19249,100.00000000,1
1505744009,21766211,0.19279,6208.01906030,0
1505744007,21766202,0.19392,25.75546617,0
1505744003,21766190,0.19392,2075.95665100,1
1505744000,21766179,0.19400,25.74484536,0
1505743998,21766171,0.19392,4000.00000000,1
1505743996,21766164,0.19392,10391.15268800,1
1505743994,21766152,0.19400,25.74484536,0
1505743992,21766148,0.19393,25.75413809,0
1505743987,21766137,0.19392,2534.75351000,1
1505743987,21766136,0.19392,1702.32732500,1
1505743987,21766135,0.19392,1838.87581600,1
1505743985,21766129,0.19390,1288.36950000,0
1505743911,21766002,0.19385,0.25777663,0
1505743909,21766001,0.19360,386.71292157,0
1505743899,21765994,0.19360,25.79803719,0
1505743896,21765992,0.19262,546.62954219,1
1505743831,21765964,0.19360,25.79803719,0
1505743814,21765959,0.19360,2534.98481405,0
1505743812,21765958,0.19360,60.36000000,0
1505743788,21765944,0.19359,310.00000000,0
1505743748,21765901,0.19360,6966.34619000,1
1505743744,21765893,0.19360,3000.00000000,1
1505743730,21765875,0.19400,25.74484536,0
1505743730,21765874,0.19360,233.49345000,1
1505743680,21765837,0.19360,5233.60000000,1
1505743680,21765836,0.19360,5233.60000000,1
1505743679,21765835,0.19360,25381.00000000,0
1505743679,21765834,0.19336,1967.45302000,0
1505743679,21765833,0.19335,1984.50734000,0
1505743527,21765637,0.19322,3925.83314357,0
1505743504,21765611,0.19300,3000.00000000,1
1505743386,21765516,0.19300,4000.00000000,1
1505743384,21765510,0.19300,3000.00000000,1
1505743358,21765490,0.19358,7661.43206000,0
1505743358,21765489,0.19357,2337.56794000,0
1505743335,21765469,0.19260,110.44159902,1
1505743335,21765468,0.19261,2861.18950000,1
1505743322,21765464,0.19260,10000.00000000,1
1505743249,21765373,0.19358,6170.16315000,0
1505743241,21765366,0.19358,25.80070255,0
1505743237,21765363,0.19261,3509.76740000,1
1505743232,21765355,0.19358,25.80070255,0
1505743227,21765334,0.19358,3448.09559333,0
1505743227,21765333,0.19299,3244.75740667,0
1505743223,21765319,0.19299,254.16981700,0
1505743219,21765307,0.19299,19281.65580600,0
1505743209,21765191,0.19357,25.80203543,0
1505743204,21765140,0.19241,3000.00000000,1
1505743203,21765132,0.19295,25.88494429,0
1505743153,21765091,0.19299,506.00000000,0
1505743136,21765073,0.19299,506.00000000,0
1505743118,21765048,0.19352,300.00000000,0
1505743099,21765018,0.19352,1284.51408200,1
1505743078,21764975,0.19352,3961.70266800,0
1505743030,21764931,0.19231,5886.79996000,1
1505743030,21764930,0.19232,3113.20004000,1
1505743024,21764920,0.19231,185.69320000,1
1505743024,21764919,0.19232,2814.30680000,1
1505742980,21764848,0.19216,24031.11882000,1
1505742980,21764846,0.19217,3834.18458000,1
1505742980,21764845,0.19219,10981.08000000,1
1505742980,21764844,0.19220,2653.61660000,1
1505742916,21764677,0.19352,506.00000000,0
1505742878,21764633,0.19213,218.12290000,1
1505742878,21764632,0.19216,2146.91110000,1
1505742878,21764630,0.19217,14634.96600000,1
1505742835,21764602,0.19300,1464.00000000,0
1505742718,21764458,0.19231,3680.38202239,1
1505742718,21764457,0.19233,7223.23600000,1
1505742718,21764456,0.19234,6691.06419000,1
1505742718,21764455,0.19234,1657.39260000,1
1505742661,21764381,0.19370,75.42061000,0
1505742661,21764377,0.19260,1458.49205000,1
1505742661,21764376,0.19261,5129.70405000,1
1505742661,21764375,0.19261,1411.80390000,1
1505742660,21764373,0.19370,1102.04610222,0
1505742649,21764356,0.19379,160.37135000,0
1505742636,21764334,0.19379,39.39359000,0
1505742622,21764313,0.19380,190.54022000,0
1505742609,21764298,0.19390,46.80426000,0
1505742596,21764253,0.19390,55.60903000,0
1505742583,21764227,0.19399,66.07013000,0
1505742557,21764189,0.19227,6581.04240257,0
1505742556,21764182,0.19293,94.35996000,0
1505742555,21764176,0.19293,124.92369893,1
1505742544,21764137,0.19399,114.87683000,1
1505742541,21764134,0.19399,2130.11771168,0
1505742541,21764133,0.19399,440.76321000,0
1505742529,21764060,0.19399,407.19506000,0
1505742489,21764000,0.19293,659.08740000,0
1505742484,21763994,0.19297,2340.91260000,1
1505742427,21763897,0.19443,1433.74806000,0
1505742427,21763896,0.19442,100.54199000,0
1505742427,21763895,0.19442,502.70995000,0
1505742345,21763781,0.19442,374.53939924,0
1505742153,21763405,0.19343,613.00000000,1
1505742153,21763404,0.19400,887.00000000,1
1505742091,21763346,0.19449,422.81955233,0
1505742082,21763338,0.19450,374.24054806,0
1505742082,21763337,0.19449,1064.19655000,0
1505742082,21763334,0.19448,1025.81879885,0
1505742074,21763318,0.19448,2444.16923896,0
1505742074,21763317,0.19400,453.21236698,0
1505742066,21763304,0.19400,546.78763302,0
1505742066,21763303,0.19400,183.09707560,0
1505742060,21763283,0.19343,25.68240000,1
1505742058,21763281,0.19400,1241.87198017,0
1505742048,21763272,0.19400,1593.03094423,0
1505742014,21763213,0.19344,5180.68670000,0
1505742013,21763210,0.19344,2319.31330000,1
1505742009,21763203,0.19394,1508.00000000,0
1505741857,21762992,0.19460,8171.21383657,0
1505741857,21762990,0.19460,548.66906474,0
1505741857,21762989,0.19457,1000.00000000,0
1505741857,21762988,0.19451,583.67651869,0
1505741855,21762980,0.19448,1706.44058000,1
1505741716,21762507,0.19455,25.67206374,0
1505741709,21762473,0.19360,1867.94618131,0
1505741708,21762467,0.19358,2302.19615500,1
1505741708,21762463,0.19361,2981.97730000,1
1505741708,21762459,0.19390,383.67651869,1
1505741671,21762357,0.19390,18372.15537555,1
1505741671,21762356,0.19391,15816.41740000,1
1505741671,21762353,0.19391,2197.37720000,1
1505741671,21762351,0.19450,51.35732972,1
1505741637,21762268,0.19460,25.66546763,0
1505741635,21762261,0.19460,25.66546763,0
1505741631,21762253,0.19450,231.28944028,0
1505741627,21762251,0.19450,25.67866324,0
1505741626,21762249,0.19450,25.67866324,0
1505741625,21762241,0.19450,25.67866324,0
1505741619,21762223,0.19450,1691.67457000,0
1505741606,21762192,0.19448,1428.34599695,0
1505741598,21762175,0.19448,239.55353000,0
1505741567,21762141,0.19390,27028.77752800,1
1505741567,21762140,0.19390,29054.44420000,1
1505741567,21762139,0.19391,4883.19108000,1
1505741565,21762138,0.19448,1126.65004113,0
1505741548,21762127,0.19448,25.68130399,0
1505741532,21762106,0.19441,2154.68647898,1
1505741510,21762059,0.19448,25.68130399,0
1505741496,21762016,0.19448,25.68130399,0
1505741493,21762013,0.19441,49018.55806667,1
1505741493,21762012,0.19442,8110.24951033,1
1505741490,21762009,0.19448,25.68130399,0
1505741489,21762007,0.19448,25.68130399,0
1505741454,21761934,0.19442,1801.36300000,1
1505741422,21761847,0.19442,2524.41625200,1
1505741417,21761835,0.19448,25.68130399,0
1505741416,21761833,0.19442,109.98000000,1
1505741413,21761827,0.19448,25.68130399,0
1505741410,21761791,0.19441,97.67773200,1
1505741404,21761712,0.19448,25.68130399,0
1505741401,21761686,0.19445,0.49975013,0
1505741401,21761685,0.19442,3000.00000000,0
1505741325,21761528,0.19441,25.69055090,0
1505741270,21761429,0.19438,2000.00000000,0
1505741270,21761426,0.19410,1000.00000000,0
1505741270,21761424,0.19408,547.20849000,0
1505741268,21761420,0.19408,1000.00000000,0
1505741244,21761371,0.19390,10945.55580000,1
1505741220,21761357,0.19401,632.46492448,0
1505741218,21761355,0.19400,1000.00000000,0
1505741218,21761353,0.19400,1199.88000000,0
1505741073,21761001,0.19398,941.04361274,0
1505741052,21760937,0.19398,514.23146716,0
1505741050,21760933,0.19398,4265.90545417,0
1505741048,21760930,0.19397,2037.81183000,0
1505741048,21760929,0.19397,14295.14942000,0
1505741008,21760786,0.19307,3770.00133855,0
1505741005,21760776,0.19321,2170.27260000,1
1505741005,21760774,0.19380,4059.72606145,1
1505740994,21760709,0.19397,547.83696808,0
1505740979,21760652,0.19380,5940.27393855,0
1505740962,21760586,0.19380,1566.72606145,0
1505740960,21760583,0.19379,5233.60000000,0
1505740911,21760471,0.19379,899.22394220,0
1505740911,21760469,0.19331,1008.00000000,0
1505740883,21760379,0.19327,500.00000000,0
1505740867,21760356,0.19278,259.00000000,1
1505740706,21760072,0.19377,92.14326263,0
1505740677,21759996,0.19275,32169.70749578,1
1505740677,21759995,0.19276,2071.34008000,1
1505740677,21759994,0.19276,2503.01903922,1
1505740675,21759993,0.19277,4727.74885000,1
1505740675,21759992,0.19277,2159.92470000,1
1505740396,21759290,0.19306,1340.46770000,1
1505740395,21759289,0.19306,3318.99338400,1
1505740392,21759283,0.19306,569.43230000,1
1505740256,21759049,0.19306,1345.17431600,1
1505740251,21759038,0.19380,1480.75666000,0
1505740243,21759031,0.19380,1486.56000000,0
1505740241,21759029,0.19380,1297.66831009,0
1505740240,21759026,0.19380,8189.23706361,0
1505740239,21759021,0.19380,1685.22683178,0
1505740236,21759010,0.19380,2102.31772658,0
1505740089,21758854,0.19278,606.00000000,1
1505739996,21758714,0.19308,1285.06930000,1
1505739996,21758713,0.19341,50.00000000,1
1505739958,21758669,0.19350,2500.00000000,0
1505739863,21758576,0.19371,5399.04785504,0
1505739841,21758541,0.19390,39.99773078,1
1505739839,21758540,0.19356,476.00000000,0
1505739779,21758453,0.19384,331.91885060,0
1505739776,21758452,0.19356,1003.18906300,1
1505739776,21758451,0.19356,569.04526473,1
1505739718,21758415,0.19355,506.00000000,1
1505739693,21758369,0.19353,2380.59497800,1
1505739686,21758362,0.19353,506.00000000,1
1505739655,21758279,0.19353,506.00000000,1
1505739623,21758253,0.19341,506.00000000,1
1505739613,21758159,0.19385,1508.00000000,1
1505739599,21758035,0.19437,3351.01140000,0
1505739590,21758016,0.19326,460.00000000,1
1505739586,21758010,0.19436,676.09075000,0
1505739582,21758002,0.19323,1320.00000000,1
1505739573,21757996,0.19435,2347.20905000,0
1505739552,21757969,0.19439,51182.80960131,0
1505739552,21757968,0.19438,2788.76323000,0
1505739550,21757967,0.19429,956.74386599,0
1505739540,21757945,0.19375,590.00000000,1
1505739535,21757936,0.19427,25.70906470,0
1505739534,21757935,0.19427,25.70906470,0
1505739534,21757934,0.19427,25.70906470,0
1505739532,21757930,0.19427,25.70906470,0
1505739530,21757928,0.19429,25.70641824,0
1505739524,21757920,0.19429,25.70641824,0
1505739520,21757912,0.19430,1014.40471000,0
1505739512,21757885,0.19430,25.70509521,0
1505739512,21757884,0.19430,25.70509521,0
1505739511,21757879,0.19431,25.70377232,0
1505739510,21757876,0.19398,25.70377232,0
1505739507,21757872,0.19430,2029.85317000,0
1505739507,21757870,0.19375,590.00000000,1
1505739505,21757865,0.19430,25.70509521,0
1505739501,21757853,0.19399,25.74617248,0
1505739488,21757834,0.19387,100.26738000,1
1505739488,21757832,0.19387,1289.44469307,1
1505739486,21757827,0.19399,0.50024987,1
1505739480,21757818,0.19439,1106.94592000,0
1505739474,21757807,0.19399,414.00000000,1
1505739441,21757735,0.19445,999.50024987,0
1505739439,21757715,0.19399,585.00000000,1
1505739428,21757684,0.19399,0.49975013,0
1505739424,21757667,0.19399,999.50024987,0
1505739420,21757632,0.19387,3234.03004245,0
1505739419,21757625,0.19387,1291.70643755,0
1505739389,21757566,0.19391,213.32707000,0
1505739362,21757503,0.19301,14246.03875309,1
1505739362,21757502,0.19302,1947.82970000,1
1505739362,21757501,0.19323,844.23303834,1
1505739303,21757349,0.19400,8.66700000,0
1505739302,21757346,0.19399,12342.23300000,0
1505739295,21757290,0.19350,636.00000000,1
1505739223,21757193,0.19447,802.79000000,0
1505739198,21757172,0.19450,4795.75767706,0
1505739197,21757171,0.19449,760.65229000,0
1505739197,21757170,0.19440,600.00000000,0
1505739197,21757169,0.19420,35.00000000,0
1505739197,21757166,0.19420,166.64601000,0
1505739196,21757164,0.19400,7369.79940000,0
1505739196,21757163,0.19398,2000.00000000,0
1505739194,21757162,0.19395,3803.26146000,0
1505739173,21757128,0.19396,2224.91000000,0
1505739171,21757126,0.19396,678.35900000,0
1505739098,21756994,0.19400,2427.55459000,0
1505739085,21756969,0.19400,201.64601000,0
1505739082,21756962,0.19400,862.71635685,1
1505739065,21756934,0.19400,6843.46984300,1
1505739058,21756927,0.19420,433.35399000,0
1505739054,21756923,0.19400,613.99999854,1
1505739054,21756922,0.19413,0.00000146,1
1505739045,21756905,0.19413,316.65702854,0
1505739032,21756886,0.19410,35.00000000,0
1505739021,21756859,0.19400,614.00000000,1
1505739005,21756812,0.19400,5903.00000000,1
1505739003,21756801,0.19400,846.98361400,1
1505738988,21756765,0.19400,228.90500000,0
1505738988,21756764,0.19400,3339.00000000,0
1505738890,21756429,0.19400,8572.21015464,0
1505738870,21756361,0.19380,8155.41501300,0
1505738870,21756359,0.19379,1500.00000000,0
1505738865,21756331,0.19400,11502.36587628,0
1505738865,21756329,0.19400,600.00000000,0
1505738865,21756326,0.19380,136.12479935,0
1505738865,21756324,0.19380,266.51492400,0
1505738865,21756322,0.19380,197.36027665,0
1505738863,21756307,0.19379,463.03589980,0
1505738859,21756290,0.19379,297.35316020,0
1505738859,21756289,0.19378,120.61967180,0
1505738856,21756287,0.19379,0.00000013,0
1505738856,21756286,0.19360,600.00000000,0
1505738856,21756284,0.19358,56.00000000,0
1505738856,21756283,0.19340,600.00000000,0
1505738856,21756282,0.19336,64.32907987,0
1505738854,21756271,0.19320,35.00000000,0
1505738854,21756270,0.19320,600.00000000,0
1505738854,21756268,0.19318,64.23975125,0
1505738853,21756267,0.19310,35.00000000,0
1505738853,21756266,0.19300,10000.00000000,0
1505738853,21756265,0.19300,1000.00000000,0
1505738853,21756264,0.19300,821.52673461,0
1505738852,21756261,0.19300,1379.46322788,0
1505738848,21756246,0.19300,106.62348500,0
1505738847,21756244,0.19300,1512.60047000,0
1505738837,21756199,0.19300,1979.48786000,0
1505738832,21756166,0.19300,798.56883200,0
1505738832,21756164,0.19300,1512.60047000,0
1505738823,21756135,0.19300,912.60047000,0
1505738812,21756088,0.19300,1451.50419000,0
1505738803,21756021,0.19300,798.56883100,0
1505738800,21756007,0.19300,12684.01993300,0
1505738795,21755963,0.19300,3539.84482300,0
1505738762,21755824,0.19300,1709.88531100,0
1505738758,21755811,0.19300,258.42129534,0
1505738718,21755765,0.19300,1292.10647668,0
1505738717,21755764,0.19300,1866.36000000,0
1505738691,21755645,0.19300,25.87823834,0
1505738690,21755643,0.19300,25.87823834,0
1505738670,21755603,0.19300,5168.42606218,0
1505738613,21755473,0.19300,25.87823834,0
1505738612,21755469,0.19300,25.87823834,0
1505738612,21755464,0.19300,25.87823834,0
1505738611,21755458,0.19300,25.87823834,0
1505738571,21755399,0.19300,41.40518135,0
1505738569,21755395,0.19203,200.00000000,1
1505738535,21755353,0.19206,400.00000000,1
1505738525,21755302,0.19203,456.07500000,1
1505738504,21755278,0.19300,894.82586000,0
1505738468,21755238,0.19204,123.00000000,1
1505738457,21755217,0.19300,1150.13101000,0
1505738448,21755208,0.19204,201.00000000,0
1505738418,21755184,0.19212,201.00000000,0
1505738409,21755166,0.19300,7165.76004692,0
1505738409,21755165,0.19300,600.00000000,0
1505738409,21755164,0.19300,64.15065332,0
1505738409,21755163,0.19299,1041.17849000,0
1505738409,21755162,0.19299,17740.39241395,0
1505738409,21755161,0.19293,315.61814515,0
1505738408,21755160,0.19290,79.13564000,0
1505738408,21755159,0.19288,1601.84764000,0
1505738408,21755158,0.19282,64.06144686,0
1505738408,21755157,0.19280,600.00000000,0
1505738408,21755156,0.19264,63.97230256,0
1505738408,21755155,0.19260,600.00000000,0
1505738408,21755154,0.19246,63.88322124,0
1505738407,21755152,0.19240,596.26101872,0
1505738407,21755150,0.19226,483.00000000,0
1505738406,21755148,0.19212,1059.86262585,1
1505738388,21755138,0.19240,3.73898128,0
1505738386,21755134,0.19228,37.81889186,0
1505738380,21755123,0.19228,25.97514042,0
1505738373,21755114,0.19220,500.00000000,0
1505738373,21755113,0.19220,574.01404787,0
1505738358,21755097,0.19220,25.98595213,0
1505738352,21755093,0.19210,38.00000000,0
1505738352,21755092,0.19210,11.70612022,0
1505738347,21755091,0.19210,25.99947944,0
1505738345,21755089,0.19210,25.99947944,0
1505738342,21755082,0.19172,527.82395281,1
1505738336,21755071,0.19200,100.00000000,0
1505738335,21755070,0.19200,5528.65423550,0
1505738255,21754983,0.19200,26.01302083,0
1505738255,21754980,0.19200,26.01302083,0
1505738251,21754958,0.19170,200.00000000,1
1505738221,21754888,0.19170,473.00000000,1
1505738221,21754886,0.19200,16000.00000000,0
1505738206,21754813,0.19200,26.01302083,0
1505738191,21754778,0.19171,267.00000000,1
1505738183,21754762,0.19200,88644.32755500,0
1505738179,21754753,0.19200,13583.00769600,0
1505738179,21754752,0.19199,772.65759000,0
1505738172,21754726,0.19199,813.02297000,1
1505738171,21754723,0.19200,1001.76325800,0
1505738160,21754702,0.19199,6164.52105000,1
1505738159,21754700,0.19199,262.63990000,1
1505738159,21754697,0.19200,7450.96983300,0
1505738151,21754675,0.19199,1763.00000000,1
1505738146,21754651,0.19199,384.35108000,1
1505738135,21754629,0.19200,4125.46879791,0
1505738133,21754619,0.19200,1605.03835100,0
1505738132,21754617,0.19199,562.46500000,1
1505738125,21754596,0.19170,1171.00000000,1
1505738094,21754529,0.19170,269.00000000,1
1505738038,21754344,0.19200,90859.03359375,0
1505738036,21754339,0.19200,2337.90520833,0
1505738034,21754332,0.19200,40000.00000000,0
1505738032,21754324,0.19200,56685.79240902,0
1505738032,21754323,0.19200,600.00000000,0
1505738031,21754322,0.19199,2259.65928000,0
1505738031,21754320,0.19192,63.61601931,0
1505738031,21754319,0.19181,500.00000000,0
1505738031,21754318,0.19180,600.00000000,0
1505737991,21754216,0.19170,1521.55743107,0
1505737991,21754215,0.19170,1100.00000000,0
1505737991,21754212,0.19170,1100.00000000,0
1505737990,21754208,0.19170,10705.27333816,0
1505737990,21754206,0.19170,87.56673000,0
1505737990,21754204,0.19169,2994.59179000,0
1505737990,21754202,0.19160,600.00000000,0
1505737990,21754198,0.19159,63.52719765,0
1505737990,21754196,0.19156,63.43844319,0
1505737963,21754055,0.19150,150.00000000,0
1505737963,21754054,0.19140,600.00000000,0
1505737962,21754053,0.19138,63.34958371,0
1505737962,21754051,0.19120,63.26061910,0
1505737962,21754050,0.19110,35.00000000,0
1505737962,21754049,0.19102,0.00000007,0
1505737930,21753955,0.19102,2472.60425200,0
1505737907,21753910,0.19102,6925.87914400,0
1505737906,21753905,0.19102,3546.31985000,0
1505737901,21753890,0.19102,6018.92410200,0
1505737884,21753840,0.19102,1300.93830000,0
1505737809,21753762,0.19102,790.75075700,0
1505737787,21753654,0.19102,1740.71505300,0
1505737779,21753632,0.19102,4038.45323544,0
1505737779,21753631,0.19102,63.17207045,0
1505737779,21753629,0.19084,63.08341842,0
1505737779,21753627,0.19066,62.99501169,0
1505737764,21753598,0.19048,1935.75327669,0
1505737754,21753549,0.19048,1744.70234100,0
1505737754,21753547,0.19048,1736.39734500,0
1505737751,21753521,0.19048,3438.17669000,0
1505737739,21753448,0.19048,1279.39190000,0
1505737709,21753368,0.19048,1904.06091000,0
1505737695,21753315,0.19048,2041.47707000,0
1505737682,21753262,0.19048,2101.38766000,0
1505737659,21753185,0.19000,3580.80285600,0
1505737652,21753158,0.19048,518.57208732,0
1505737622,21753035,0.19048,3446.03536700,0
1505737609,21753004,0.19048,3073.80165896,0
1505737607,21752998,0.19047,1126.17349000,0
1505737602,21752996,0.19000,805.16841802,1
1505737579,21752904,0.19000,723.83183198,0
1505737545,21752742,0.19048,1308.54442000,0
1505737527,21752666,0.19048,7537.76163300,0
1505737527,21752663,0.19048,9350.89153204,0
1505737527,21752662,0.19047,1441.05062000,0
1505737526,21752661,0.19019,28.33564696,0
1505737507,21752551,0.19019,26.26058152,0
1505737498,21752515,0.18960,1200.00000000,1
1505737380,21751967,0.18998,1702.73341000,0
1505737379,21751963,0.19000,6088.70468421,1
1505737379,21751961,0.18999,12916.53718000,0
1505737378,21751950,0.18998,2023.04959000,0
1505737348,21751877,0.18998,1875.48671738,0
1505737343,21751871,0.18998,105.14801558,0
1505737334,21751860,0.18932,22698.79023000,1
1505737334,21751859,0.18933,4213.01817000,1
1505737333,21751858,0.18951,30880.14800000,1
1505737333,21751857,0.18953,1289.06960000,1
1505737333,21751856,0.18953,10918.97400000,1
1505737306,21751814,0.19019,26.26058152,0
1505737299,21751803,0.19000,1795.92986603,1
1505737293,21751775,0.19019,3671.41658341,1
1505737292,21751772,0.19000,500.00000000,0
1505737292,21751770,0.18988,5233.60000000,0
1505737292,21751769,0.18988,100.00000000,0
1505737292,21751767,0.18988,483.00000000,1
1505737290,21751764,0.18954,0.00000013,0
1505737130,21751582,0.18954,812.47877800,0
1505736968,21751421,0.18954,26.35063839,0
1505736963,21751414,0.18954,26.35063839,0
1505736815,21751223,0.18952,8559.85612584,0
1505736815,21751222,0.18952,2339.45415500,1
1505736814,21751221,0.18935,1641.94727000,0
1505736419,21750787,0.18823,1318.94989985,1
1505736419,21750786,0.18844,534.95531615,1
1505736358,21750752,0.18844,444.50764288,0
1505736177,21750646,0.18844,1321.42039339,0
1505736081,21750510,0.18840,2.26226417,0
1505736079,21750509,0.18773,483.00000000,0
1505736005,21750411,0.18849,26.49742692,0
1505736000,21750387,0.18703,830.56294000,1
1505735999,21750380,0.18855,26.48899496,0
1505735998,21750377,0.18705,200.00000000,1
1505735983,21750350,0.18701,170.93320686,0
1505735983,21750349,0.18701,3166.03390200,0
1505735982,21750344,0.18701,2498.75062468,0
1505735982,21750343,0.18701,697.20982987,0
1505735981,21750339,0.18701,5684.54639200,0
1505735981,21750338,0.18701,1268.25918439,0
1505735980,21750333,0.18701,1577.55879200,0
1505735980,21750330,0.18700,1828.13581353,1
1505735979,21750329,0.18701,21488.80644000,0
1505735977,21750328,0.18701,16261.42100000,0
1505735977,21750327,0.18702,491.50814000,1
1505735977,21750326,0.18734,2455.68889000,1
1505735977,21750325,0.18737,779.66708620,1
1505735974,21750319,0.18737,1592.48591380,1
1505735840,21750152,0.18700,3171.86418647,1
1505735839,21750150,0.18711,1901.70604000,1
1505735839,21750149,0.18712,12998.85507000,1
1505735839,21750148,0.18712,1945.91670000,1
1505735833,21750138,0.18710,2919.14319000,0
1505735831,21750134,0.18753,80.85681000,1
1505735760,21750081,0.18838,33.51458166,1
1505735749,21750073,0.18838,447.36980261,1
1505735743,21750067,0.18820,45.11561573,0
1505735401,21749782,0.18940,2339.62622191,1
1505735401,21749779,0.18940,455.62526000,0
1505735401,21749778,0.18940,2278.12629000,0
1505735373,21749758,0.18817,2066.43681000,1
1505735373,21749757,0.18818,2137.44060000,1
1505734968,21749556,0.18998,1597.64185703,0
1505734930,21749539,0.18998,26.28960943,0
1505734892,21749521,0.18993,8293.13025851,1
1505734892,21749520,0.18991,2214.07756000,0
1505734822,21749436,0.18890,1056.43705664,0
1505734692,21749378,0.18990,1042.29447946,0
1505734692,21749377,0.18980,2179.00485403,0
1505734690,21749376,0.18979,1630.40051999,0
1505734689,21749375,0.18979,1000.18668001,0
1505734625,21749342,0.18974,26.32286286,0
1505734623,21749341,0.18901,1492.37894200,1
1505734621,21749339,0.18975,26.32147563,0
1505734617,21749336,0.18900,22695.10005795,1
1505734608,21749335,0.18902,320.12842000,1
1505734549,21749268,0.18974,800.00000000,0
1505734372,21749141,0.18980,26.31454162,0
1505734369,21749139,0.18980,26.31454162,0
1505734365,21749131,0.18980,26.31454162,0
1505734362,21749124,0.18980,26.31454162,0
1505734358,21749123,0.18980,26.31454162,0
1505734355,21749116,0.18859,200.00000000,1
1505734248,21748952,0.18842,1244.42305200,1
1505734202,21748846,0.18995,7354.19847328,0
1505734194,21748827,0.18997,262.41640084,0
1505734194,21748825,0.18997,3687.90563000,0
1505734194,21748824,0.18997,1302.00660000,0
1505733871,21748144,0.18860,1300.00000000,1
1505733871,21748142,0.18861,673.24817000,1
1505733870,21748141,0.18872,3364.58879000,1
1505733870,21748140,0.18900,1079.29300628,1
1505733870,21748139,0.18901,1318.16300000,1
1505733810,21747994,0.18998,904.49458000,0
1505733810,21747992,0.18997,1384.59710000,0
1505733726,21747860,0.19000,1967.72246000,0
1505733712,21747840,0.19048,39.85196000,0
1505733698,21747822,0.19000,160.68461000,0
1505733685,21747802,0.19000,160.68461000,0
1505733668,21747755,0.19000,2031.91310000,0
1505733668,21747753,0.18999,1291.95250000,0
1505733659,21747737,0.19000,52.41318000,0
1505733656,21747734,0.18981,58.73040000,1
1505733655,21747733,0.18983,253.51380000,1
1505733655,21747732,0.18983,1000.00000000,1
1505733616,21747684,0.18983,1633.48620000,0
1505733606,21747673,0.18983,253.51380000,0
1505733527,21747575,0.19000,253.51380000,0
1505733502,21747556,0.19048,66.19662000,1
1505733477,21747526,0.19048,117.32843011,1
1505733477,21747525,0.19048,62.90650269,0
1505733476,21747524,0.19030,62.81789130,0
1505733476,21747523,0.19019,80.25927000,0
1505733476,21747522,0.19012,62.72952824,0
1505733474,21747521,0.19010,35.00000000,0
1505733474,21747520,0.19010,35.00000000,0
1505733427,21747452,0.19000,3724.48731000,1
1505733390,21747367,0.19000,913.15407000,1
1505733390,21747360,0.18999,371.68593000,0
1505733379,21747322,0.19000,2100.53052400,0
1505733379,21747319,0.19000,3847.51962800,0
1505733378,21747318,0.18999,371.68593000,0
1505733347,21747124,0.19000,2217.36525449,0
1505733347,21747121,0.19000,2465.29289251,0
1505733346,21747117,0.19000,1304.86000000,0
1505733343,21747088,0.19000,4518.26450400,0
1505733343,21747082,0.19000,1940.62252500,0
1505733342,21747077,0.18992,441.60705000,1
1505733342,21747076,0.19000,3775.94781700,0
1505733342,21747075,0.19000,6006.81653100,0
1505733342,21747074,0.19000,6797.19573049,0
1505733342,21747072,0.18996,0.49875063,0
1505733342,21747071,0.18994,62.64106394,0
1505733341,21747070,0.18990,3000.34112506,0
1505733341,21747069,0.18990,3082.34008388,0
1505733341,21747068,0.18990,1806.84299900,0
1505733341,21747065,0.18990,9549.94479855,0
1505733341,21747063,0.18977,500.00000000,0
1505733341,21747061,0.18976,62.55285045,0
1505733341,21747059,0.18965,1174.40034700,0
1505733340,21747049,0.18965,1613.78137000,0
1505733340,21747047,0.18965,2720.21800000,0
1505733339,21747041,0.18965,1541.60028300,0
1505733339,21747038,0.18961,1527.56216388,0
1505733339,21747036,0.18961,1004.15990000,0
1505733249,21746632,0.18961,10522.71235694,0
1505733218,21746607,0.18961,115.91783740,0
1505733130,21746519,0.18960,31.56977848,0
1505732972,21746281,0.18960,3885.12205900,1
1505732971,21746278,0.18960,608.89420000,1
1505732971,21746276,0.18960,568.46011800,1
1505732971,21746274,0.18960,416.08644300,1
1505732958,21746258,0.18960,723.43865000,1
1505732945,21746254,0.18960,859.53107000,1
1505732931,21746247,0.18960,1021.22504000,1
1505732918,21746240,0.18960,1213.33668000,1
1505732905,21746234,0.18960,1441.58813000,1
1505732893,21746223,0.18960,1712.77798000,0
1505732862,21746128,0.18961,4812.57263500,0
1505732848,21746108,0.18961,2017.07510678,0
1505732848,21746106,0.18958,62.46453688,0
1505732848,21746105,0.18940,62.37612313,0
1505732848,21746104,0.18922,62.28778621,0
1505732800,21746027,0.18904,1046.31817100,0
1505732799,21746026,0.18904,1007.89052052,0
1505732762,21746012,0.18863,0.00000026,0
1505732708,21745982,0.18863,1994.99999700,0
1505732706,21745980,0.18863,0.00000274,1
1505732701,21745968,0.18863,88.99058000,0
1505732701,21745967,0.18855,62.02413631,0
1505732701,21745966,0.18855,62.11205766,0
1505732701,21745965,0.18855,62.19952704,0
1505732701,21745964,0.18850,61.93629625,0
1505732688,21745952,0.18832,61.84818083,0
1505732613,21745912,0.18814,61.76014724,0
1505732554,21745888,0.18796,61.67219645,0
1505732429,21745782,0.18794,791.00000000,0
1505732402,21745703,0.18790,1103.48897800,0
1505732401,21745702,0.18758,1096.00000000,0
1505732395,21745699,0.18790,2692.40318800,0
1505732385,21745682,0.18790,150.00000000,0
1505732384,21745676,0.18790,5004.29405000,0
1505732381,21745670,0.18790,1939.70199800,0
1505732371,21745648,0.18789,4370.11395000,0
1505732359,21745617,0.18789,2310.92574800,0
1505732357,21745612,0.18788,1031.53990815,0
1505732357,21745610,0.18788,1596.76389185,0
1505732339,21745501,0.18790,7912.94649100,0
1505732339,21745500,0.18789,1267.42520700,0
1505732339,21745498,0.18789,1855.31198300,0
1505732148,21745266,0.18786,288.00000000,0
1505732131,21745238,0.18789,8073.61700257,0
1505732131,21745237,0.18778,61.58432943,0
1505732131,21745236,0.18777,2833.51905400,0
1505732130,21745230,0.18777,1245.66636600,0
1505732125,21745220,0.18777,2833.51905400,0
1505732089,21745204,0.18775,815.83707988,0
1505732089,21745203,0.18760,61.49636697,0
1505732089,21745202,0.18742,61.40867009,0
1505732089,21745201,0.18724,61.32087906,0
1505732037,21745165,0.18723,3185.49289000,0
1505731939,21745125,0.18722,3174.80356300,0
1505731882,21745087,0.18553,354.75337800,1
1505731865,21745064,0.18550,1531.65324000,0
1505731865,21745062,0.18551,6834.01900000,0
1505731863,21745055,0.18551,1634.32776000,1
1505731860,21745049,0.18550,10000.00000000,1
1505731857,21745044,0.18550,10000.00000000,1
1505731853,21745039,0.18550,10000.00000000,1
1505731850,21745038,0.18551,1729.35700000,1
1505731850,21745037,0.18551,6879.59300000,1
1505731850,21745035,0.18551,1391.05000000,1
1505731847,21745029,0.18551,10000.00000000,1
1505731843,21745028,0.18550,10000.00000000,1
1505731775,21744927,0.18711,35.00000000,0
1505731773,21744921,0.18535,10000.00000000,1
1505731770,21744913,0.18534,10000.00000000,1
1505731765,21744910,0.18533,10000.00000000,1
1505731762,21744902,0.18533,10000.00000000,1
1505731759,21744892,0.18531,10000.00000000,1
1505731755,21744883,0.18531,10000.00000000,1
1505731752,21744882,0.18531,10000.00000000,1
1505731749,21744871,0.18531,10000.00000000,1
1505731745,21744863,0.18531,10000.00000000,1
1505731743,21744855,0.18531,2002.49875063,0
1505731743,21744854,0.18550,3000.00000000,1
1505731742,21744853,0.18620,4997.50124937,1
1505731740,21744850,0.18550,4426.65827100,0
1505731740,21744849,0.18550,3238.62857700,0
1505731739,21744847,0.18620,2334.71315200,0
1505731736,21744842,0.18555,9965.00000000,1
1505731735,21744841,0.18620,35.00000000,1
1505731711,21744793,0.18694,35.00000000,0
1505731682,21744765,0.18529,10000.00000000,1
1505731676,21744754,0.18528,10000.00000000,1
1505731675,21744752,0.18527,10000.00000000,1
1505731670,21744740,0.18527,1969.00368433,1
1505731669,21744733,0.18576,1792.78599287,1
1505731669,21744732,0.18576,6238.21032280,1
1505731664,21744723,0.18576,6238.21036000,0
1505731663,21744720,0.18576,3761.78964000,1
1505731660,21744717,0.18576,10000.00000000,1
1505731655,21744707,0.18576,10000.00000000,1
1505731651,21744700,0.18576,10000.00000000,1
1505731647,21744698,0.18576,10000.00000000,1
1505731644,21744695,0.18708,135.00000000,0
1505731644,21744694,0.18576,10000.00000000,1
1505731631,21744666,0.18576,13393.63036000,0
1505731631,21744665,0.18576,6713.06400000,1
1505731630,21744664,0.18576,4626.26969000,1
1505731627,21744654,0.18524,4626.26968731,1
1505731625,21744653,0.18576,889.00220432,1
1505731625,21744652,0.18576,889.44667767,1
1505731621,21744637,0.18523,889.44672275,1
1505731619,21744636,0.18576,9110.55327725,1
1505731616,21744633,0.18575,8990.36972275,0
1505731616,21744630,0.18575,1009.63027725,1
1505731613,21744626,0.18573,10000.00000000,1
1505731609,21744622,0.18573,10000.00000000,1
1505731606,21744621,0.18572,10000.00000000,1
1505731602,21744619,0.18571,8166.07363000,0
1505731602,21744618,0.18571,1833.92637000,1
1505731598,21744608,0.18672,193.00000000,0
1505731562,21744553,0.18678,325.63718140,0
1505731557,21744548,0.18681,586.36188500,0
1505731523,21744473,0.18686,243.50658500,0
1505731361,21744193,0.18522,8786.31048951,0
1505731360,21744192,0.18522,1213.68951049,1
1505731357,21744188,0.18520,10000.00000000,1
1505731356,21744183,0.18520,9795.60817000,1
1505731354,21744179,0.18540,204.39183000,1
1505731351,21744170,0.18520,10000.00000000,1
1505731348,21744159,0.18541,10000.00000000,1
1505731347,21744158,0.18520,7750.85016084,1
1505731347,21744154,0.18540,1618.12297735,1
1505731345,21744152,0.18617,631.02686181,1
1505731343,21744139,0.18520,9400.00000000,1
1505731341,21744135,0.18540,600.00000000,1
1505731340,21744132,0.18543,8596.93682887,1
1505731338,21744126,0.18619,1403.06317113,1
1505731335,21744118,0.18541,10000.00000000,1
1505731333,21744116,0.18541,8981.57540700,1
1505731331,21744113,0.18621,1018.42459300,1
1505731330,21744108,0.18541,6000.00000000,1
1505731328,21744104,0.18622,4000.00000000,1
1505731327,21744103,0.18541,2405.88774482,1
1505731326,21744098,0.18542,1320.19030000,0
1505731326,21744097,0.18542,1286.94385718,0
1505731326,21744096,0.18621,1937.25050600,0
1505731325,21744092,0.18622,3049.72759200,0
1505731324,21744087,0.18541,8510.68284665,1
1505731324,21744083,0.18541,1315.30760000,1
1505731324,21744082,0.18541,61.23299382,1
1505731323,21744081,0.18541,112.77655953,1
1505731323,21744080,0.18541,1603.32452428,1
1505731323,21744079,0.18541,1018.42459300,1
1505731322,21744075,0.18544,7378.25088272,1
1505731322,21744074,0.18544,10000.00000000,1
1505731322,21744072,0.18544,10000.00000000,1
1505731322,21744071,0.18544,10000.00000000,1
1505731322,21744070,0.18544,10000.00000000,1
1505731322,21744068,0.18544,10000.00000000,1
1505731322,21744067,0.18544,10000.00000000,1
1505731320,21744064,0.18544,9387.64811728,1
1505731295,21744051,0.18564,61.32087906,0
1505731293,21744050,0.18622,551.03100366,1
1505731290,21744047,0.18542,10000.00000000,1
1505731290,21744046,0.18542,3066.21638432,1
1505731289,21744043,0.18555,124.04347000,1
1505731289,21744042,0.18582,61.40867009,1
1505731289,21744041,0.18583,547.95047559,0
1505731287,21744040,0.18622,6200.38100000,1
1505731283,21744035,0.18622,10000.00000000,1
1505731280,21744029,0.18622,10000.00000000,1
1505731276,21744025,0.18622,10000.00000000,1
1505731273,21744021,0.18622,10000.00000000,1
1505731270,21744015,0.18620,4184.75640406,1
1505731270,21744013,0.18621,5815.24359594,1
1505731267,21744004,0.18620,10000.00000000,1
1505731263,21743993,0.18620,10000.00000000,1
1505731260,21743983,0.18620,4847.66071646,1
1505731260,21743982,0.18620,5152.33928354,1
1505731257,21743977,0.18620,1526.09475400,1
1505731256,21743975,0.18620,1792.13196000,1
1505731256,21743974,0.18620,6681.77328600,1
1505731254,21743962,0.18619,5357.39719166,0
1505731254,21743960,0.18620,1324.37610000,0
1505731253,21743958,0.18620,3318.22670834,1
1505731250,21743950,0.18620,0.00000170,0
1505731250,21743949,0.18620,3319.88582000,0
1505731249,21743948,0.18620,6680.11417830,1
1505731246,21743945,0.18617,298.16100000,1
1505731246,21743944,0.18617,9701.83900000,1
1505731212,21743897,0.18675,1096.00000000,0
1505731196,21743884,0.18591,70.00000000,1
1505731193,21743880,0.18747,369.00000000,0
1505731177,21743854,0.18756,26.62881211,0
1505731168,21743838,0.18551,681.68515719,1
1505731168,21743836,0.18560,600.00000000,1
1505731167,21743835,0.18561,88.99058000,1
1505731167,21743834,0.18600,61.49636697,1
1505731167,21743833,0.18618,1937.44689584,1
1505731166,21743832,0.18619,2814.59900000,1
1505731165,21743830,0.18621,6630.38100000,1
1505731164,21743829,0.18623,7185.40100000,1
1505731155,21743821,0.18623,428.23300000,1
1505731155,21743820,0.18623,195.26700000,1
1505731154,21743819,0.18623,10000.00000000,1
1505731147,21743813,0.18622,2000.00000000,1
1505731144,21743811,0.18621,2000.00000000,1
1505731141,21743807,0.18621,2000.00000000,1
1505731137,21743801,0.18622,2000.00000000,1
1505731045,21743659,0.18582,2000.00000000,1
1505731044,21743657,0.18561,365.22621057,0
1505731044,21743656,0.18561,1573.18946000,0
1505731042,21743655,0.18618,61.58432943,1
1505731038,21743651,0.18582,2000.00000000,1
1505731035,21743647,0.18580,148.33660355,0
1505731035,21743645,0.18580,600.00000000,1
1505731034,21743644,0.18601,1251.66339645,1
1505731034,21743643,0.18580,68.32780355,0
1505731034,21743642,0.18600,600.00000000,1
1505731033,21743641,0.18610,35.00000000,1
1505731033,21743640,0.18610,35.00000000,1
1505731033,21743639,0.18620,600.00000000,1
1505731033,21743638,0.18636,61.67219645,1
1505731031,21743637,0.18640,600.00000000,1
1505731028,21743634,0.18642,2000.00000000,1
1505731025,21743626,0.18642,2000.00000000,1
1505731023,21743616,0.18642,1992.49975013,1
1505731021,21743613,0.18643,7.50024987,1
1505731018,21743612,0.18643,2000.00000000,1
1505731016,21743610,0.18643,1000.49975013,1
1505731015,21743606,0.18646,999.50024987,1
1505731011,21743601,0.18647,2000.00000000,1
1505731009,21743568,0.18646,2000.00000000,0
1505731004,21743556,0.18646,2000.00000000,1
1505731000,21743548,0.18646,2000.00000000,1
1505730997,21743547,0.18646,2000.00000000,1
1505730994,21743544,0.18644,2000.00000000,1
1505730987,21743539,0.18647,2000.00000000,1
1505730957,21743497,0.18783,230.48378853,0
1505730930,21743457,0.18643,2000.00000000,1
1505730925,21743453,0.18643,2000.00000000,1
1505730921,21743452,0.18643,2000.00000000,1
1505730918,21743450,0.18642,2000.00000000,1
1505730916,21743448,0.18642,1744.64915276,1
1505730914,21743447,0.18644,255.35084724,1
1505730911,21743440,0.18644,2000.00000000,1
1505730907,21743436,0.18644,2000.00000000,1
1505730904,21743428,0.18644,1938.23985276,1
1505730903,21743425,0.18654,61.76014724,1
1505730900,21743417,0.18644,701.40930000,1
1505730898,21743415,0.18683,1298.59070000,1
1505730896,21743405,0.18644,215.70720917,0
1505730896,21743404,0.18645,1294.43200000,0
1505730896,21743403,0.18645,428.01261000,1
1505730896,21743402,0.18672,61.84818083,1
1505730889,21743400,0.18677,2000.00000000,1
1505730889,21743399,0.18677,1000.00000000,1
1505730886,21743396,0.18676,2000.00000000,1
1505730882,21743394,0.18676,2000.00000000,1
1505730875,21743390,0.18675,2000.00000000,1
1505730867,21743383,0.18675,2000.00000000,1
1505730861,21743370,0.18788,2660.83175000,0
1505730813,21743275,0.18655,214.74182387,1
1505730813,21743274,0.18690,61.93629625,1
1505730777,21743198,0.18695,1071.92588300,0
1505730773,21743192,0.18695,62.02413631,0
1505730766,21743187,0.18695,62.11205766,0
1505730759,21743178,0.18695,62.19952704,0
1505730756,21743177,0.18692,2439.14070000,1
1505730753,21743175,0.18762,62.28778621,1
1505730663,21743085,0.18665,1550.49583987,1
1505730663,21743084,0.18667,1461.07020000,1
1505730662,21743083,0.18668,310.00039000,1
1505730662,21743082,0.18780,0.00000313,1
1505730649,21743063,0.18810,38.00000000,1
1505730634,21743040,0.18853,70.00000000,0
1505730607,21743010,0.18780,62.37612000,1
1505730584,21742972,0.18645,4558.98739000,1
1505730584,21742971,0.18660,600.00000000,1
1505730584,21742970,0.18680,600.00000000,1
1505730584,21742969,0.18681,1927.24893000,1
1505730584,21742968,0.18700,600.00000000,1
1505730583,21742967,0.18701,1306.14120000,1
1505730583,21742966,0.18710,35.00000000,1
1505730583,21742965,0.18711,384.62248000,1
1505730576,21742950,0.18958,14278.08467174,1
1505730575,21742947,0.18940,62.37612313,0
1505730575,21742946,0.18922,62.28796330,0
