date,tid,price,amount,type
1505520055,21517296,3158.90,0.41365890,0
1505520053,21517293,3158.89,0.06000000,0
1505520005,21517242,3166.50,0.05864246,0
1505519946,21517209,3162.06,0.01719769,0
1505519946,21517208,3156.01,0.01330607,0
1505519919,21517163,3160.08,0.16000000,1
1505519919,21517162,3159.99,0.07000000,0
1505519907,21517159,3172.85,0.32644587,0
1505519907,21517158,3170.36,0.01000000,0
1505519907,21517157,3160.16,0.13385964,0
1505519906,21517156,3157.64,0.00279200,0
1505519906,21517155,3157.63,0.07657270,0
1505519906,21517154,3157.38,0.07000000,0
1505519906,21517153,3151.99,0.04163700,0
1505519852,21517126,3151.98,0.00888229,0
1505519848,21517123,3133.22,0.04899113,1
1505519844,21517118,3133.21,0.10365867,1
1505519844,21517117,3133.21,0.10018020,1
1505519844,21517116,3133.21,0.00731126,1
1505519844,21517115,3133.21,0.07228087,1
1505519843,21517111,3133.21,0.06934649,1
1505519843,21517110,3147.59,0.04869939,1
1505519834,21517104,3157.69,0.06479393,0
1505519834,21517100,3157.68,0.02000000,0
1505519834,21517099,3157.64,0.26506859,0
1505519834,21517097,3157.63,0.04869939,1
1505519832,21517095,3151.99,0.03296860,1
1505519832,21517093,3151.99,0.06871949,0
1505519772,21517030,3151.57,0.11973225,0
1505519752,21517023,3151.59,0.03297123,0
1505519701,21516999,3151.99,0.11785200,0
1505519700,21516997,3151.90,0.09000000,0
1505519700,21516996,3150.00,0.01000000,0
1505519630,21516968,3142.82,0.21769940,1
1505519571,21516923,3142.42,0.14441336,0
1505519571,21516921,3141.84,0.00386060,0
1505519570,21516914,3141.00,0.00278600,1
1505519567,21516901,3141.00,0.72517362,0
1505519567,21516898,3141.00,0.14441336,0
1505519558,21516888,3141.00,0.00002581,0
1505519558,21516887,3140.99,0.03693189,0
1505519556,21516885,3140.99,0.03113855,0
1505519534,21516871,3141.00,0.27244422,0
1505519534,21516870,3140.97,0.20000000,0
1505519493,21516812,3141.50,0.02359920,0
1505519493,21516811,3140.00,0.01000000,0
1505519450,21516780,3141.71,0.04254371,0
1505519327,21516681,3141.84,0.00428956,1
1505519326,21516680,3141.84,0.30823616,0
1505519295,21516655,3108.60,0.12266282,1
1505519286,21516652,3108.50,0.17128668,1
1505519286,21516651,3115.09,0.00923375,1
1505519282,21516644,3108.50,0.03131997,1
1505519282,21516643,3108.50,0.16868003,1
1505519282,21516642,3108.53,0.18557334,1
1505519279,21516638,3152.00,0.18656673,0
1505519279,21516637,3151.99,0.15000000,0
1505519279,21516635,3149.74,0.04873427,0
1505519278,21516634,3149.00,0.31135095,0
1505519278,21516633,3146.45,0.20000000,0
1505519278,21516632,3143.32,0.80000000,0
1505519278,21516631,3142.85,0.03000000,0
1505519277,21516630,3142.42,0.87251000,0
1505519277,21516629,3135.00,0.93500000,0
1505519277,21516626,3134.96,0.01620000,0
1505519276,21516625,3134.95,0.03099712,0
1505519276,21516623,3134.95,0.05881760,1
1505519276,21516619,3134.94,0.07951000,1
1505519276,21516617,3134.93,1.00440204,1
1505519275,21516616,3134.93,0.81442666,1
1505519274,21516615,3134.93,2.00000000,1
1505519214,21516598,3107.94,0.05009889,1
1505519212,21516597,3137.87,0.12286664,0
1505519194,21516545,3107.91,0.07951000,1
1505519193,21516544,3138.20,0.00880298,0
1505519183,21516535,3142.19,0.06270670,1
1505519158,21516516,3124.09,0.22230180,0
1505519153,21516510,3104.10,0.02480634,1
1505519153,21516509,3109.91,0.02891580,1
1505519153,21516508,3119.12,0.65209053,1
1505519153,21516507,3119.13,0.16000000,1
1505519127,21516484,3119.15,1.00000000,1
1505519115,21516468,3119.12,0.03786086,1
1505519108,21516461,3119.12,0.09476775,1
1505519108,21516460,3119.12,0.07679604,1
1505519107,21516459,3119.12,0.13848482,1
1505519105,21516456,3120.00,0.10000000,1
1505519098,21516446,3124.09,0.11309690,1
1505519095,21516432,3124.09,0.05783000,1
1505519094,21516431,3124.09,0.31009100,1
1505519078,21516405,3128.52,0.01660000,1
1505519078,21516404,3128.53,0.00002696,1
1505519046,21516393,3136.40,0.07314755,0
1505519043,21516386,3128.53,0.06739347,1
1505519038,21516380,3128.53,0.03765693,1
1505519014,21516368,3136.40,0.75150060,0
1505518993,21516360,3136.45,0.06306276,0
1505518992,21516359,3136.46,0.01617152,1
1505518991,21516358,3136.46,0.10877065,1
1505518978,21516347,3128.53,0.02363864,1
1505518934,21516325,3124.23,0.03537000,1
1505518924,21516314,3124.15,0.01620000,1
1505518911,21516296,3124.09,0.04934000,1
1505518909,21516294,3124.14,0.04918365,1
1505518872,21516262,3123.72,0.01022314,1
1505518821,21516246,3145.00,0.78103168,0
1505518821,21516245,3145.00,0.21896832,0
1505518813,21516241,3145.00,0.01493172,0
1505518795,21516234,3145.00,1.00000000,0
1505518772,21516232,3145.00,0.16541068,0
1505518772,21516231,3139.53,0.10811810,0
1505518772,21516230,3139.53,0.05630143,0
1505518772,21516229,3139.53,0.28898746,0
1505518772,21516228,3139.53,0.08174453,0
1505518772,21516227,3135.67,0.29943780,0
1505518751,21516222,3135.67,0.03056220,0
1505518692,21516202,3139.50,0.02281402,0
1505518682,21516181,3139.53,0.29815786,1
1505518680,21516174,3139.53,0.08189650,1
1505518676,21516167,3139.53,0.11995201,1
1505518675,21516165,3139.53,0.99999363,1
1505518671,21516161,3144.99,0.05527978,0
1505518671,21516160,3144.97,0.02000000,0
1505518671,21516159,3144.96,0.01189535,0
1505518619,21516125,3142.69,0.36366481,0
1505518618,21516124,3142.68,0.03000000,0
1505518618,21516123,3139.53,0.45254449,0
1505518618,21516122,3139.52,0.13000000,0
1505518618,21516121,3139.51,0.02379070,0
1505518601,21516104,3139.52,0.10631699,0
1505518601,21516103,3139.51,0.04758139,0
1505518592,21516093,3139.53,0.75483722,0
1505518592,21516092,3139.52,0.15000000,0
1505518592,21516091,3139.51,0.09516278,0
1505518546,21516043,3139.53,0.07769948,0
1505518546,21516042,3139.53,0.13528052,0
1505518542,21516034,3139.53,0.06778200,0
1505518540,21516025,3139.53,0.01185629,0
1505518500,21515933,3138.72,0.02718094,0
1505518498,21515930,3109.91,0.04935834,1
1505518492,21515920,3138.73,0.14609171,1
1505518489,21515910,3138.72,0.05000000,1
1505518485,21515896,3138.72,0.13657200,0
1505518482,21515889,3138.72,0.03195889,0
1505518481,21515859,3138.72,0.13223900,0
1505518478,21515846,3138.69,0.14091300,0
1505518459,21515832,3138.73,0.28680110,0
1505518393,21515746,3139.53,0.03155353,0
1505518368,21515732,3139.80,0.04873427,0
1505518259,21515532,3124.47,0.50015843,0
1505518254,21515529,3124.68,0.06261710,0
1505518254,21515528,3124.58,0.04216889,0
1505518238,21515496,3103.66,0.32968447,1
1505518216,21515448,3125.92,0.09194913,1
1505518216,21515446,3125.93,0.15505344,1
1505518215,21515444,3125.94,0.21466896,1
1505518213,21515437,3125.93,0.12041672,1
1505518209,21515430,3125.93,0.15167990,1
1505518209,21515426,3125.93,0.04259194,1
1505518208,21515418,3125.92,0.16000000,0
1505518205,21515405,3125.89,0.32799300,0
1505518133,21515335,3126.17,0.03153989,0
1505518112,21515321,3102.71,0.04168297,1
1505518107,21515313,3126.49,0.47392348,0
1505518107,21515312,3124.18,0.05600000,0
1505518107,21515311,3124.18,0.25662834,0
1505518107,21515309,3120.12,0.12826430,0
1505518107,21515307,3118.95,0.08518388,0
1505518089,21515294,3118.96,0.21666212,0
1505518089,21515293,3118.96,0.43668704,0
1505518086,21515282,3118.96,0.18548914,0
1505518083,21515275,3102.63,0.01181397,0
1505518083,21515273,3102.63,0.15855378,0
1505518080,21515260,3118.93,0.01072000,0
1505518079,21515259,3100.00,1.88016049,0
1505518078,21515254,3100.01,0.16000000,1
1505518073,21515244,3099.00,0.40407582,0
1505518071,21515242,3099.00,0.02122389,0
1505518071,21515241,3099.90,0.30000000,1
1505518071,21515240,3100.00,0.14498179,1
1505518070,21515239,3100.00,0.07300169,1
1505518070,21515238,3100.23,0.01208770,1
1505518063,21515230,3100.00,0.04000000,1
1505518062,21515228,3100.00,0.38699831,1
1505518062,21515227,3100.00,0.10000000,1
1505518062,21515225,3100.00,0.04044058,1
1505518062,21515224,3100.00,0.05065507,1
1505518062,21515223,3100.01,0.52190604,1
1505518062,21515222,3100.01,0.09357146,1
1505518062,21515221,3100.19,0.15593279,1
1505518062,21515220,3100.22,0.95049575,1
1505518044,21515191,3100.00,0.04934493,1
1505518044,21515190,3101.00,0.05000000,1
1505518038,21515150,3101.09,0.04949872,1
1505518034,21515135,3104.58,0.00152815,1
1505518034,21515134,3104.58,0.03051403,1
1505518033,21515133,3104.58,0.00401383,1
1505518033,21515131,3104.58,0.01322563,1
1505518033,21515130,3105.00,0.00200000,1
1505518033,21515129,3106.22,0.00600908,1
1505518033,21515128,3106.26,0.02471447,1
1505518027,21515104,3106.22,0.01899092,0
1505518023,21515089,3106.22,0.03042605,1
1505518022,21515076,3121.69,0.04892759,0
1505518019,21515064,3109.71,0.04919651,1
1505518019,21515061,3110.00,0.10002583,1
1505518019,21515058,3110.86,0.08144350,1
1505518019,21515056,3111.00,0.06863186,1
1505518012,21515005,3124.10,0.01425000,0
1505518011,21515000,3124.10,0.13372488,0
1505518011,21514995,3116.85,0.26950064,0
1505518011,21514990,3116.85,0.10175349,0
1505518010,21514987,3116.85,0.19594499,0
1505518010,21514985,3116.85,0.04970352,0
1505518004,21514959,3116.85,0.04900766,0
1505518004,21514958,3116.85,0.25390770,0
1505518000,21514928,3124.18,0.25673100,1
1505517997,21514895,3119.20,0.02730021,0
1505517995,21514887,3119.61,0.08227135,1
1505517994,21514878,3119.60,0.65337419,1
1505517994,21514874,3130.00,0.12639845,0
1505517992,21514867,3130.00,0.10255988,0
1505517992,21514864,3130.00,0.86192293,0
1505517989,21514853,3114.61,0.00640530,1
1505517988,21514852,3115.37,0.00384236,1
1505517988,21514851,3116.92,0.03201892,1
1505517988,21514850,3119.91,0.24389696,1
1505517988,21514849,3124.28,0.25671400,1
1505517988,21514848,3125.01,0.13954800,1
1505517987,21514846,3129.89,0.52361044,0
1505517986,21514841,3129.89,0.33834279,0
1505517986,21514840,3128.41,0.14500000,0
1505517983,21514829,3119.90,0.74925000,1
1505517981,21514822,3120.00,0.00200000,1
1505517980,21514815,3129.89,0.07409881,0
1505517977,21514795,3129.99,0.07409905,0
1505517976,21514793,3129.99,0.17552372,0
1505517976,21514792,3129.99,1.21126125,0
1505517976,21514791,3129.97,0.14738669,0
1505517975,21514784,3129.99,0.07409905,0
1505517975,21514780,3129.99,1.05621772,0
1505517974,21514777,3129.99,0.34958215,0
1505517973,21514764,3129.99,0.94602512,0
1505517971,21514750,3129.97,0.14744565,1
1505517970,21514748,3129.99,0.07409881,0
1505517970,21514747,3129.99,0.08093540,0
1505517970,21514745,3129.99,0.00200000,0
1505517959,21514719,3130.96,0.15949200,0
1505517953,21514701,3136.17,0.07339419,0
1505517949,21514698,3136.28,0.32208763,1
1505517949,21514697,3136.27,0.01456719,0
1505517948,21514690,3136.29,1.33565264,0
1505517948,21514687,3136.29,0.06976434,0
1505517948,21514686,3136.29,0.09013108,0
1505517947,21514685,3136.28,0.09106805,0
1505517947,21514683,3136.28,0.08893195,0
1505517945,21514682,3136.28,0.02000000,0
1505517943,21514679,3136.29,0.02428504,0
1505517942,21514677,3136.29,0.21627692,0
1505517938,21514668,3136.37,0.17426457,1
1505517937,21514664,3116.92,0.63244543,0
1505517937,21514662,3116.92,0.07923478,0
1505517937,21514658,3116.92,0.01815114,0
1505517936,21514656,3116.92,0.20000000,1
1505517835,21514523,3115.39,0.10000000,1
1505517835,21514522,3115.39,0.10000000,0
1505517832,21514520,3141.90,0.02508563,0
1505517829,21514515,3115.37,0.00384236,1
1505517815,21514481,3143.19,0.33339239,0
1505517815,21514480,3131.80,0.05555220,0
1505517809,21514472,3131.81,0.11290441,0
1505517804,21514466,3131.84,0.05905580,0
1505517804,21514465,3131.81,0.01808223,0
1505517804,21514462,3131.81,0.05930514,0
1505517794,21514433,3114.75,0.00152815,0
1505517794,21514432,3114.75,0.03452786,0
1505517794,21514429,3114.75,0.01322563,1
1505517793,21514427,3131.84,0.01620000,0
1505517793,21514425,3131.81,0.40025000,0
1505517787,21514414,3114.74,0.20000000,0
1505517783,21514403,3114.73,0.11202131,0
1505517783,21514400,3121.12,0.02800000,1
1505517783,21514398,3121.77,0.04904545,1
1505517782,21514393,3121.78,0.07845235,0
1505517782,21514392,3121.78,0.07964308,0
1505517781,21514389,3121.78,0.02633129,1
1505517772,21514378,3144.68,0.10459389,0
1505517772,21514377,3131.99,0.04904545,0
1505517763,21514368,3114.70,0.05421074,0
1505517763,21514367,3121.09,0.01620000,1
1505517763,21514366,3121.09,0.02800000,1
1505517763,21514365,3129.75,0.05240773,1
1505517761,21514361,3134.65,0.04918153,1
1505517761,21514360,3144.70,0.01100581,0
1505517754,21514310,3144.77,0.14978875,0
1505517752,21514306,3144.80,0.13911301,0
1505517752,21514304,3144.80,0.76294804,0
1505517750,21514302,3144.89,0.09954724,0
1505517750,21514301,3144.89,0.38234658,0
1505517750,21514300,3144.89,0.02376280,0
1505517750,21514299,3144.88,0.04918153,0
1505517750,21514298,3144.87,0.43040829,0
1505517745,21514287,3144.89,0.26691723,0
1505517742,21514279,3114.61,0.20000000,0
1505517742,21514278,3114.61,0.11692748,0
1505517741,21514277,3116.10,0.04907289,1
1505517741,21514276,3116.10,0.20074958,0
1505517741,21514275,3116.10,0.08726244,0
1505517741,21514273,3117.98,0.04814578,1
1505517740,21514270,3117.98,0.00092711,1
1505517740,21514268,3120.00,2.04495210,1
1505517740,21514265,3120.11,0.00015318,1
1505517740,21514262,3120.11,0.00015270,1
1505517740,21514260,3120.11,0.04879387,1
1505517739,21514257,3120.28,0.29300000,0
1505517738,21514252,3121.08,0.09986287,0
1505517737,21514249,3144.91,0.31860962,0
1505517737,21514248,3139.79,0.02800000,0
1505517734,21514239,3137.98,0.31135548,0
1505517733,21514238,3137.98,0.04939960,0
1505517728,21514232,3137.98,0.16000000,0
1505517728,21514229,3137.98,0.02924492,0
1505517726,21514224,3137.97,0.06799703,1
1505517724,21514217,3137.94,0.20074958,0
1505517723,21514212,3120.15,0.04919651,1
1505517718,21514201,3120.12,0.19345820,0
1505517718,21514197,3120.12,0.08297130,0
1505517718,21514194,3120.29,0.90873138,0
1505517717,21514192,3123.33,0.01483490,1
1505517717,21514190,3123.33,0.01457806,1
1505517717,21514189,3123.33,0.01948344,1
1505517717,21514186,3127.87,0.04890980,1
1505517717,21514184,3127.96,0.02800000,0
1505517716,21514183,3127.98,0.02103215,1
1505517716,21514182,3127.99,0.06799655,1
1505517714,21514178,3128.00,0.00000422,1
1505517713,21514172,3139.90,0.16000000,0
1505517712,21514169,3128.00,0.04814578,0
1505517710,21514158,3128.00,0.00092711,1
1505517698,21514135,3139.99,0.06274631,0
1505517685,21514102,3143.02,0.00157630,0
1505517685,21514101,3135.00,0.02800000,0
1505517685,21514100,3134.99,0.06796936,0
1505517680,21514089,3135.00,0.02481609,0
1505517679,21514087,3135.00,0.17975437,0
1505517675,21514072,3135.00,0.16278254,0
1505517674,21514071,3134.99,0.06799655,0
1505517674,21514070,3134.99,0.02989643,0
1505517674,21514069,3132.98,0.16000000,0
1505517667,21514016,3132.99,0.30786895,0
1505517666,21514012,3132.99,0.45752566,0
1505517665,21514006,3132.99,0.05688322,0
1505517665,21514003,3132.99,0.26890194,0
1505517663,21513995,3132.99,0.10368851,0
1505517659,21513979,3132.99,0.20030000,0
1505517658,21513973,3128.00,0.04907289,1
1505517652,21513944,3132.99,0.07258808,0
1505517650,21513928,3132.99,0.07258808,0
1505517649,21513927,3132.55,0.08671963,0
1505517649,21513924,3129.42,0.00651802,0
1505517648,21513919,3129.42,0.04235882,1
1505517648,21513917,3129.42,0.00653758,1
1505517647,21513909,3132.99,0.13372210,0
1505517645,21513893,3133.00,0.00006062,1
1505517641,21513886,3135.00,0.07187190,0
1505517636,21513874,3135.00,0.07003954,0
1505517635,21513871,3133.00,0.15185662,1
1505517631,21513851,3135.00,0.00000087,1
1505517628,21513841,3135.00,1.22286227,1
1505517627,21513838,3135.00,0.95422387,1
1505517627,21513837,3135.03,0.01407140,1
1505517627,21513836,3135.04,0.03169835,1
1505517626,21513832,3135.18,0.00853346,0
1505517626,21513831,3135.18,0.26475121,0
1505517624,21513829,3135.18,0.06160730,0
1505517620,21513819,3135.18,0.01815001,0
1505517616,21513813,3135.01,0.86081121,1
1505517616,21513810,3135.01,0.13878894,1
1505517615,21513808,3135.18,0.07002373,0
1505517608,21513789,3135.18,0.13872406,0
1505517607,21513780,3135.02,0.13873344,1
1505517604,21513764,3135.18,0.06979223,0
1505517593,21513728,3135.18,0.36116272,0
1505517593,21513727,3135.17,0.02690746,0
1505517593,21513725,3135.17,0.11634155,0
1505517588,21513709,3135.00,0.48609480,1
1505517587,21513704,3135.12,0.13872517,0
1505517582,21513684,3135.18,0.01538889,0
1505517582,21513682,3135.17,0.02161111,0
1505517582,21513674,3135.17,0.09164215,0
1505517578,21513660,3135.17,0.04149974,1
1505517565,21513600,3135.17,0.04176620,1
1505517565,21513597,3135.17,0.09173406,0
1505517564,21513587,3135.17,0.06995821,0
1505517563,21513583,3135.17,0.01002000,0
1505517562,21513566,3135.29,0.02807397,1
1505517490,21513338,3149.98,0.01097000,0
1505517411,21513214,3149.99,0.01893600,0
1505517400,21513194,3138.46,0.04890980,1
1505517377,21513181,3150.00,0.17962832,0
1505517377,21513179,3149.99,0.12000000,0
1505517377,21513178,3149.98,0.01219737,0
1505517350,21513159,3150.00,0.01222000,0
1505517345,21513156,3150.00,0.60800000,0
1505517345,21513155,3149.99,0.13000000,0
1505517341,21513153,3150.00,0.70060526,0
1505517341,21513152,3149.99,0.02439474,0
1505517336,21513150,3150.00,0.55200000,0
1505517329,21513138,3149.99,0.14000000,0
1505517304,21513115,3150.00,0.56100000,0
1505517304,21513113,3149.99,0.15000000,0
1505517296,21513103,3150.00,0.20090502,0
1505517296,21513102,3149.99,0.16000000,0
1505517278,21513082,3149.99,0.01700000,0
1505517270,21513075,3149.99,0.03873287,0
1505517270,21513074,3148.00,0.05642550,0
1505517260,21513057,3148.00,0.16000000,0
1505517252,21513045,3148.00,0.09350261,0
1505517245,21513038,3139.29,0.02941296,0
1505517243,21513037,3139.29,0.01948344,0
1505517238,21513027,3139.29,0.04235882,0
1505517231,21513024,3148.00,0.24265728,0
1505517231,21513023,3147.99,0.18000000,0
1505517228,21513022,3139.29,0.04220604,1
1505517228,21513021,3140.02,0.03886934,1
1505517228,21513020,3142.50,0.00000018,1
1505517194,21512948,3148.00,0.59052096,0
1505517171,21512888,3148.00,0.02665591,0
1505517159,21512822,3148.00,0.04836058,0
1505517154,21512808,3148.00,0.19424293,0
1505517153,21512807,3148.00,0.00291000,0
1505517152,21512805,3148.00,0.04250317,0
1505517151,21512800,3148.00,0.04242647,0
1505517149,21512791,3148.00,0.05429536,0
1505517134,21512746,3148.00,0.05793000,0
1505517113,21512642,3148.00,0.02900000,0
1505517109,21512636,3148.00,0.22030000,0
1505517108,21512635,3148.00,0.02158000,0
1505517105,21512629,3148.00,0.02679909,0
1505517099,21512619,3148.00,0.01569914,0
1505517094,21512605,3148.00,0.07419100,0
1505517094,21512604,3147.99,0.18000000,0
1505517087,21512596,3142.50,0.04861361,1
1505517087,21512595,3142.79,0.04541439,1
1505517087,21512594,3149.87,0.00170000,1
1505517073,21512579,3149.97,0.05063066,0
1505517072,21512578,3149.97,0.04650197,0
1505517072,21512577,3149.97,0.10568836,0
1505517071,21512574,3149.97,0.01174205,0
1505517051,21512534,3150.00,0.03801361,0
1505517051,21512533,3149.99,0.19000000,0
1505517045,21512523,3148.25,0.18160556,0
1505517041,21512488,3150.00,0.01286621,0
1505517041,21512486,3150.00,0.31908928,0
1505517041,21512485,3149.78,0.18230120,0
1505517041,21512484,3149.77,0.20000000,0
1505517041,21512483,3149.00,0.07646481,0
1505517039,21512481,3149.00,0.08886000,0
1505517032,21512455,3149.00,0.01017057,0
1505517029,21512442,3149.00,0.28456940,0
1505517028,21512434,3149.00,0.01038107,0
1505517025,21512427,3149.00,0.40206415,1
1505517024,21512423,3149.78,0.01697776,0
1505517002,21512349,3149.83,0.41484161,0
1505517002,21512348,3149.80,0.68866606,0
1505516990,21512332,3149.87,0.09343243,0
1505516986,21512329,3149.00,0.24498253,0
1505516983,21512318,3149.42,0.02332897,1
1505516983,21512316,3149.42,0.03168850,1
1505516981,21512309,3149.84,0.21178901,0
1505516975,21512307,3149.97,0.03303000,0
1505516975,21512306,3149.87,0.03000000,0
1505516970,21512301,3149.88,0.04853122,0
1505516965,21512293,3149.95,0.07053108,0
1505516960,21512284,3149.99,0.00125397,0
1505516960,21512283,3149.98,0.04000000,0
1505516960,21512282,3149.98,0.19000000,0
1505516955,21512273,3149.99,0.04859800,0
1505516955,21512270,3149.99,0.02891837,0
1505516954,21512269,3149.99,0.20807712,0
1505516954,21512266,3149.99,0.10769135,0
1505516954,21512262,3149.99,0.26299255,0
1505516950,21512258,3149.96,0.00957493,0
1505516944,21512253,3150.00,1.49782000,0
1505516941,21512243,3150.00,0.41545397,0
1505516941,21512241,3150.00,0.76970793,0
1505516939,21512228,3150.00,0.48480855,0
1505516939,21512224,3149.91,0.28519145,0
1505516938,21512214,3150.00,1.85687527,0
1505516936,21512208,3149.99,0.02537190,0
1505516935,21512205,3150.00,0.08279321,0
1505516935,21512203,3150.00,0.68500000,0
1505516934,21512202,3149.97,0.01943892,0
1505516933,21512199,3150.00,0.28000000,0
1505516932,21512198,3150.02,0.33900636,1
1505516932,21512197,3157.52,0.02800000,1
1505516924,21512149,3157.51,0.03877372,0
1505516924,21512148,3157.51,0.18254724,0
1505516923,21512143,3157.51,0.01600000,1
1505516923,21512142,3157.52,0.02500000,1
1505516921,21512138,3175.66,0.18150236,0
1505516921,21512137,3175.66,0.11710212,0
1505516921,21512135,3172.05,0.03000000,0
1505516921,21512133,3167.83,0.07048881,0
1505516920,21512130,3164.37,0.03923060,0
1505516920,21512129,3164.30,0.12134310,0
1505516920,21512128,3164.30,0.08516058,0
1505516920,21512126,3164.30,0.07266994,0
1505516919,21512121,3164.30,0.09211582,0
1505516917,21512108,3164.34,0.15492092,0
1505516914,21512073,3164.34,0.00968585,0
1505516913,21512072,3164.34,0.01731415,0
1505516913,21512070,3157.52,0.00774570,0
1505516913,21512069,3157.52,0.01118650,0
1505516910,21512063,3157.52,0.63583300,0
1505516909,21512062,3157.52,0.10000000,0
1505516906,21512059,3157.51,0.01600000,0
1505516901,21512051,3157.52,0.02495800,0
1505516900,21512049,3157.52,0.09278680,0
1505516891,21512027,3157.53,0.02182520,0
1505516890,21512025,3157.53,0.02937170,0
1505516889,21512016,3157.53,0.03120130,0
1505516889,21512010,3157.53,0.02482000,0
1505516877,21511984,3176.29,0.17655095,0
1505516877,21511983,3176.29,0.23453630,0
1505516874,21511976,3164.42,0.74978559,0
1505516873,21511973,3164.42,0.05032240,0
1505516872,21511968,3164.42,0.02522545,0
1505516871,21511960,3164.43,0.01418944,1
1505516869,21511959,3176.30,0.04000000,0
1505516867,21511955,3176.30,0.18000000,0
1505516867,21511954,3173.64,0.04034510,0
1505516861,21511943,3176.33,0.43924272,1
1505516858,21511933,3176.33,0.21185564,1
1505516858,21511932,3176.33,0.17230164,0
1505516858,21511931,3157.54,0.81591456,0
1505516857,21511930,3157.54,0.02822111,1
1505516857,21511929,3157.59,0.02837433,1
1505516846,21511923,3176.37,0.08814436,0
1505516840,21511916,3185.90,0.10955773,1
1505516839,21511911,3176.38,0.11649426,1
1505516838,21511910,3157.54,0.04861379,1
1505516833,21511902,3191.49,0.05919732,0
1505516833,21511901,3181.18,0.01565620,0
1505516832,21511899,3191.49,0.00487945,0
1505516832,21511898,3179.65,0.02292182,0
1505516831,21511893,3191.44,0.07631215,0
1505516818,21511883,3151.30,0.04874362,1
1505516817,21511874,3149.13,0.13750398,1
1505516817,21511873,3149.13,0.17666783,1
1505516817,21511872,3149.13,0.02333217,0
1505516816,21511869,3164.14,0.06249602,1
1505516816,21511867,3164.14,0.20000000,1
1505516816,21511866,3164.14,0.12750398,1
1505516816,21511865,3164.14,0.05649602,1
1505516816,21511864,3164.14,0.01600000,1
1505516815,21511862,3164.17,0.20000000,1
1505516808,21511845,3196.58,0.39765954,0
1505516808,21511844,3190.11,0.03000000,0
1505516808,21511843,3190.06,0.02315944,0
1505516807,21511841,3190.05,0.09000000,0
1505516807,21511839,3190.04,0.04191784,0
1505516805,21511834,3131.27,8.37234085,1
1505516805,21511833,3133.27,0.00795654,1
1505516805,21511832,3138.07,5.30000000,1
1505516805,21511831,3139.42,0.04864876,1
1505516805,21511830,3142.00,0.13595212,1
1505516804,21511829,3142.20,2.66460000,1
1505516804,21511828,3145.23,0.04870855,1
1505516804,21511827,3145.33,0.87251000,1
1505516804,21511826,3146.56,0.00000592,1
1505516804,21511824,3146.56,0.04870263,1
1505516803,21511823,3148.94,0.00316614,1
1505516803,21511822,3149.43,5.30000000,1
1505516803,21511821,3150.00,0.90000000,1
1505516803,21511820,3150.00,0.10000000,1
1505516803,21511819,3150.00,6.62556992,1
1505516803,21511818,3150.00,0.20000000,1
1505516803,21511817,3150.00,0.00200000,1
1505516803,21511816,3150.00,0.53518864,1
1505516802,21511815,3150.01,0.39136702,1
1505516802,21511814,3150.02,0.39137132,1
1505516802,21511813,3156.00,0.05011204,1
1505516802,21511812,3156.52,0.20000000,1
1505516802,21511811,3156.52,0.03161722,1
1505516802,21511810,3156.92,0.70000000,1
1505516802,21511809,3160.13,0.80000000,1
1505516802,21511808,3161.77,3.27778428,1
1505516802,21511807,3163.33,0.91000000,1
1505516801,21511806,3163.94,0.16104790,1
1505516801,21511805,3164.01,1.02038127,1
1505516801,21511804,3164.02,0.08021327,1
1505516801,21511803,3164.03,0.07075561,1
1505516801,21511802,3164.09,0.45000000,1
1505516801,21511801,3164.13,0.30000000,1
1505516790,21511794,3190.07,0.03049467,0
1505516770,21511783,3187.58,0.01470009,0
1505516759,21511777,3190.10,0.16006400,0
1505516759,21511776,3189.00,0.15000000,0
1505516752,21511772,3188.99,0.18436525,0
1505516752,21511771,3188.99,0.12000000,0
1505516752,21511770,3188.00,0.01996064,0
1505516752,21511769,3188.00,0.00003936,0
1505516751,21511768,3187.58,0.05630604,0
1505516728,21511742,3187.68,0.00870714,0
1505516711,21511714,3187.77,0.14604573,0
1505516711,21511713,3183.28,0.00284120,0
1505516711,21511712,3180.08,0.02500000,0
1505516704,21511704,3183.28,0.02608944,1
1505516696,21511694,3187.89,0.10317040,0
1505516696,21511693,3187.79,0.03000000,0
1505516694,21511691,3187.84,0.14146092,1
1505516694,21511690,3187.84,0.15946525,1
1505516693,21511689,3187.83,0.02324041,0
1505516693,21511688,3187.83,0.03462086,0
1505516693,21511687,3187.80,0.14309583,0
1505516692,21511686,3187.80,0.10541293,0
1505516685,21511682,3176.50,0.13000000,0
1505516682,21511674,3156.53,0.20000000,0
1505516682,21511672,3156.53,0.44000000,0
1505516681,21511669,3156.55,0.19986000,0
1505516681,21511666,3166.61,0.00014000,0
1505516680,21511663,3166.52,0.20000000,0
1505516680,21511660,3156.52,0.11212495,0
1505516680,21511659,3156.52,0.08787505,0
1505516667,21511647,3155.27,0.04864876,1
1505516658,21511641,3155.08,0.11461035,1
1505516658,21511640,3160.23,0.18527350,1
1505516658,21511639,3160.24,0.08000000,1
1505516658,21511638,3166.54,0.01000000,1
1505516658,21511637,3170.89,0.00943584,1
1505516658,21511636,3170.93,0.42000000,1
1505516658,21511635,3174.23,0.04819451,1
1505516658,21511634,3174.71,0.04826876,1
1505516658,21511633,3175.34,0.05420040,1
1505516658,21511632,3176.14,0.02178154,1
1505516657,21511631,3178.00,0.00200000,1
1505516627,21511598,3188.80,0.01728245,0
1505516626,21511593,3188.86,0.01455000,0
1505516566,21511516,3189.49,0.03440690,0
1505516565,21511515,3189.48,0.01600000,0
1505516532,21511480,3189.69,0.05030980,0
1505516514,21511444,3189.80,0.01360191,0
1505516511,21511439,3189.81,0.18783564,0
1505516505,21511426,3193.61,0.05020019,1
1505516504,21511424,3193.61,0.02500312,1
1505516503,21511418,3193.61,0.02615007,0
1505516503,21511415,3193.61,0.02500000,0
1505516503,21511412,3189.82,0.03270127,0
1505516498,21511404,3178.01,0.11102932,0
1505516498,21511403,3178.01,0.03519990,0
1505516498,21511402,3178.02,0.04319314,1
1505516497,21511401,3181.97,0.00157764,1
1505516497,21511398,3185.00,0.00200000,1
1505516497,21511396,3185.00,0.00700000,1
1505516478,21511381,3185.01,0.04819451,1
1505516473,21511379,3185.01,0.12840346,1
1505516473,21511378,3185.69,0.04803374,1
1505516473,21511377,3186.61,0.02356280,1
1505516462,21511368,3192.59,0.04757518,0
1505516454,21511362,3192.60,0.20000000,0
1505516453,21511361,3194.77,0.00157132,1
1505516453,21511359,3195.00,0.00000092,1
1505516439,21511324,3204.48,0.00310563,0
1505516438,21511320,3195.00,0.05999908,1
1505516438,21511318,3195.02,0.00000092,1
1505516438,21511316,3195.02,0.04689173,1
1505516428,21511290,3204.54,0.02751006,0
1505516422,21511278,3195.01,0.01255569,1
1505516422,21511276,3195.08,0.09355612,1
1505516422,21511275,3195.29,0.09388819,1
1505516407,21511258,3195.27,0.00231667,1
1505516407,21511257,3195.27,0.01268340,1
1505516405,21511254,3204.55,0.02863741,0
1505516402,21511249,3204.58,0.01400000,0
1505516401,21511247,3204.55,0.29727481,1
1505516397,21511241,3204.55,0.14272519,1
1505516395,21511238,3204.58,0.02700000,0
1505516390,21511226,3210.00,0.33457091,1
1505516380,21511216,3210.00,0.38418878,1
1505516352,21511203,3221.11,0.01154854,0
1505516352,21511202,3221.10,0.08000000,0
1505516340,21511191,3204.70,0.07341513,1
1505516340,21511190,3205.29,0.00156616,1
1505516277,21511103,3216.66,0.30489978,0
1505516266,21511085,3221.40,0.01000572,1
1505516265,21511075,3221.40,0.71496354,1
1505516264,21511072,3220.29,0.08000000,0
1505516249,21511057,3221.39,0.00550656,1
1505516248,21511055,3220.39,0.52398191,1
1505516247,21511053,3220.39,0.09000000,0
1505516232,21511027,3221.40,0.00634312,0
1505516230,21511023,3220.58,0.01390688,0
1505516227,21511019,3220.50,0.28138187,0
1505516223,21511016,3220.55,0.05896239,0
1505516222,21511015,3220.55,0.16350243,0
1505516217,21511011,3220.58,0.01238907,0
1505516211,21510993,3220.58,0.11481139,0
1505516206,21510979,3221.40,0.09290200,0
1505516204,21510971,3221.41,0.24413644,0
1505516195,21510963,3201.23,0.27960513,1
1505516192,21510957,3221.50,0.04748547,0
1505516188,21510950,3221.48,0.36065426,0
1505516188,21510947,3221.47,0.05000000,0
1505516184,21510928,3195.65,0.08658244,1
1505516184,21510927,3195.65,0.10298513,1
1505516183,21510926,3195.65,0.07638192,1
1505516183,21510925,3195.65,0.29063295,1
1505516183,21510924,3195.68,0.00532270,1
1505516182,21510922,3195.68,0.29467730,0
1505516179,21510917,3195.69,0.60192270,1
1505516175,21510902,3221.50,0.73598649,0
1505516175,21510900,3221.50,0.03822570,1
1505516175,21510895,3221.49,0.06000000,0
1505516173,21510890,3221.48,0.23584300,0
1505516166,21510880,3195.67,0.04803374,1
1505516164,21510874,3221.49,0.02038136,0
1505516109,21510800,3194.95,0.02000000,1
1505516107,21510797,3194.92,0.00250000,1
1505516107,21510796,3198.16,0.01750000,1
1505516105,21510793,3217.29,0.02852400,0
1505516104,21510791,3217.29,0.01518443,0
1505516104,21510790,3194.89,0.02000000,1
1505516100,21510789,3194.88,0.02000000,1
1505516098,21510788,3194.88,0.02000000,1
1505516096,21510787,3194.91,0.02000000,1
1505516093,21510786,3194.88,0.02000000,1
1505516090,21510782,3194.88,0.02000000,1
1505516088,21510781,3194.84,0.02000000,1
1505516085,21510780,3194.83,0.02000000,1
1505516083,21510778,3194.83,0.00400000,1
1505516083,21510776,3194.87,0.01600000,1
1505516080,21510775,3194.90,0.02000000,1
1505516075,21510771,3194.83,0.02000000,1
1505516073,21510766,3213.33,0.21208357,1
1505516073,21510764,3213.33,0.01169363,1
1505516068,21510759,3194.74,0.08053823,1
1505516067,21510757,3194.74,0.05737324,1
1505516065,21510754,3207.57,0.02726121,0
1505516065,21510752,3206.62,0.12595800,0
1505516062,21510746,3194.74,0.02000000,1
1505516060,21510736,3194.70,0.02000000,1
1505516058,21510726,3217.30,0.05471403,0
1505516058,21510725,3217.30,0.12847601,1
1505516058,21510724,3217.30,0.04851720,1
1505516057,21510719,3217.29,0.21975596,0
1505516057,21510717,3217.29,0.02000000,1
1505516057,21510716,3213.81,0.01590000,0
1505516057,21510714,3212.88,0.00157663,0
1505516056,21510713,3212.88,0.03859830,1
1505516056,21510712,3212.11,0.07000000,0
1505516056,21510709,3212.07,0.01249561,0
1505516055,21510708,3212.04,0.51885175,0
1505516054,21510705,3194.73,0.02000000,1
1505516052,21510702,3194.70,0.02000000,1
1505516049,21510695,3194.70,0.02000000,1
1505516046,21510691,3194.69,0.02000000,1
1505516044,21510687,3194.70,0.02000000,1
1505516041,21510683,3194.70,0.00410000,1
1505516041,21510682,3194.70,0.01590000,1
1505516038,21510677,3194.73,0.02000000,1
1505516030,21510645,3185.41,0.20000000,0
1505516020,21510592,3185.29,0.04826876,1
1505515996,21510571,3185.23,0.01400000,1
1505515983,21510562,3185.08,0.03200000,1
1505515982,21510561,3203.33,0.22447466,1
1505515981,21510560,3211.40,0.06882359,0
1505515975,21510556,3208.89,0.01821686,0
1505515975,21510554,3199.41,0.11474804,0
1505515975,21510553,3199.41,0.00200000,1
1505515973,21510548,3208.89,0.09405359,1
1505515973,21510547,3208.89,0.20220033,1
1505515972,21510546,3208.87,0.02000000,0
1505515972,21510545,3206.46,0.00157981,0
1505515972,21510544,3205.14,0.01198970,1
1505515971,21510543,3205.14,0.22557525,1
1505515971,21510541,3205.04,0.09000000,0
1505515971,21510540,3205.00,0.22557525,0
1505515969,21510539,3199.41,0.12902607,0
1505515959,21510535,3180.01,0.20000000,0
1505515959,21510534,3180.01,0.20000000,0
1505515944,21510524,3199.40,0.14823518,0
1505515940,21510522,3178.22,0.02000000,1
1505515936,21510516,3205.40,0.19938229,0
1505515936,21510515,3205.40,0.09615648,0
1505515935,21510510,3205.39,0.12817577,1
1505515935,21510509,3205.39,0.22433151,1
1505515935,21510508,3205.39,0.22744502,1
1505515935,21510507,3198.11,0.02500556,1
1505515932,21510503,3205.40,0.28074720,0
1505515932,21510500,3203.45,0.03000000,0
1505515932,21510499,3203.45,0.17785484,1
1505515932,21510498,3200.04,0.00157823,0
1505515931,21510497,3199.41,0.12993735,0
1505515931,21510496,3198.74,0.02027632,0
1505515931,21510495,3198.73,0.09000000,1
1505515930,21510494,3196.97,0.03659453,0
1505515930,21510493,3194.00,0.04694593,0
1505515930,21510492,3194.00,0.04692715,0
1505515930,21510490,3194.00,0.01600000,1
1505515929,21510487,3192.66,0.10853959,0
1505515924,21510484,3192.67,0.01079293,0
1505515924,21510483,3185.00,0.00000549,0
1505515905,21510473,3185.00,0.11777700,0
1505515881,21510470,3185.00,0.76100000,0
1505515842,21510458,3185.00,0.19159670,0
1505515842,21510457,3184.00,0.07451213,0
1505515821,21510445,3184.00,0.17078969,0
1505515704,21510368,3184.82,0.02955001,0
1505515683,21510328,3184.84,0.01471855,0
1505515585,21510251,3184.92,0.02955628,0
1505515583,21510247,3184.98,0.01897782,0
1505515484,21510161,3184.89,0.02936486,0
1505515469,21510153,3185.00,0.29051510,0
1505515468,21510151,3184.99,0.11000000,0
1505515468,21510150,3184.99,0.59948490,0
1505515459,21510147,3182.85,0.30225839,0
1505515431,21510132,3183.00,0.29260485,1
1505515428,21510131,3183.00,0.26924000,1
1505515412,21510106,3183.00,0.23956734,1
1505515405,21510086,3183.00,0.01623801,1
1505515404,21510083,3185.00,0.17637777,0
1505515404,21510082,3184.95,0.12000000,0
1505515399,21510077,3183.00,0.05000000,1
1505515396,21510075,3183.00,0.05000000,1
1505515389,21510070,3183.00,0.05000000,1
1505515387,21510060,3184.99,0.02924804,0
1505515363,21510042,3185.00,0.03697485,0
1505515362,21510041,3185.00,0.15318681,0
1505515362,21510040,3184.99,0.16000000,0
1505515351,21510034,3184.99,0.03794455,0
1505515351,21510033,3184.97,0.01222211,0
1505515341,21510028,3184.98,0.02572244,0
1505515341,21510027,3184.97,0.02444422,0
1505515323,21510013,3184.98,0.00878471,0
1505515318,21510007,3183.00,0.10000000,1
1505515313,21509996,3183.00,0.04300000,1
1505515307,21509995,3184.99,0.07093202,0
1505515302,21509992,3184.99,0.11763028,0
1505515302,21509991,3184.98,0.05767315,0
1505515279,21509955,3184.79,0.06168881,0
1505515249,21509916,3182.69,0.00013597,1
1505515245,21509913,3184.87,0.01516766,0
1505515234,21509907,3182.69,0.02500000,1
1505515225,21509894,3161.11,1.68679990,0
1505515225,21509893,3161.11,0.06000000,1
1505515225,21509892,3168.54,0.02001183,0
1505515224,21509891,3168.58,0.28000000,1
1505515224,21509890,3168.62,0.61146880,1
1505515224,21509889,3168.62,0.10831961,1
1505515222,21509887,3168.65,0.92039283,1
1505515205,21509865,3184.98,0.13401892,0
1505515204,21509862,3184.98,0.03694043,0
1505515189,21509853,3185.00,0.10536577,0
1505515187,21509852,3184.99,0.08975000,0
1505515183,21509844,3184.99,0.10025000,0
1505515166,21509836,3182.60,0.13844579,0
1505515150,21509828,3182.63,0.05244228,0
1505515149,21509826,3182.63,0.09588601,0
1505515149,21509825,3179.00,0.05000000,0
1505515149,21509824,3179.00,0.09881780,0
1505515140,21509816,3179.00,0.02372740,0
1505515140,21509815,3179.00,0.02372740,0
1505515139,21509814,3179.00,0.02372740,0
1505515107,21509790,3182.69,0.08107556,0
1505515103,21509787,3182.70,0.01025000,0
1505515084,21509774,3182.71,0.06705000,0
1505515063,21509768,3182.71,0.00910591,0
1505515059,21509765,3182.71,0.12561767,0
1505515059,21509764,3182.71,1.07462049,0
1505515054,21509755,3182.71,0.13489853,0
1505515054,21509754,3182.71,0.17460009,0
1505515023,21509746,3166.18,0.05760717,1
1505514996,21509719,3181.14,0.03500000,0
1505514988,21509714,3182.79,0.03000000,0
1505514987,21509713,3182.79,0.00500000,0
1505514986,21509711,3182.79,0.30743789,0
1505514984,21509710,3182.79,0.03080237,0
1505514982,21509708,3165.57,0.02200000,1
1505514982,21509707,3182.79,0.12584475,0
1505514982,21509706,3182.16,0.02500000,0
1505514982,21509705,3182.16,0.01000000,0
1505514978,21509694,3182.79,0.02790733,0
1505514972,21509687,3180.57,0.01400480,0
1505514971,21509685,3180.00,0.10000000,0
1505514967,21509673,3180.00,0.01841211,0
1505514962,21509668,3180.00,0.00658789,1
1505514961,21509665,3182.82,0.10030000,0
1505514960,21509663,3182.82,0.01795761,0
1505514960,21509662,3182.81,0.02476209,0
1505514958,21509653,3180.00,0.05600330,0
1505514955,21509643,3176.61,0.02000000,1
1505514950,21509628,3180.00,0.02466203,0
1505514950,21509627,3179.29,0.00439957,0
1505514950,21509625,3179.29,0.02060043,1
1505514945,21509607,3178.87,0.00948247,0
1505514944,21509602,3178.87,0.02906160,0
1505514933,21509582,3178.87,0.10803447,0
1505514925,21509578,3152.49,0.14657854,1
1505514919,21509572,3178.79,0.30791894,0
1505514911,21509570,3178.83,0.14289566,0
1505514902,21509559,3179.00,0.00878241,0
1505514884,21509540,3179.25,0.01772991,0
1505514865,21509497,3179.29,0.05025000,0
1505514863,21509496,3156.67,0.03000000,1
1505514844,21509464,3156.60,0.01013375,1
1505514843,21509463,3156.60,0.00000703,1
1505514843,21509462,3156.60,0.10782017,1
1505514839,21509460,3156.60,0.05542891,1
1505514828,21509450,3179.79,0.01450968,0
1505514828,21509449,3175.01,0.04000000,0
1505514827,21509447,3156.53,0.04870855,1
1505514826,21509446,3174.98,0.00903910,0
1505514825,21509444,3156.53,0.00000592,0
1505514824,21509440,3156.53,0.04870263,0
1505514821,21509435,3156.48,0.01111520,1
1505514821,21509434,3156.53,0.18000000,1
1505514819,21509428,3156.52,0.01474554,1
1505514815,21509418,3156.51,0.01600000,0
1505514813,21509408,3166.36,0.01111520,1
1505514809,21509391,3180.00,1.71047287,1
1505514808,21509389,3180.00,0.12232662,1
1505514805,21509383,3183.02,0.35255075,0
1505514798,21509368,3183.18,0.00863817,0
1505514792,21509352,3175.63,0.00314000,1
1505514789,21509335,3166.36,0.00698480,1
1505514767,21509316,3183.66,0.61698606,0
1505514754,21509304,3158.69,0.23103651,1
1505514745,21509290,3187.61,0.22157572,1
1505514745,21509288,3187.61,0.00713796,1
1505514741,21509284,3133.91,1.34326758,1
1505514741,21509283,3134.00,0.10045658,1
1505514741,21509282,3134.00,0.32037737,0
1505514741,21509281,3139.24,0.03000000,1
1505514740,21509280,3144.51,0.87251000,1
1505514740,21509279,3144.51,2.00000000,0
1505514740,21509278,3150.00,0.00200000,1
1505514740,21509277,3150.01,0.03000000,1
1505514739,21509275,3158.40,0.69016641,1
1505514739,21509273,3161.67,0.04799223,1
1505514739,21509272,3161.67,0.04801511,1
1505514738,21509269,3161.68,0.15000000,1
1505514738,21509268,3163.59,0.02700000,1
1505514732,21509265,3188.70,1.10035947,0
1505514732,21509264,3188.67,0.09800000,0
1505514732,21509263,3180.00,0.06857086,0
1505514732,21509262,3178.71,0.23830042,0
1505514732,21509261,3178.67,0.23622500,0
1505514732,21509260,3177.61,0.05919028,0
1505514732,21509259,3177.56,0.26000000,0
1505514732,21509258,3177.53,0.40858431,0
1505514729,21509256,3161.77,0.24000000,1
1505514704,21509241,3177.54,0.00881969,0
1505514695,21509223,3161.67,0.04799223,0
1505514691,21509218,3175.00,0.00200777,1
1505514690,21509217,3175.00,0.37500000,1
1505514681,21509209,3178.71,0.10882273,0
1505514681,21509208,3178.71,0.03834656,0
1505514679,21509201,3177.61,0.22632419,0
1505514679,21509200,3175.00,0.01000000,1
1505514678,21509198,3175.00,0.05000000,1
1505514675,21509192,3178.71,0.04240714,0
1505514675,21509190,3178.69,0.18694829,0
1505514675,21509189,3178.69,0.05387736,0
1505514674,21509187,3178.69,0.00000314,0
1505514674,21509186,3178.69,0.22935548,0
1505514674,21509185,3177.61,0.22628957,1
1505514668,21509179,3178.67,0.01536817,0
1505514667,21509178,3178.67,0.02687980,0
1505514667,21509176,3178.66,0.01227430,0
1505514667,21509175,3174.30,0.01000000,0
1505514666,21509173,3172.55,0.16777795,0
1505514666,21509172,3172.55,0.01698330,0
1505514666,21509171,3172.49,0.36322437,0
1505514665,21509170,3172.36,0.07000000,1
1505514665,21509169,3172.36,0.01000000,0
1505514654,21509150,3170.04,0.40135370,0
1505514650,21509136,3164.33,0.01474554,0
1505514643,21509121,3157.81,0.15014634,1
1505514642,21509119,3157.81,0.47176680,1
1505514642,21509118,3157.81,0.24985615,1
1505514642,21509116,3157.81,0.53483826,1
1505514641,21509113,3157.82,0.44371224,1
1505514637,21509108,3157.80,0.03000000,1
1505514630,21509091,3157.95,0.01984602,1
1505514630,21509090,3164.27,0.00015398,1
1505514628,21509082,3164.27,0.10000000,0
1505514620,21509053,3164.26,0.07462793,0
1505514615,21509045,3164.26,0.05884146,0
1505514615,21509042,3164.26,0.04179641,0
1505514615,21509038,3164.26,0.43660792,0
1505514614,21509036,3164.26,0.13530697,0
1505514613,21509026,3163.00,0.20000000,0
1505514610,21509013,3164.25,0.17690338,0
1505514604,21508981,3164.27,0.24417331,0
1505514602,21508971,3164.27,0.00540069,0
1505514602,21508970,3164.27,0.22500000,1
1505514601,21508966,3164.27,0.06230702,0
1505514600,21508959,3164.24,0.22700711,0
1505514598,21508947,3155.00,0.00775007,0
1505514581,21508918,3164.33,0.14013842,0
1505514577,21508909,3165.04,0.22719144,1
1505514577,21508908,3165.04,0.22719144,1
1505514577,21508907,3165.04,0.22719144,1
1505514575,21508906,3167.98,0.21081542,0
1505514575,21508905,3167.91,0.01610000,0
1505514571,21508889,3133.91,2.03236383,1
1505514571,21508887,3133.92,0.02540279,1
1505514567,21508877,3146.21,0.01406897,1
1505514567,21508876,3167.97,0.02502724,0
1505514565,21508867,3167.92,0.21952856,0
1505514562,21508862,3133.92,0.30761925,1
1505514560,21508860,3133.92,0.30129495,0
1505514560,21508859,3133.92,0.09130206,0
1505514560,21508856,3133.92,0.01610000,1
1505514560,21508854,3133.92,0.20021719,1
1505514558,21508847,3133.91,1.46822320,1
1505514558,21508846,3169.83,0.04803090,1
1505514557,21508845,3169.83,0.01590000,0
1505514557,21508844,3168.44,0.06000000,0
1505514555,21508834,3122.61,0.47230162,1
1505514555,21508832,3122.62,0.27447367,1
1505514555,21508831,3122.70,2.00000000,1
1505514555,21508830,3130.55,0.22750843,1
1505514554,21508824,3169.95,0.19823415,0
1505514554,21508823,3169.84,0.08314585,0
1505514554,21508822,3168.45,0.03700000,0
1505514553,21508821,3122.62,0.13000000,1
1505514553,21508820,3122.62,0.12052633,1
1505514553,21508819,3128.00,0.01401000,1
1505514553,21508818,3128.00,0.00841000,1
1505514553,21508817,3128.00,0.00841000,1
1505514553,21508816,3128.00,0.01590000,0
1505514553,21508814,3128.00,0.00830912,0
1505514553,21508813,3128.00,0.04900000,0
1505514552,21508811,3128.00,0.14436244,0
1505514552,21508810,3128.00,0.08314599,0
1505514552,21508809,3130.55,0.04890453,0
1505514551,21508808,3137.12,0.22704367,0
1505514551,21508804,3141.45,0.00833908,1
1505514551,21508803,3143.88,0.11109547,1
1505514550,21508802,3143.88,0.04890453,1
1505514549,21508799,3168.42,0.23128635,0
1505514540,21508788,3137.12,0.08504406,0
1505514540,21508787,3137.12,0.23245326,0
1505514540,21508784,3131.38,0.00015318,0
1505514537,21508772,3137.12,0.07331884,1
1505514536,21508771,3137.13,0.02000000,1
1505514536,21508770,3140.00,0.00200000,1
1505514536,21508769,3141.05,0.00635138,1
1505514536,21508768,3143.19,0.01201485,1
1505514535,21508764,3141.18,0.00015270,0
1505514533,21508753,3142.00,0.06000000,1
1505514533,21508752,3147.00,0.03800485,1
1505514533,21508750,3151.01,0.00914103,1
1505514532,21508746,3151.01,0.04879387,1
1505514532,21508740,3151.01,0.02455100,1
1505514531,21508736,3151.00,0.02751410,0
1505514530,21508735,3151.00,0.42278390,1
1505514530,21508733,3151.00,0.02000000,1
1505514529,21508729,3151.00,0.05721610,1
1505514529,21508724,3156.79,0.04855396,1
1505514529,21508720,3156.80,0.02000000,1
1505514528,21508718,3157.00,0.05000000,1
1505514528,21508713,3157.09,0.02422994,1
1505514528,21508710,3157.09,0.02000000,1
1505514527,21508701,3157.09,0.02000000,1
1505514526,21508698,3157.10,0.03511499,0
1505514526,21508696,3157.10,0.05604413,0
1505514526,21508695,3157.10,0.02752088,0
1505514525,21508693,3157.10,0.08663182,1
1505514525,21508689,3157.10,0.02598041,1
1505514524,21508683,3157.10,0.00738777,1
1505514524,21508680,3159.52,0.04850096,1
1505514523,21508678,3169.00,0.01325572,1
1505514523,21508676,3169.00,0.01800000,1
1505514523,21508673,3170.00,0.00200000,1
1505514522,21508664,3170.04,0.11560678,1
1505514522,21508660,3170.04,0.03376659,1
1505514522,21508658,3170.04,0.02746918,1
1505514521,21508655,3170.04,0.04186152,1
1505514521,21508654,3170.04,0.03126996,1
1505514521,21508652,3170.04,0.04850096,1
1505514520,21508648,3170.04,0.12584654,1
1505514519,21508647,3170.04,0.50318304,1
1505514519,21508645,3170.04,0.29759333,1
1505514519,21508642,3170.04,0.02000000,1
1505514518,21508639,3170.04,4.30861950,1
1505514518,21508638,3170.79,0.04831790,1
1505514518,21508637,3171.27,0.00629086,1
1505514518,21508636,3172.01,0.00004772,1
1505514518,21508635,3172.32,1.59900000,1
1505514518,21508634,3172.36,0.03772402,1
1505514517,21508631,3172.36,0.02849305,1
1505514517,21508630,3172.36,0.40854352,1
1505514516,21508628,3172.36,0.03523950,1
1505514515,21508623,3172.36,1.08899991,1
1505514515,21508622,3172.36,0.73651916,1
1505514515,21508620,3172.36,0.24570200,1
1505514515,21508619,3172.36,0.02000000,1
1505514514,21508615,3172.36,0.03523950,1
1505514512,21508600,3172.36,0.02000000,1
1505514509,21508578,3172.36,0.04831604,1
1505514506,21508560,3172.36,0.02000000,1
1505514505,21508554,3172.36,0.47322330,1
1505514503,21508544,3172.42,0.52570242,1
1505514503,21508541,3172.42,0.02000000,1
1505514500,21508532,3172.42,0.02000000,1
1505514499,21508528,3172.42,0.52336059,1
1505514498,21508523,3172.42,0.02000000,1
1505514495,21508503,3172.42,0.08609731,1
1505514495,21508499,3172.42,0.02000000,1
1505514494,21508498,3172.42,0.13475021,1
1505514494,21508495,3172.42,0.13016507,1
1505514493,21508490,3172.42,0.11892440,1
1505514488,21508455,3172.49,0.23285287,1
1505514487,21508449,3172.49,0.32301276,1
1505514487,21508447,3172.49,0.10840000,1
1505514485,21508438,3172.50,0.03138160,0
1505514478,21508388,3172.49,0.03583790,1
1505514478,21508385,3172.49,0.01073344,1
1505514477,21508380,3172.49,0.03265790,1
1505514475,21508373,3172.49,0.02000000,1
1505514474,21508362,3172.49,0.83550513,1
1505514474,21508360,3172.51,1.16449487,1
1505514472,21508346,3172.51,0.02000000,1
1505514471,21508342,3172.51,0.41450513,1
1505514470,21508341,3172.53,1.58549487,1
1505514470,21508340,3172.53,0.01350513,1
1505514470,21508339,3172.54,0.00649487,1
1505514468,21508330,3172.54,1.59250513,1
1505514467,21508329,3172.55,0.40749487,1
1505514466,21508324,3172.55,0.02000000,1
1505514465,21508321,3172.57,0.11740328,0
1505514463,21508317,3172.55,1.17150513,1
1505514463,21508316,3172.55,0.82849487,1
1505514460,21508301,3172.55,0.02277640,1
1505514460,21508298,3172.55,0.02000000,1
1505514460,21508295,3172.55,0.06451753,1
1505514459,21508293,3172.55,0.06699565,1
1505514457,21508292,3172.55,0.02000000,1
1505514457,21508291,3172.55,0.57621555,1
1505514457,21508290,3172.57,0.16199345,1
1505514454,21508280,3172.57,0.02479100,1
1505514453,21508276,3172.57,0.02000000,1
1505514451,21508272,3172.57,0.02000000,1
1505514448,21508264,3172.57,0.02000000,1
1505514447,21508262,3172.57,0.10849891,1
1505514447,21508259,3172.57,0.06634521,1
1505514445,21508253,3172.57,0.02000000,1
1505514444,21508245,3172.57,0.84555201,1
1505514443,21508244,3172.57,0.16907881,1
1505514443,21508240,3172.57,0.02000000,1
1505514440,21508223,3172.57,0.12274061,1
1505514440,21508222,3172.60,1.59900000,1
1505514440,21508221,3172.70,0.27825939,1
1505514439,21508219,3172.70,0.02000000,1
1505514439,21508217,3172.70,0.12449831,1
1505514437,21508209,3172.70,1.17624230,1
1505514437,21508208,3172.91,0.82375770,1
1505514436,21508206,3172.91,0.02000000,1
1505514436,21508203,3172.91,0.75524230,1
1505514435,21508201,3172.93,1.59900000,1
1505514435,21508200,3172.95,1.59900000,1
1505514435,21508199,3172.95,1.59900000,1
1505514435,21508192,3172.95,0.44775770,1
1505514434,21508188,3172.95,1.15124230,1
1505514434,21508187,3172.95,0.84875770,1
1505514433,21508184,3172.95,0.02000000,1
1505514431,21508171,3172.95,0.20477800,1
1505514431,21508164,3172.95,0.52546430,1
1505514431,21508161,3172.96,1.47453570,1
1505514430,21508158,3172.96,0.02000000,1
1505514429,21508148,3172.96,0.08446430,1
1505514427,21508143,3172.96,0.02000000,1
1505514425,21508128,3173.01,0.36611842,1
1505514424,21508123,3173.01,0.87251000,1
1505514424,21508122,3173.01,0.02000000,1
1505514423,21508115,3173.01,0.22795476,1
1505514422,21508111,3173.01,0.08518147,1
1505514422,21508107,3173.01,0.00723711,1
1505514421,21508106,3173.01,0.01999824,1
1505514421,21508105,3173.01,0.00000176,1
1505514421,21508103,3173.01,0.45417559,1
1505514418,21508090,3173.01,0.07751840,1
1505514418,21508087,3173.01,1.06730425,1
1505514418,21508084,3173.01,0.28334775,1
1505514417,21508082,3173.01,1.31565225,1
1505514417,21508081,3173.01,0.68434775,1
1505514416,21508077,3173.01,0.38858125,1
1505514416,21508075,3173.01,0.02000000,1
1505514415,21508073,3173.01,0.10912978,1
1505514413,21508057,3173.01,0.02000000,1
1505514412,21508053,3173.01,0.13234754,1
1505514412,21508051,3173.01,0.24459368,1
1505514411,21508050,3173.01,0.91642549,1
1505514411,21508045,3173.01,0.27057451,1
1505514410,21508043,3173.01,0.02000000,1
1505514409,21508038,3173.01,0.39200000,1
1505514409,21508037,3173.03,1.59900000,1
1505514408,21508036,3174.09,0.00900000,1
1505514408,21508035,3174.09,0.00100000,1
1505514408,21508034,3174.14,0.01000000,1
1505514408,21508033,3174.14,0.00900000,1
1505514407,21508030,3174.14,0.00100000,1
1505514407,21508029,3174.14,0.01000000,1
1505514407,21508028,3174.25,0.01000000,1
1505514407,21508026,3174.28,0.01000000,1
1505514407,21508025,3174.30,0.01000000,1
1505514406,21508020,3177.12,0.07269087,0
1505514406,21508016,3174.32,0.01000000,1
1505514405,21508012,3174.33,0.01000000,1
1505514405,21508010,3174.33,0.01000000,1
1505514405,21508007,3174.33,0.01000000,1
1505514405,21508006,3174.33,0.01000000,1
1505514405,21508004,3174.37,0.01000000,1
1505514405,21508003,3174.38,0.01000000,1
1505514405,21508001,3174.38,0.01000000,1
1505514405,21507999,3174.39,0.01000000,1
1505514404,21507998,3174.81,0.04827315,1
1505514404,21507997,3174.82,0.12233197,1
1505514404,21507995,3174.82,0.09766803,1
1505514404,21507994,3177.05,0.02819749,1
1505514404,21507993,3177.05,0.02000000,1
1505514403,21507984,3177.11,0.01124922,1
1505514403,21507983,3178.63,2.21470000,1
1505514403,21507982,3178.63,2.21470000,1
1505514402,21507980,3178.64,0.01817145,1
1505514402,21507977,3178.64,0.00000587,1
1505514402,21507976,3178.64,0.02999600,1
1505514402,21507974,3178.65,2.21470000,1
1505514401,21507972,3178.67,0.91157111,1
1505514401,21507969,3178.67,0.02000000,1
1505514400,21507961,3178.67,1.28312889,1
1505514400,21507960,3178.67,0.71687111,1
1505514398,21507950,3178.67,0.80000000,1
1505514398,21507948,3178.67,0.13500000,1
1505514398,21507947,3178.67,0.02000000,1
1505514397,21507936,3178.67,0.54282889,1
1505514397,21507933,3178.67,2.21470000,1
1505514396,21507929,3178.67,2.75860894,1
1505514396,21507925,3178.68,0.22000000,1
1505514396,21507922,3178.68,2.21470000,1
1505514396,21507920,3178.69,2.25960000,1
1505514396,21507919,3178.70,2.25960000,1
1505514395,21507918,3178.71,0.29996217,1
1505514395,21507917,3178.71,0.30857000,1
1505514395,21507916,3178.71,0.87251000,1
1505514395,21507915,3178.71,0.77855783,1
1505514394,21507914,3178.71,0.22144217,1
1505514394,21507912,3178.71,0.02000000,1
1505514393,21507910,3178.71,0.10087936,1
1505514393,21507908,3178.71,0.04210000,1
1505514392,21507899,3178.71,2.00000000,1
1505514392,21507897,3178.71,0.02000000,1
1505514392,21507894,3178.71,0.59557847,1
1505514391,21507893,3178.71,3.00000000,1
1505514391,21507891,3178.71,3.00000000,1
1505514391,21507890,3178.71,3.00000000,1
1505514390,21507887,3178.71,1.90442153,1
1505514390,21507884,3178.71,0.25596585,1
1505514388,21507876,3178.71,0.06950304,1
1505514387,21507873,3178.71,0.15400000,1
1505514387,21507872,3178.71,0.02000000,1
1505514386,21507870,3178.71,0.10820000,1
1505514386,21507868,3178.71,0.12025489,1
1505514384,21507860,3178.71,0.30274600,1
1505514383,21507853,3178.71,0.02000000,1
1505514381,21507848,3178.74,0.27757654,1
1505514381,21507847,3178.74,0.02495738,1
1505514380,21507842,3178.74,0.02000000,1
1505514378,21507834,3178.74,0.15400000,1
1505514377,21507820,3178.74,0.02000000,1
1505514376,21507811,3178.74,0.84881331,1
1505514373,21507806,3178.74,0.73579172,1
1505514372,21507804,3178.74,0.17846105,1
1505514372,21507803,3178.74,1.82153895,1
1505514371,21507802,3178.74,0.08135195,1
1505514370,21507799,3179.30,0.56076100,0
1505514367,21507795,3178.74,0.30000000,1
1505514367,21507792,3178.74,0.05670910,1
1505514367,21507791,3178.76,0.40329090,1
1505514366,21507789,3178.76,0.51152022,1
1505514365,21507787,3178.76,1.00000000,1
1505514364,21507785,3180.00,0.03019910,0
1505514364,21507784,3178.76,0.78313103,1
1505514362,21507777,3178.76,0.02117730,1
1505514358,21507773,3178.76,0.08055591,1
1505514356,21507767,3178.76,0.02442028,1
1505514356,21507766,3178.76,0.03645952,1
1505514356,21507765,3178.76,0.06425431,1
1505514355,21507761,3178.76,0.07519053,1
1505514355,21507759,3180.00,0.07880947,1
1505514354,21507758,3180.00,0.02000000,1
1505514352,21507754,3180.00,0.21073760,1
1505514350,21507747,3180.00,0.02000000,1
1505514350,21507746,3180.00,0.49674795,1
1505514347,21507737,3180.00,0.02000000,1
1505514347,21507734,3180.00,0.03370498,1
1505514347,21507733,3180.00,0.03120000,1
1505514347,21507730,3180.00,0.00200000,1
1505514346,21507728,3180.78,0.00157823,1
1505514346,21507726,3181.12,0.08451679,1
1505514345,21507722,3181.12,0.76065108,1
1505514344,21507715,3181.12,0.02000000,1
1505514342,21507703,3181.12,0.98604823,1
1505514342,21507702,3181.12,0.02000000,1
1505514340,21507696,3181.12,0.01970420,1
1505514339,21507691,3181.12,0.04331970,1
1505514339,21507690,3181.12,1.04576000,1
1505514339,21507689,3181.12,0.02000000,1
1505514337,21507688,3181.34,0.00015817,1
1505514337,21507686,3181.34,0.05000000,1
1505514336,21507682,3181.34,0.02000000,1
1505514334,21507676,3181.34,0.71700000,1
1505514334,21507675,3181.34,0.11329831,1
1505514333,21507673,3181.34,0.02000000,1
1505514333,21507672,3181.34,0.10822418,1
1505514329,21507663,3181.34,1.97131934,1
1505514329,21507662,3181.61,0.02868066,1
1505514329,21507661,3181.61,0.04819443,1
1505514328,21507659,3181.61,0.02000000,1
1505514327,21507658,3181.61,0.87187577,1
1505514326,21507657,3181.61,0.01124914,1
1505514326,21507656,3181.61,0.02000000,1
1505514325,21507655,3181.61,2.00000000,1
1505514325,21507652,3181.62,0.06063696,0
1505514324,21507651,3181.62,3.00000000,1
1505514324,21507650,3181.63,3.00000000,1
1505514324,21507649,3181.63,3.00000000,1
1505514323,21507648,3181.63,2.36694308,1
1505514322,21507643,3181.63,0.02000000,1
1505514322,21507638,3181.63,0.04817332,1
1505514320,21507632,3181.63,0.56488360,1
1505514320,21507631,3181.72,0.13459890,1
1505514319,21507629,3182.00,0.11100000,1
1505514319,21507628,3182.05,1.18951750,1
1505514319,21507626,3182.05,0.02000000,1
1505514318,21507618,3182.05,0.52396000,1
1505514315,21507611,3182.05,0.02000000,1
1505514312,21507600,3182.05,0.07940746,1
1505514311,21507598,3182.05,0.02000000,1
1505514310,21507597,3182.05,0.04047445,1
1505514309,21507586,3182.05,0.04817469,1
1505514309,21507582,3182.05,0.02000000,1
1505514306,21507574,3182.05,0.02000000,1
1505514305,21507571,3182.05,0.04814800,1
1505514304,21507563,3182.08,0.00875335,0
1505514302,21507559,3182.05,0.02000000,1
1505514301,21507557,3182.05,0.13568800,1
1505514300,21507554,3182.05,0.59331200,1
1505514299,21507552,3182.05,0.04831790,1
1505514299,21507550,3182.05,0.02000000,1
1505514299,21507549,3182.05,0.15300000,1
1505514297,21507538,3182.09,0.04965477,1
1505514297,21507537,3182.09,0.05677200,1
1505514296,21507535,3182.09,0.04817332,1
1505514296,21507534,3182.09,0.02000000,1
1505514296,21507533,3182.09,0.04817300,1
1505514295,21507528,3182.09,0.56152000,1
1505514293,21507517,3182.09,0.13245149,1
1505514293,21507515,3182.09,0.04315887,1
1505514293,21507514,3182.09,0.04817332,1
1505514293,21507513,3182.09,0.02000000,1
1505514290,21507507,3182.09,0.02000000,1
1505514289,21507505,3182.09,1.95192323,1
1505514289,21507504,3182.28,0.00069601,1
1505514289,21507503,3182.28,0.02271460,1
1505514289,21507502,3182.28,0.02466616,1
1505514288,21507501,3182.49,0.51770749,1
1505514287,21507498,3182.49,2.00000000,1
1505514286,21507495,3182.49,0.04294650,1
1505514286,21507491,3182.49,0.43934601,1
1505514286,21507489,3182.49,0.16897794,1
1505514284,21507484,3182.49,0.60760878,1
1505514284,21507483,3182.49,2.00000000,1
1505514283,21507476,3182.49,0.22341328,1
1505514282,21507474,3182.49,0.68978798,1
1505514281,21507470,3182.49,0.02000000,1
1505514280,21507466,3182.49,1.63334370,1
1505514279,21507464,3182.49,0.65686832,1
1505514279,21507462,3182.49,1.34313168,1
1505514269,21507449,3182.49,0.10703315,1
1505514260,21507438,3182.49,0.07353037,1
1505514254,21507431,3182.49,1.47630480,1
1505514254,21507430,3182.49,0.52369520,1
1505514248,21507408,3185.80,0.03528252,0
1505514246,21507394,3185.80,0.06739201,0
1505514245,21507387,3182.49,0.01923779,1
1505514240,21507364,3182.49,0.02707200,1
1505514237,21507341,3194.57,0.04693782,0
1505514235,21507336,3194.00,0.01590629,0
1505514232,21507329,3182.49,0.31501460,1
1505514232,21507327,3182.50,0.07709439,1
1505514221,21507290,3194.68,0.07692772,0
1505514213,21507262,3182.49,0.04176001,1
1505514213,21507261,3182.50,0.01234589,1
1505514210,21507259,3194.92,0.00871159,0
1505514208,21507258,3194.93,0.01228314,0
1505514199,21507249,3182.49,0.07672086,1
1505514199,21507248,3182.59,0.03134240,1
1505514189,21507231,3182.49,1.99649954,1
1505514188,21507230,3182.50,0.00350046,1
1505514179,21507221,3182.50,0.17149954,0
1505514168,21507176,3182.50,0.05096840,1
1505514168,21507175,3182.59,0.28258793,1
1505514164,21507171,3195.00,0.01361371,0
1505514155,21507170,3182.59,0.11345368,1
1505514129,21507141,3196.38,0.01817096,0
1505514107,21507133,3196.58,0.02025000,0
1505514106,21507130,3196.60,0.03036952,0
1505514103,21507120,3182.59,0.20975540,1
1505514103,21507119,3182.59,2.00000000,1
1505514098,21507115,3182.59,0.04889833,1
1505514097,21507114,3182.59,0.34530466,1
1505514088,21507101,3182.59,0.71073440,1
1505514087,21507099,3182.71,0.05000000,0
1505514086,21507098,3182.59,0.28711400,1
1505514085,21507097,3182.59,2.00000000,1
1505514085,21507095,3195.88,0.02994249,0
1505514082,21507094,3182.59,0.00215160,1
1505514082,21507093,3182.78,2.30120523,1
1505514082,21507092,3182.78,0.77330317,1
1505514076,21507081,3182.79,0.29099965,1
1505514066,21507059,3196.97,0.29017476,1
1505514033,21507036,3182.78,0.76299732,1
1505514033,21507035,3182.79,0.06333992,1
1505514012,21507016,3199.12,0.06311611,0
1505513997,21506999,3182.78,0.06643261,1
1505513997,21506998,3185.00,0.02952000,1
1505513990,21506977,3182.78,0.10597360,1
1505513983,21506971,3191.11,0.03032012,0
1505513981,21506968,3182.78,0.11000000,1
1505513981,21506963,3182.78,0.77760925,1
1505513980,21506961,3182.79,0.02239075,1
1505513980,21506959,3182.79,0.09000000,1
1505513976,21506952,3182.79,0.03760925,1
1505513972,21506948,3182.78,0.40368405,1
1505513972,21506947,3182.78,0.13131595,1
1505513972,21506946,3182.79,0.16000000,1
1505513965,21506940,3191.14,0.65263916,0
1505513965,21506939,3191.13,0.10921551,0
1505513957,21506931,3182.79,0.03421240,1
1505513956,21506928,3182.79,0.01464470,1
1505513946,21506911,3185.00,0.03697830,0
1505513940,21506898,3182.78,0.18871732,1
1505513939,21506897,3182.78,2.00000000,1
1505513937,21506890,3182.78,0.67996673,1
1505513937,21506889,3182.78,1.22003327,1
1505513937,21506888,3185.00,0.10000000,1
1505513934,21506877,3182.78,1.77996673,1
1505513934,21506876,3182.78,0.22003327,1
1505513925,21506850,3182.78,1.82000000,1
1505513925,21506848,3182.79,0.18000000,1
1505513914,21506814,3182.78,0.02000000,1
1505513912,21506803,3182.78,0.93996673,1
1505513911,21506801,3182.78,1.06003327,1
1505513907,21506795,3182.78,0.04678677,1
1505513907,21506792,3182.79,0.02127856,1
1505513905,21506785,3182.78,0.37470943,1
1505513904,21506783,3182.78,0.06775287,1
1505513904,21506779,3191.47,0.02060278,0
1505513904,21506777,3189.37,0.00982469,0
1505513901,21506772,3182.78,0.02000000,1
1505513898,21506765,3182.78,0.05211368,1
1505513898,21506764,3182.79,0.11618807,1
1505513898,21506762,3182.79,0.02000000,1
1505513897,21506759,3182.79,0.05381193,1
1505513895,21506752,3182.78,0.55132044,1
1505513894,21506750,3182.78,0.82728354,1
1505513894,21506748,3182.78,1.17271646,1
1505513892,21506746,3182.78,1.82728354,1
1505513892,21506744,3182.78,0.17271646,1
1505513888,21506738,3182.78,2.00000000,1
1505513887,21506730,3182.78,0.14275138,1
1505513887,21506729,3182.78,0.15300000,1
1505513886,21506725,3189.37,0.02017531,0
1505513885,21506718,3182.78,0.53153216,1
1505513885,21506716,3182.78,1.25846784,1
1505513884,21506714,3182.79,0.21000000,1
1505513884,21506711,3182.78,1.74153216,1
1505513884,21506709,3182.78,0.36503576,1
1505513883,21506695,3182.78,0.67150744,1
1505513882,21506688,3182.78,0.12695850,1
1505513879,21506677,3182.78,1.83649830,1
1505513879,21506676,3182.78,0.16350170,1
1505513879,21506673,3182.78,0.99750309,1
1505513878,21506671,3182.78,1.83899521,1
1505513878,21506670,3182.78,0.35200671,1
1505513876,21506655,3182.78,0.13360070,1
1505513875,21506652,3182.78,1.12025439,1
1505513875,21506650,3182.79,0.87974561,1
1505513872,21506619,3182.80,0.12414600,1
1505513871,21506614,3182.78,0.35705653,1
1505513871,21506612,3182.79,0.19031047,1
1505513871,21506609,3182.79,0.03968953,1
1505513869,21506600,3182.78,0.04593118,1
1505513867,21506590,3182.79,0.00023557,1
1505513866,21506589,3182.79,0.00869124,1
1505513864,21506582,3182.79,0.04107319,0
1505513863,21506572,3182.78,0.04088418,1
1505513861,21506551,3182.78,0.56514497,1
1505513861,21506547,3182.78,0.18068534,1
1505513860,21506544,3196.29,0.00056315,0
1505513860,21506541,3196.29,0.32613936,0
1505513859,21506539,3191.53,0.01349762,1
1505513859,21506534,3196.29,0.82025031,0
1505513858,21506531,3196.29,0.83715744,0
1505513858,21506529,3191.53,0.02321750,0
1505513858,21506526,3182.78,0.20443600,1
1505513857,21506523,3182.78,1.50556400,1
1505513857,21506522,3182.79,0.29000000,1
1505513855,21506513,3185.60,0.03319910,0
1505513854,21506512,3182.78,1.49443600,1
1505513854,21506509,3182.78,3.00000000,1
1505513854,21506507,3182.78,3.00000000,1
1505513854,21506502,3182.79,0.30000000,1
1505513853,21506499,3182.79,8.00000000,1
1505513853,21506497,3183.00,0.50556400,1
1505513852,21506489,3185.60,1.15074000,0
1505513849,21506468,3184.00,0.02321710,0
1505513848,21506465,3184.00,0.00010844,1
1505513846,21506459,3196.20,0.29484045,0
1505513844,21506456,3196.20,0.05847747,0
1505513837,21506434,3196.26,0.05170168,1
1505513836,21506429,3196.26,0.08305141,0
1505513835,21506428,3184.00,0.27046607,1
1505513835,21506427,3187.20,0.00157981,1
1505513825,21506396,3199.30,0.03349453,0
1505513825,21506394,3199.29,0.58082983,0
1505513824,21506391,3196.79,0.08311775,0
1505513815,21506368,3196.74,0.04826537,0
1505513815,21506367,3196.74,0.08304941,0
1505513807,21506353,3199.41,0.17241400,1
1505513806,21506348,3199.41,0.06939717,1
1505513806,21506347,3199.41,0.12333771,1
1505513804,21506329,3193.80,0.01745708,0
1505513803,21506318,3193.80,0.00852077,0
1505513802,21506311,3193.62,0.00157663,1
1505513802,21506308,3196.00,0.79118795,1
1505513801,21506298,3196.00,0.12983501,1
1505513799,21506283,3200.51,0.00004854,1
1505513798,21506280,3196.01,0.06940106,0
1505513796,21506274,3196.01,0.06940220,1
1505513795,21506271,3200.00,1.47193625,0
1505513795,21506269,3200.00,1.83596375,0
1505513794,21506268,3199.99,0.14000000,0
1505513794,21506264,3196.00,0.15162139,1
1505513788,21506254,3196.01,0.39000000,1
1505513787,21506252,3196.28,0.13846245,1
1505513786,21506251,3201.51,0.36330693,1
1505513786,21506250,3207.25,0.02942474,0
1505513786,21506248,3201.51,0.13574358,1
1505513783,21506245,3201.51,0.25000000,1
1505513783,21506243,3201.51,0.12954649,1
1505513781,21506236,3198.00,0.50000000,0
1505513779,21506232,3198.04,0.01800000,1
1505513771,21506216,3198.00,0.10000000,1
1505513771,21506215,3198.01,0.01900000,1
1505513771,21506214,3198.03,0.43000000,1
1505513771,21506213,3198.05,0.16900489,1
1505513771,21506212,3198.05,0.08844062,1
1505513771,21506211,3198.08,0.14581792,1
1505513767,21506204,3218.67,0.11514169,1
1505513765,21506203,3208.89,0.02749763,0
1505513756,21506191,3214.17,0.02619173,1
1505513755,21506190,3209.21,0.10000000,0
1505513755,21506189,3209.06,0.05499527,0
1505513742,21506184,3209.41,0.01860000,0
1505513727,21506177,3209.68,0.09101293,0
1505513725,21506175,3209.79,0.02514832,0
1505513705,21506135,3202.76,0.00002066,0
1505513705,21506134,3200.00,0.02952474,0
1505513688,21506129,3202.76,0.02250924,0
1505513688,21506128,3202.76,0.12840022,0
1505513687,21506127,3202.76,0.07977430,0
1505513684,21506126,3202.76,0.03004090,0
1505513682,21506125,3202.76,0.06244614,0
1505513665,21506110,3202.76,0.11511505,0
1505513665,21506109,3202.75,0.06000000,0
1505513630,21506071,3201.64,0.08987682,1
1505513630,21506070,3201.64,0.08738451,1
1505513629,21506069,3217.97,0.03067623,0
1505513624,21506068,3218.10,0.03019980,0
1505513615,21506062,3201.64,0.01261549,0
1505513615,21506061,3201.64,0.07726665,0
1505513604,21506046,3194.44,0.00171550,1
1505513597,21506043,3201.64,0.01712790,0
1505513596,21506042,3201.64,0.20483300,0
1505513589,21506038,3201.64,0.04737380,0
1505513586,21506030,3201.64,0.03295115,0
1505513585,21506028,3201.63,0.02664105,0
1505513585,21506026,3201.63,0.02866352,0
1505513584,21506020,3201.63,0.01469543,0
1505513564,21506005,3184.85,0.01215403,1
1505513562,21506003,3205.79,0.22430352,1
1505513556,21505996,3184.83,0.04689810,1
1505513556,21505995,3191.97,0.07110980,1
1505513556,21505994,3192.64,0.06971410,1
1505513555,21505990,3205.88,0.04117434,0
1505513553,21505986,3184.78,0.03367388,0
1505513553,21505985,3184.78,0.05921000,0
1505513552,21505983,3184.78,0.04806231,0
1505513552,21505981,3184.81,0.07000000,1
1505513552,21505980,3196.91,0.10895389,1
1505513552,21505979,3198.00,0.10000000,1
1505513551,21505978,3198.01,0.08000000,1
1505513542,21505964,3205.85,0.11727050,1
1505513542,21505963,3200.00,0.09807748,0
1505513541,21505962,3200.00,0.05508750,0
1505513541,21505959,3199.99,0.09000000,0
1505513540,21505954,3200.00,0.11377979,0
1505513534,21505944,3200.00,0.08917480,0
1505513533,21505939,3200.00,0.54500000,0
1505513532,21505938,3184.79,0.06200000,0
1505513532,21505936,3184.79,0.13200000,0
1505513529,21505927,3200.00,0.07450000,0
1505513529,21505926,3199.99,0.05750000,0
1505513528,21505925,3199.99,0.06250000,0
1505513526,21505920,3200.00,0.02060687,0
1505513526,21505919,3199.99,0.11139313,0
1505513526,21505918,3199.99,0.02860687,0
1505513526,21505917,3199.29,0.00071748,0
1505513524,21505909,3199.29,0.03528252,0
1505513513,21505897,3183.00,0.58995745,1
1505513513,21505896,3183.01,0.02504255,1
1505513508,21505890,3183.00,0.97671229,1
1505513508,21505888,3183.01,0.04028271,1
1505513503,21505879,3183.01,0.03971729,0
1505513503,21505878,3183.01,0.41000000,0
1505513503,21505877,3183.01,0.01089190,0
1505513502,21505876,3183.41,0.13970803,1
1505513502,21505874,3184.77,0.22602455,1
1505513501,21505867,3184.80,0.30815823,0
1505513497,21505858,3199.29,0.05069000,0
1505513488,21505845,3199.38,0.09000000,0
1505513482,21505841,3199.40,0.12276748,0
1505513478,21505838,3188.49,0.02952474,0
1505513475,21505826,3199.49,0.08349833,0
1505513475,21505825,3199.49,0.17312812,0
1505513475,21505824,3190.00,0.12325506,0
1505513468,21505815,3187.30,0.06270000,0
1505513465,21505807,3187.30,0.02879239,0
1505513464,21505801,3184.77,0.01397545,1
1505513464,21505799,3185.00,0.17294010,1
1505513464,21505797,3185.01,0.59800460,1
1505513463,21505796,3186.20,0.08661139,1
1505513463,21505795,3186.21,0.03161812,1
1505513456,21505788,3186.20,0.00988346,1
1505513447,21505764,3186.20,0.29735676,1
1505513447,21505763,3186.21,0.09633737,1
1505513443,21505755,3190.00,0.01441778,0
1505513442,21505735,3190.00,0.01406897,0
1505513438,21505697,3190.00,0.14805017,1
1505513437,21505694,3190.00,0.00375234,1
1505513427,21505677,3191.60,0.01198143,0
1505513427,21505676,3191.60,0.02998987,0
1505513415,21505655,3190.01,0.09500000,0
1505513414,21505651,3190.00,0.04819749,1
1505513412,21505638,3200.00,0.05913305,0
1505513411,21505634,3200.00,0.05542232,0
1505513411,21505632,3191.60,0.01817145,0
1505513408,21505618,3191.93,0.13755954,1
1505513408,21505616,3200.49,2.52767796,0
1505513408,21505615,3191.92,0.00980950,0
1505513407,21505611,3191.60,0.01800000,1
1505513407,21505609,3191.92,0.03109773,0
1505513406,21505604,3200.47,0.13663589,0
1505513405,21505600,3191.91,0.00675000,0
1505513405,21505599,3191.91,0.04225000,0
1505513404,21505592,3191.91,8.00000000,1
1505513404,21505587,3191.92,0.75100000,1
1505513396,21505553,3191.91,2.00000000,1
1505513392,21505542,3200.50,0.06834059,0
1505513392,21505540,3192.15,0.01002627,0
1505513392,21505536,3192.15,1.06027078,0
1505513391,21505535,3192.15,0.01170295,1
1505513391,21505534,3192.15,0.71800000,1
1505513386,21505517,3200.50,0.06169508,0
1505513381,21505501,3200.51,0.20278561,0
1505513377,21505487,3200.51,0.09983836,0
1505513376,21505486,3200.51,0.05501700,0
1505513368,21505465,3200.00,1.00000000,0
1505513367,21505464,3200.00,0.26267347,1
1505513367,21505463,3200.00,0.11031759,1
1505513367,21505462,3200.99,0.12240819,1
1505513366,21505458,3200.00,0.20000000,1
1505513366,21505457,3200.00,0.93760847,1
1505513365,21505455,3201.00,0.46539153,1
1505513365,21505452,3201.01,0.69700000,0
1505513365,21505451,3201.01,0.02400000,0
1505513364,21505448,3201.03,0.00863850,0
1505513362,21505443,3201.03,0.00002493,1
1505513360,21505440,3201.03,0.06230501,1
1505513358,21505434,3203.73,0.01173736,0
1505513357,21505431,3203.73,0.71407782,0
1505513356,21505430,3203.73,0.24266304,1
1505513356,21505429,3203.74,0.71407782,1
1505513356,21505428,3203.78,0.03136801,1
1505513356,21505427,3203.78,0.74800000,1
1505513348,21505405,3203.74,0.25000000,1
1505513340,21505379,3210.19,0.24816542,0
1505513340,21505378,3210.18,0.09000000,0
1505513336,21505366,3206.30,0.63636278,1
1505513336,21505364,3206.31,0.73900000,1
1505513336,21505363,3206.31,0.12463722,1
1505513323,21505337,3210.18,0.01000000,0
1505513318,21505329,3206.28,0.20000000,1
1505513318,21505326,3206.28,0.20000000,1
1505513311,21505317,3206.28,0.22193314,1
1505513311,21505316,3206.28,0.02806686,1
1505513309,21505314,3210.19,0.03965582,0
1505513309,21505312,3210.19,0.15748289,0
1505513308,21505309,3210.19,0.49034395,0
1505513308,21505305,3210.19,0.61655458,0
1505513306,21505300,3206.28,0.00257307,1
1505513306,21505299,3206.28,0.00265800,1
1505513306,21505297,3206.28,0.00376180,1
1505513305,21505292,3210.19,0.06678000,0
1505513304,21505286,3210.19,0.05544706,0
1505513304,21505283,3210.18,0.10000000,0
1505513302,21505269,3210.19,0.02640400,0
1505513301,21505267,3210.19,0.13574704,0
1505513301,21505266,3210.19,0.05258030,0
1505513297,21505258,3220.30,0.38290500,0
1505513294,21505251,3212.10,0.05059361,0
1505513291,21505247,3212.10,0.28504820,1
1505513291,21505245,3212.10,0.06435194,1
1505513286,21505239,3220.32,0.00656084,0
1505513286,21505238,3220.32,0.11000000,0
1505513272,21505222,3220.33,0.98965944,0
1505513266,21505214,3229.50,0.26022608,0
1505513253,21505196,3229.60,1.23554492,0
1505513252,21505195,3229.59,0.12000000,0
1505513252,21505194,3229.53,0.16370647,0
1505513224,21505160,3229.73,0.01647719,0
1505513217,21505139,3229.80,0.05557220,0
1505513217,21505138,3219.67,0.01402504,1
1505513217,21505137,3219.68,0.01892832,1
1505513212,21505132,3229.84,0.00173233,0
1505513206,21505128,3238.70,0.00346466,0
1505513205,21505124,3238.67,0.00692933,0
1505513198,21505118,3238.79,0.01077872,0
1505513197,21505115,3210.02,0.01402504,0
1505513195,21505113,3210.01,0.20000000,1
1505513195,21505112,3210.01,0.20000000,1
1505513195,21505111,3219.67,0.20000000,1
1505513193,21505108,3219.67,0.30000000,1
1505513187,21505104,3235.97,0.00893916,0
1505513185,21505100,3235.94,0.01440611,0
1505513184,21505097,3210.04,0.20151910,0
1505513183,21505096,3219.00,0.24844720,1
1505513183,21505095,3219.00,0.01550000,0
1505513183,21505094,3219.59,0.50000000,1
1505513182,21505092,3224.99,0.03453370,1
1505513167,21505078,3238.90,0.00872907,0
1505513164,21505070,3238.90,0.14718641,0
1505513161,21505067,3238.90,0.02965826,0
1505513145,21505042,3224.99,0.05192238,1
1505513145,21505041,3226.99,0.00422043,1
1505513144,21505039,3238.89,0.02911502,0
1505513142,21505028,3226.99,0.25300978,1
1505513126,21505009,3226.99,0.83757100,1
1505513102,21504984,3230.00,0.00208514,0
1505513097,21504977,3229.99,0.00417029,0
1505513094,21504969,3229.99,0.00834057,0
1505513091,21504966,3230.00,0.01668115,0
1505513087,21504962,3230.02,0.03336229,0
1505513086,21504960,3230.02,0.04334300,0
1505513084,21504955,3230.02,0.06672458,0
1505513082,21504954,3230.02,0.01900000,0
1505513080,21504951,3226.99,0.48389954,1
1505513080,21504950,3226.99,0.13344915,0
1505513079,21504948,3230.00,0.26689831,0
1505513078,21504945,3230.00,0.01700000,1
1505513078,21504944,3230.00,0.09875300,1
1505513074,21504938,3230.00,0.26737297,1
1505513074,21504936,3230.01,0.00305082,1
1505513066,21504928,3239.30,0.29789349,0
1505513050,21504910,3230.01,0.01000000,1
1505513048,21504905,3239.30,0.07082394,0
1505513045,21504898,3237.49,0.04732431,0
1505513044,21504897,3237.49,0.02881966,0
1505513040,21504894,3237.50,0.09210501,0
1505513039,21504893,3237.49,0.03113844,0
1505513036,21504892,3230.01,1.12154312,1
1505513035,21504890,3239.30,1.11545395,0
1505513034,21504889,3239.29,0.00434519,0
1505513034,21504888,3237.52,0.00646786,0
1505513034,21504887,3237.50,0.10566970,1
1505513032,21504881,3230.02,0.00317116,1
1505513031,21504880,3230.02,0.01939890,1
1505513025,21504877,3232.68,0.00308412,1
1505513025,21504876,3232.69,0.24442760,1
1505513024,21504874,3236.96,0.00736537,0
1505513024,21504873,3235.00,0.00733671,0
1505513005,21504857,3232.69,0.49363904,1
1505513001,21504849,3235.00,0.01450141,0
1505512999,21504842,3232.69,0.03446652,1
1505512990,21504822,3232.69,0.05191378,1
1505512986,21504800,3232.69,0.01169179,1
1505512986,21504799,3232.70,0.04734462,1
1505512985,21504798,3235.00,0.00179663,0
1505512982,21504797,3235.00,0.00359325,0
1505512978,21504790,3235.00,0.00718651,0
1505512977,21504782,3234.30,0.24673036,0
1505512975,21504781,3235.00,0.29239945,1
1505512975,21504780,3239.29,0.01437301,0
1505512974,21504779,3239.29,0.01352723,0
1505512974,21504778,3239.29,0.01521880,0
1505512973,21504777,3235.00,0.00539417,0
1505512966,21504771,3232.69,0.03438772,1
1505512965,21504769,3235.00,0.02894217,0
1505512965,21504768,3235.00,0.02992820,0
1505512962,21504766,3232.69,0.05930490,1
1505512954,21504763,3232.70,0.36054072,0
1505512948,21504761,3232.70,0.37557866,0
1505512929,21504750,3230.00,0.56700000,1
1505512928,21504748,3230.01,0.08318830,1
1505512925,21504743,3235.00,0.07091808,0
1505512919,21504738,3229.83,0.17149214,0
1505512916,21504736,3235.00,0.28670438,1
1505512906,21504730,3238.30,0.04620325,0
1505512893,21504721,3239.10,0.02731783,0
1505512893,21504720,3239.09,0.02000000,0
1505512888,21504714,3239.10,0.13014417,0
1505512888,21504713,3237.87,0.04748494,0
1505512888,21504711,3237.59,0.04748905,0
1505512886,21504708,3235.00,0.22536321,1
1505512886,21504707,3235.00,0.00612810,1
1505512885,21504705,3235.00,0.00928766,0
1505512885,21504704,3235.00,0.00071234,0
1505512885,21504703,3235.00,0.00383308,0
1505512883,21504702,3235.00,0.00616692,0
1505512883,21504701,3232.68,0.01901737,0
1505512864,21504687,3232.68,0.02749821,0
1505512863,21504686,3230.28,0.02000000,0
1505512863,21504685,3230.01,0.01099595,0
1505512860,21504683,3230.01,0.13712207,0
1505512858,21504680,3230.01,0.00154179,0
1505512845,21504656,3230.01,0.11960000,0
1505512836,21504623,3230.01,0.00267973,0
1505512835,21504622,3230.00,0.00299467,1
1505512834,21504621,3230.00,0.00432560,0
1505512826,21504614,3227.94,0.00999970,1
1505512814,21504609,3227.94,0.02514900,1
1505512803,21504595,3230.01,1.21981046,0
1505512803,21504594,3230.00,2.00000000,0
1505512803,21504592,3230.00,8.50699364,0
1505512801,21504590,3228.00,0.00598935,0
1505512801,21504589,3228.00,0.02500000,0
1505512797,21504588,3226.99,0.04396300,1
1505512789,21504579,3229.99,0.00981916,1
1505512788,21504577,3229.99,0.01334190,0
1505512782,21504574,3226.99,0.05330000,1
1505512767,21504554,3230.00,0.00509288,0
1505512767,21504553,3230.00,0.03088235,0
1505512765,21504551,3230.00,0.07894650,0
1505512765,21504550,3229.21,0.06603342,0
1505512764,21504546,3230.00,0.10025000,0
1505512763,21504544,3230.00,0.47783463,0
1505512763,21504543,3230.00,1.00000000,0
1505512763,21504542,3230.00,0.01000000,0
1505512763,21504541,3230.00,0.03500000,0
1505512763,21504540,3229.02,0.13075923,0
1505512763,21504539,3229.01,0.02668380,0
1505512741,21504506,3228.98,0.03224543,1
1505512739,21504504,3228.98,0.01521880,0
1505512736,21504503,3226.95,0.16000000,0
1505512728,21504496,3228.98,0.24371038,0
1505512728,21504495,3228.87,0.04761738,0
1505512728,21504494,3228.85,0.03482953,0
1505512728,21504493,3227.10,0.01700000,0
1505512728,21504492,3226.97,0.05336760,0
1505512719,21504486,3226.99,0.04748494,0
1505512715,21504478,3215.03,0.08757157,1
1505512714,21504475,3225.00,0.41725319,0
1505512714,21504474,3225.00,0.22240072,0
1505512713,21504470,3224.99,0.03439150,0
1505512713,21504444,3224.99,0.05125759,0
1505512709,21504413,3215.01,0.09231900,1
1505512708,21504412,3215.01,0.04114900,1
1505512707,21504408,3225.00,0.69507702,0
1505512703,21504390,3225.00,0.91222205,0
1505512703,21504389,3224.99,0.08219035,0
1505512702,21504388,3225.00,1.12915286,0
1505512701,21504387,3224.99,0.97084714,0
1505512685,21504365,3224.99,0.12085535,0
1505512685,21504364,3224.89,0.01916362,0
1505512664,21504343,3224.99,0.01521572,0
1505512664,21504341,3224.89,0.03832725,0
1505512660,21504338,3224.90,0.61893392,0
1505512648,21504329,3224.99,1.01997525,0
1505512648,21504327,3224.94,0.07665450,0
1505512647,21504326,3224.91,0.91487869,0
1505512625,21504312,3211.06,0.17987714,1
1505512624,21504311,3214.94,0.00312292,1
1505512624,21504310,3215.00,0.01699994,1
1505512623,21504309,3224.48,0.00871630,0
1505512618,21504306,3215.00,0.00000006,1
1505512618,21504305,3215.00,0.09231894,1
1505512596,21504270,3224.90,0.02702120,0
1505512591,21504264,3224.90,0.09952400,0
1505512591,21504263,3224.89,0.15330900,0
1505512588,21504260,3224.90,0.02702100,0
1505512565,21504236,3224.92,0.02845652,0
1505512564,21504234,3224.92,0.02976803,0
1505512551,21504224,3225.00,0.19606201,0
1505512551,21504223,3224.99,0.03000000,1
1505512545,21504222,3224.97,0.07423478,0
1505512543,21504220,3225.00,0.17814048,0
1505512542,21504219,3224.98,0.01000000,0
1505512542,21504218,3222.54,0.64000000,0
1505512542,21504217,3220.44,0.01000000,0
1505512542,21504216,3219.00,0.10000000,0
1505512542,21504215,3218.97,0.04000000,0
1505512542,21504214,3218.95,0.01800000,0
1505512542,21504213,3214.94,0.00197869,0
1505512527,21504206,3215.00,0.21970358,0
1505512527,21504205,3215.00,0.00395738,1
1505512526,21504198,3215.00,0.11628440,0
1505512514,21504182,3215.00,0.01341912,0
1505512512,21504176,3214.93,0.01900000,0
1505512508,21504174,3214.90,0.06761641,0
1505512506,21504172,3210.00,0.07522303,0
1505512506,21504169,3210.00,0.02858878,0
1505512506,21504167,3210.00,0.01447147,0
1505512501,21504161,3210.00,0.03427358,0
1505512496,21504155,3210.00,0.78761901,0
1505512496,21504154,3210.00,3.58240279,0
1505512494,21504150,3209.99,0.08000000,0
1505512467,21504119,3209.96,0.00432560,0
1505512466,21504118,3209.99,0.07007802,0
1505512440,21504093,3209.99,0.02859712,0
1505512429,21504080,3210.00,0.29915966,0
1505512429,21504079,3209.99,0.10000000,0
1505512387,21504048,3209.99,0.01910000,0
1505512364,21504034,3209.99,0.01447158,0
1505512361,21504029,3209.99,0.02913084,0
1505512360,21504028,3209.99,0.03001700,0
1505512328,21503967,3209.89,0.00902521,0
1505512328,21503966,3203.00,0.00000587,0
1505512327,21503965,3203.00,0.02999600,0
1505512317,21503944,3203.00,0.01800000,1
1505512307,21503927,3203.00,0.15264440,1
1505512307,21503926,3203.00,0.01600000,1
1505512307,21503925,3203.00,0.65440116,1
1505512302,21503921,3203.00,0.05000000,1
1505512292,21503898,3203.00,0.03668300,1
1505512292,21503897,3203.00,0.27791316,1
1505512291,21503896,3203.00,0.09755142,1
1505512289,21503893,3203.00,0.06000000,1
1505512286,21503890,3210.00,0.16400934,0
1505512286,21503889,3210.00,0.06000000,1
1505512285,21503888,3209.99,0.02906006,0
1505512279,21503886,3201.00,0.03266716,1
1505512276,21503883,3209.99,0.00208523,0
1505512276,21503882,3201.00,0.07000000,1
1505512275,21503878,3209.99,0.00417046,0
1505512274,21503877,3201.00,0.05360613,1
1505512274,21503876,3201.00,0.07833518,1
1505512269,21503870,3209.89,0.00834091,0
1505512265,21503866,3209.89,0.01668183,0
1505512264,21503857,3209.89,0.03336366,0
1505512259,21503848,3210.00,0.06672731,0
1505512255,21503844,3209.90,0.13345462,0
1505512253,21503841,3209.90,0.17620282,0
1505512253,21503840,3209.89,0.08000000,0
1505512253,21503839,3209.88,0.01070642,0
1505512250,21503834,3200.00,0.06000000,1
1505512246,21503829,3209.90,0.01527450,0
1505512236,21503826,3200.00,0.07000000,1
1505512223,21503817,3209.94,0.02485981,0
1505512205,21503804,3209.99,0.02978658,0
1505512205,21503803,3209.98,0.02141284,0
1505512189,21503764,3210.00,0.05364252,0
1505512189,21503763,3209.66,0.10000000,0
1505512187,21503758,3200.00,0.07719189,0
1505512187,21503757,3199.78,0.04282568,0
1505512187,21503755,3198.72,0.00697200,0
1505512161,21503698,3200.00,0.03435385,0
1505512161,21503697,3200.00,0.00397563,0
1505512161,21503693,3199.83,0.08565137,0
1505512160,21503683,3198.72,0.01037300,0
1505512156,21503636,3200.00,0.03432469,0
1505512150,21503609,3200.00,0.03429845,0
1505512147,21503600,3200.00,0.25527800,0
1505512145,21503596,3200.00,0.03426947,0
1505512140,21503580,3200.00,0.03423971,0
1505512134,21503569,3200.00,0.03340167,0
1505512134,21503568,3199.99,0.00080634,0
1505512132,21503558,3199.99,0.01402504,0
1505512130,21503551,3184.92,0.08772994,1
1505512124,21503538,3200.00,0.12192534,0
1505512120,21503532,3200.00,0.00452963,0
1505512120,21503531,3199.99,0.02966276,0
1505512115,21503516,3200.00,0.16000000,0
1505512115,21503515,3200.00,0.03416649,0
1505512114,21503508,3189.95,0.00844636,1
1505512114,21503505,3190.00,0.10000000,1
1505512109,21503490,3200.00,0.03410402,0
1505512103,21503458,3200.00,0.18135312,0
1505512103,21503457,3198.72,0.16000000,1
1505512103,21503455,3190.60,0.03140000,0
1505512102,21503453,3190.50,0.03140000,0
1505512102,21503449,3190.48,0.03140000,0
1505512102,21503446,3190.27,0.03140000,0
1505512101,21503444,3190.18,0.00000712,0
1505512101,21503441,3190.02,0.03140000,0
1505512101,21503440,3190.02,0.03140000,0
1505512101,21503439,3190.02,0.03140000,0
1505512101,21503438,3190.02,0.03140000,0
1505512101,21503437,3190.02,0.03140000,0
1505512100,21503436,3190.02,0.03140000,0
1505512100,21503435,3189.99,0.03140000,0
1505512100,21503434,3189.97,0.03140000,0
1505512100,21503433,3189.97,0.00002000,0
1505512099,21503432,3189.97,0.03138000,0
1505512099,21503431,3189.96,0.03140000,0
1505512099,21503430,3189.96,0.00001500,0
1505512099,21503429,3189.96,0.03138500,0
1505512099,21503428,3189.96,0.00001000,0
1505512099,21503427,3189.96,0.03139000,0
1505512098,21503425,3189.96,0.03140000,0
1505512098,21503423,3189.96,0.03140000,0
1505512098,21503422,3189.96,0.03140000,0
1505512098,21503420,3189.95,0.03140000,0
1505512098,21503419,3189.95,0.03140000,0
1505512098,21503417,3189.94,0.00000500,0
1505512098,21503416,3189.94,0.03139500,0
1505512097,21503414,3189.92,0.00000500,0
1505512097,21503412,3189.92,0.03139500,0
1505512096,21503409,3184.77,0.24445841,0
1505512091,21503398,3184.77,0.03404761,0
1505512090,21503393,3184.77,0.00814000,0
1505512086,21503388,3184.77,0.03402076,0
1505512081,21503375,3184.77,0.03407438,0
1505512070,21503349,3183.41,0.22029197,1
1505512053,21503328,3185.00,0.12924798,0
1505512052,21503327,3184.99,0.17036775,0
1505512046,21503317,3183.99,0.01013774,0
1505512041,21503309,3183.41,0.24000000,1
1505512039,21503302,3184.00,0.01000000,1
1505512038,21503300,3185.00,0.03778507,1
1505512038,21503299,3185.00,0.16584999,1
1505512038,21503297,3188.39,0.03415001,1
1505512033,21503287,3185.00,0.01415326,1
1505512029,21503272,3185.00,0.04827315,1
1505512028,21503264,3187.70,0.03410731,0
1505512027,21503263,3189.92,0.06718275,1
1505512027,21503262,3189.91,0.03140000,0
1505512027,21503260,3189.90,0.03140000,0
1505512025,21503255,3189.89,0.01385200,0
1505512023,21503247,3185.00,0.28089300,1
1505512021,21503242,3185.96,0.04810700,1
1505512013,21503213,3190.79,0.03139288,1
1505511995,21503096,3187.50,0.05724497,1
1505511995,21503095,3187.50,0.41687323,1
1505511995,21503094,3199.89,0.48302634,1
1505511994,21503093,3199.89,0.18803059,1
1505511991,21503086,3190.88,0.06228445,1
1505511991,21503084,3199.89,0.08067190,0
1505511989,21503075,3199.89,0.19000000,0
1505511985,21503070,3196.00,0.16819540,0
1505511985,21503069,3196.00,0.11469138,0
1505511983,21503067,3196.00,0.17383771,0
1505511983,21503066,3196.00,0.37364329,0
1505511978,21503046,3199.99,0.04739467,0
1505511975,21503024,3192.42,0.02119853,0
1505511973,21503019,3191.01,0.12357424,1
1505511972,21503007,3192.42,0.10692980,0
1505511966,21502981,3191.50,0.11843307,0
1505511966,21502975,3191.50,0.03300000,0
1505511963,21502955,3193.65,0.24498033,1
1505511962,21502954,3193.66,0.13291430,1
1505511957,21502942,3200.90,0.00311475,0
1505511951,21502919,3200.90,1.67056680,0
1505511951,21502918,3200.90,0.03401352,0
1505511944,21502906,3200.90,0.03760652,0
1505511944,21502904,3196.00,0.04810700,1
1505511940,21502903,3200.90,2.00000000,0
1505511936,21502899,3196.00,0.04795695,1
1505511918,21502847,3200.90,1.13422657,0
1505511918,21502846,3200.89,0.21000000,0
1505511918,21502845,3200.00,1.05324154,0
1505511904,21502801,3200.98,0.07295534,0
1505511903,21502799,3200.97,0.22000000,0
1505511901,21502795,3200.98,0.09930399,0
1505511901,21502792,3198.01,0.00069601,0
1505511900,21502787,3198.01,0.02271460,0
1505511898,21502782,3198.01,0.02466616,1
1505511897,21502779,3200.00,0.35775000,1
1505511896,21502778,3200.00,0.25000000,1
1505511896,21502777,3201.67,0.00000005,1
1505511896,21502774,3201.67,0.04787000,1
1505511896,21502773,3201.70,0.97774400,1
1505511892,21502765,3212.39,0.12161856,0
1505511892,21502764,3203.70,0.00171175,0
1505511890,21502755,3203.70,0.08490164,1
1505511889,21502754,3206.07,0.11338661,1
1505511885,21502733,3212.40,0.08441396,0
1505511884,21502730,3212.40,0.04403773,0
1505511880,21502711,3212.40,0.04763262,0
1505511879,21502709,3212.40,0.11306773,0
1505511874,21502696,3212.49,0.12600754,0
1505511871,21502685,3209.90,0.01000000,0
1505511870,21502673,3209.90,0.04809200,0
1505511869,21502669,3209.90,0.00932116,0
1505511867,21502665,3210.75,0.98464431,1
1505511867,21502664,3213.04,0.22558804,1
1505511867,21502663,3213.05,0.04766216,1
1505511866,21502662,3222.68,0.18024048,1
1505511866,21502661,3222.68,0.11797932,0
1505511864,21502658,3222.69,0.03058987,0
1505511864,21502657,3222.65,0.03024583,0
1505511859,21502649,3222.68,0.15416014,0
1505511859,21502648,3213.03,0.00589575,0
1505511859,21502647,3213.03,0.20107027,1
1505511858,21502646,3213.03,0.11466319,1
1505511858,21502645,3213.03,0.41837079,1
1505511853,21502634,3222.70,0.00403097,0
1505511853,21502632,3222.67,0.10587618,0
1505511853,21502631,3222.67,0.14502806,0
1505511853,21502629,3213.03,0.10018718,0
1505511847,21502622,3222.79,0.04361022,0
1505511847,21502621,3222.79,0.16868455,0
1505511847,21502619,3222.79,0.03860947,0
1505511847,21502618,3212.70,0.23133371,0
1505511844,21502611,3212.70,0.00866629,0
1505511836,21502588,3212.71,2.83927324,0
1505511826,21502567,3221.43,0.16572764,1
1505511814,21502548,3215.00,0.49196913,1
1505511808,21502544,3215.01,0.50000000,1
1505511804,21502540,3222.00,0.04164509,0
1505511804,21502538,3222.00,0.26763486,0
1505511802,21502537,3215.00,1.70803087,1
1505511802,21502536,3215.01,0.30036592,1
1505511802,21502534,3215.24,0.59160321,1
1505511795,21502531,3221.99,0.26763486,0
1505511784,21502519,3223.99,0.21585912,0
1505511784,21502518,3221.43,0.00114429,0
1505511772,21502512,3221.43,0.60885571,0
1505511762,21502507,3215.19,0.53990000,1
1505511746,21502495,3224.50,0.05024902,0
1505511737,21502490,3224.50,0.15228220,0
1505511737,21502489,3224.50,0.28441827,0
1505511735,21502487,3224.00,0.02000000,0
1505511706,21502459,3215.04,0.01000000,1
1505511706,21502458,3224.49,0.01499329,0
1505511683,21502441,3224.50,0.02918028,0
1505511683,21502439,3211.82,0.00000005,0
1505511682,21502433,3211.82,0.04787000,0
1505511680,21502421,3224.50,0.04748905,0
1505511678,21502413,3220.80,0.05197300,1
1505511676,21502403,3211.82,0.04003105,1
1505511675,21502397,3220.80,1.00025000,0
1505511674,21502393,3224.18,0.02225600,1
1505511639,21502332,3210.81,0.02225600,1
1505511637,21502330,3210.75,0.04639102,1
1505511637,21502329,3213.22,0.00160898,1
1505511637,21502328,3214.00,0.10000000,1
1505511634,21502326,3223.22,0.50000000,1
1505511622,21502314,3224.60,0.14364537,0
1505511612,21502299,3223.22,0.50000000,1
1505511606,21502294,3224.69,0.00869738,0
1505511604,21502292,3224.69,0.01500206,0
1505511574,21502255,3224.70,0.06186622,0
1505511566,21502244,3224.70,0.08243845,0
1505511566,21502243,3224.68,0.01756155,0
1505511564,21502239,3211.10,0.01630184,1
1505511552,21502226,3214.99,0.00850333,1
1505511550,21502222,3223.22,0.17422890,0
1505511536,21502205,3223.22,0.01742554,0
1505511526,21502196,3223.22,0.32834556,0
1505511525,21502192,3220.00,0.13600000,0
1505511523,21502187,3220.00,0.01400000,1
1505511506,21502177,3224.87,0.00750061,0
1505511505,21502175,3224.74,0.01198540,1
1505511505,21502174,3224.74,0.01082069,0
1505511443,21502111,3224.99,0.01462628,0
1505511442,21502110,3218.60,1.00000000,0
1505511440,21502109,3225.00,1.08831759,0
1505511440,21502108,3225.00,0.18061669,1
1505511438,21502106,3224.94,1.00000000,0
1505511429,21502102,3220.00,0.03849100,0
1505511429,21502101,3220.00,0.34974104,0
1505511429,21502100,3220.40,0.18432238,1
1505511428,21502098,3220.40,0.31000000,1
1505511427,21502097,3220.40,1.02406381,1
1505511426,21502095,3220.40,0.03100000,1
1505511426,21502094,3220.40,0.65854821,1
1505511426,21502090,3220.09,0.31000000,0
1505511425,21502089,3220.08,0.59926690,0
1505511425,21502088,3220.00,2.00000000,0
1505511424,21502080,3219.99,0.02614182,0
1505511423,21502079,3217.00,0.00309000,0
1505511420,21502072,3216.92,0.21031388,0
1505511415,21502068,3217.00,0.12191000,1
1505511404,21502041,3218.42,0.02095211,0
1505511398,21502023,3218.53,9.59280674,1
1505511398,21502022,3218.54,0.37000000,1
1505511380,21502006,3218.53,0.31370185,1
1505511380,21502004,3219.20,0.47704215,1
1505511379,21502002,3218.54,0.06955328,0
1505511377,21501996,3218.53,1.62000000,1
1505511377,21501995,3218.54,0.38000000,1
1505511371,21501981,3218.54,0.31044608,1
1505511361,21501961,3218.53,0.11881205,1
1505511359,21501959,3220.00,0.03100000,1
1505511348,21501932,3220.00,0.38037372,1
1505511347,21501931,3220.00,1.59968716,1
1505511328,21501909,3226.40,0.28879630,0
1505511326,21501903,3223.30,0.01000000,0
1505511325,21501896,3220.00,0.40031284,0
1505511305,21501869,3220.00,0.03267077,0
1505511305,21501866,3220.00,0.06908699,0
1505511304,21501865,3219.15,0.01700000,0
1505511304,21501863,3219.15,0.01000000,1
1505511285,21501757,3220.00,0.07340344,0
1505511284,21501755,3220.00,0.15088637,0
1505511274,21501730,3220.00,0.14900000,0
1505511273,21501724,3219.00,0.01000000,1
1505511270,21501718,3220.00,0.03100000,0
1505511270,21501717,3220.00,0.14900000,0
1505511270,21501716,3220.00,0.04524169,0
1505511225,21501636,3220.00,0.00974343,0
1505511215,21501624,3218.53,0.04572800,1
1505511213,21501621,3218.53,0.35219120,1
1505511213,21501620,3218.54,0.27000000,1
1505511213,21501619,3218.55,0.55338780,1
1505511212,21501616,3218.55,0.04578340,1
1505511203,21501592,3220.00,0.00257829,0
1505511203,21501591,3219.99,0.02666998,0
1505511200,21501586,3220.00,0.07684314,0
1505511199,21501581,3220.00,0.03097826,0
1505511187,21501559,3220.00,0.01580355,0
1505511186,21501553,3220.00,0.19643484,0
1505511186,21501552,3218.55,0.05007032,0
1505511184,21501545,3218.55,0.02992968,0
1505511171,21501478,3219.99,0.00157497,0
1505511171,21501476,3218.53,0.20432193,1
1505511170,21501475,3218.54,0.02008503,1
1505511170,21501473,3218.54,0.12884470,1
1505511165,21501467,3218.54,0.09107027,1
1505511159,21501450,3218.53,0.08293764,1
1505511154,21501430,3218.54,0.00449852,0
1505511154,21501428,3218.54,0.01520148,0
1505511153,21501419,3218.54,0.09000000,1
1505511152,21501414,3218.54,0.20000000,1
1505511150,21501402,3218.54,0.01558000,1
1505511137,21501375,3218.53,0.11425893,1
1505511137,21501374,3218.53,0.71958015,1
1505511136,21501369,3218.53,0.46489200,1
1505511131,21501354,3218.53,0.07726773,1
1505511131,21501352,3218.53,0.08658823,1
1505511131,21501351,3218.53,0.31370285,1
1505511130,21501348,3218.53,2.00000000,1
1505511127,21501342,3218.53,1.68000000,1
1505511127,21501341,3218.54,0.32000000,1
1505511122,21501315,3218.53,0.07352173,1
1505511121,21501307,3218.53,0.01772551,0
1505511121,21501306,3218.52,0.04000000,0
1505511121,21501305,3208.55,0.26391749,0
1505511120,21501303,3208.53,0.11300092,0
1505511120,21501301,3207.91,0.60395750,0
1505511120,21501298,3202.36,0.36074230,0
1505511120,21501296,3202.35,0.41154536,0
1505511120,21501294,3202.35,0.19000000,0
1505511120,21501292,3202.35,0.03880301,0
1505511120,21501291,3202.35,0.09999688,0
1505511110,21501276,3199.99,0.05829652,0
1505511104,21501265,3199.99,0.00181848,0
1505511101,21501261,3199.99,0.00363697,0
1505511097,21501254,3200.00,0.00727393,0
1505511096,21501252,3200.00,0.51519634,0
1505511096,21501251,3200.00,0.28935153,0
1505511096,21501250,3199.99,0.19545213,0
1505511095,21501244,3199.99,0.01454787,0
1505511088,21501216,3198.57,0.01151765,0
1505511065,21501166,3200.00,0.24175682,0
1505511065,21501164,3200.00,0.01000000,1
1505511065,21501163,3200.00,0.01062047,1
1505511065,21501162,3200.00,0.47786544,1
1505511062,21501152,3200.00,0.08323156,1
1505511059,21501149,3200.00,0.36229861,1
1505511056,21501130,3200.01,0.00004914,1
1505511054,21501115,3200.01,0.12284033,1
1505511050,21501104,3200.01,0.17711053,1
1505511050,21501103,3201.00,0.10000000,1
1505511049,21501102,3202.33,0.20758947,1
1505511049,21501101,3202.36,0.07164152,0
1505511045,21501083,3202.32,0.36048453,0
1505511041,21501070,3208.53,3.05220770,1
1505511040,21501065,3200.01,0.09670023,0
1505511039,21501061,3201.02,0.01996857,1
1505511039,21501060,3202.32,0.00013195,1
1505511038,21501054,3202.32,0.32986805,1
1505511037,21501052,3207.00,0.13319925,1
1505511036,21501049,3208.55,0.09606208,0
1505511035,21501042,3206.53,0.00280847,0
1505511034,21501038,3206.53,1.48023912,1
1505511034,21501036,3207.00,0.24530182,1
1505511034,21501035,3207.04,1.30929752,1
1505511033,21501034,3208.00,0.25820137,1
1505511033,21501032,3208.53,0.87415170,1
1505511031,21501010,3208.53,0.12584830,1
1505511029,21501002,3208.58,0.38662504,1
1505511027,21500993,3208.56,0.17367556,1
1505511023,21500977,3218.16,0.19030352,0
1505511023,21500976,3209.00,0.15757579,0
1505511022,21500967,3207.05,0.04998000,1
1505511014,21500935,3207.05,0.35195135,1
1505511013,21500931,3209.00,0.15763883,1
1505511008,21500921,3207.04,0.05376460,1
1505511007,21500914,3207.18,0.00723000,1
1505511003,21500902,3218.53,0.03116345,0
1505510998,21500894,3207.04,0.02803480,1
1505510998,21500893,3207.05,0.07366632,1
1505510998,21500892,3207.05,0.37878526,1
1505510997,21500891,3207.05,0.38000000,1
1505510992,21500867,3218.53,0.04890852,1
1505510990,21500865,3218.00,0.15109148,0
1505510988,21500862,3208.81,0.01511191,1
1505510988,21500861,3208.84,0.24554737,1
1505510986,21500859,3208.81,0.26921230,1
1505510986,21500858,3210.00,0.02500000,1
1505510986,21500855,3218.00,0.02678909,1
1505510986,21500852,3218.00,0.00546930,1
1505510985,21500851,3218.00,0.23021370,1
1505510985,21500846,3218.00,0.12523500,1
1505510983,21500840,3218.00,0.04401600,1
1505510983,21500838,3218.68,0.03122087,0
1505510982,21500835,3218.00,0.15656078,1
1505510981,21500832,3218.00,0.04397452,1
1505510977,21500824,3222.97,0.85832632,0
1505510977,21500823,3208.80,0.10579889,1
1505510976,21500821,3208.80,0.17640500,1
1505510975,21500818,3208.80,0.00152680,0
1505510973,21500811,3208.80,0.02500000,0
1505510970,21500794,3223.10,0.11736555,1
1505510970,21500793,3223.10,0.04388445,1
1505510969,21500790,3223.10,0.22362176,1
1505510969,21500788,3220.00,0.01000000,0
1505510968,21500786,3218.68,0.02500000,1
1505510967,21500782,3218.68,0.04771342,0
1505510967,21500779,3218.68,0.07751924,0
1505510964,21500775,3218.68,0.04700565,0
1505510964,21500774,3218.53,0.04498411,0
1505510961,21500770,3206.02,0.04795695,1
1505510961,21500767,3218.53,0.04761738,0
1505510912,21500650,3218.53,0.00739851,0
1505510912,21500649,3213.41,0.38000000,0
1505510912,21500647,3212.62,0.02290149,0
1505510909,21500634,3212.62,0.01300000,0
1505510905,21500629,3212.62,0.01195659,0
1505510905,21500627,3212.00,0.01000000,0
1505510905,21500625,3211.18,0.03787970,0
1505510905,21500624,3211.18,0.01000000,0
1505510905,21500623,3210.00,0.15000000,0
1505510905,21500622,3208.53,0.04791923,0
1505510905,21500621,3208.19,0.01000000,0
1505510904,21500620,3206.52,0.00221820,0
1505510904,21500618,3200.00,0.09201154,1
1505510904,21500617,3200.06,0.90798846,1
1505510900,21500607,3200.46,0.03190000,0
1505510899,21500606,3200.10,0.01200000,0
1505510899,21500605,3200.01,0.92613588,0
1505510893,21500587,3200.00,0.06200481,0
1505510888,21500564,3200.00,0.08716506,0
1505510888,21500563,3200.00,0.01000000,0
1505510888,21500561,3200.00,0.10000000,0
1505510888,21500560,3200.00,0.10000000,0
1505510887,21500559,3200.00,0.12698412,0
1505510887,21500558,3200.00,0.01000000,0
1505510887,21500556,3200.00,1.00000000,0
1505510887,21500555,3200.00,0.56585082,0
1505510886,21500546,3200.00,0.20000000,0
1505510873,21500488,3200.00,2.50000000,0
1505510872,21500476,3200.00,0.91401099,0
1505510871,21500470,3198.50,0.00999603,1
1505510871,21500469,3199.01,0.04000000,1
1505510869,21500454,3200.00,0.54748125,0
1505510868,21500452,3200.00,1.82087393,0
1505510868,21500450,3200.00,0.28469399,0
1505510868,21500448,3200.00,2.00893901,0
1505510867,21500447,3200.00,0.03803617,0
1505510867,21500446,3200.00,4.00000000,0
1505510867,21500445,3200.00,0.16146028,0
1505510867,21500444,3200.00,2.79156454,0
1505510865,21500435,3200.00,0.08609731,0
1505510863,21500433,3200.00,6.24188438,0
1505510863,21500431,3200.00,0.62350312,0
1505510861,21500421,3200.00,0.02799740,0
1505510849,21500366,3200.00,0.04076000,0
1505510844,21500354,3200.00,2.00000000,0
1505510844,21500351,3200.00,0.07869875,0
1505510842,21500342,3200.00,2.00000000,0
1505510842,21500341,3200.00,0.03465361,0
1505510839,21500335,3198.01,0.01000000,1
1505510824,21500277,3200.00,0.03464461,0
1505510821,21500258,3200.00,2.53235938,0
1505510818,21500251,3200.00,0.03465143,0
1505510813,21500226,3200.00,0.03465143,0
1505510809,21500213,3200.00,0.99780625,0
1505510809,21500212,3200.00,0.02829566,0
1505510808,21500208,3198.00,0.01000000,1
1505510808,21500207,3200.00,0.03787970,0
1505510808,21500206,3199.99,0.01000000,0
1505510806,21500194,3200.00,0.36455243,0
1505510806,21500192,3200.00,0.01000000,0
1505510805,21500191,3199.99,0.01000000,0
1505510805,21500190,3199.60,0.04805283,0
1505510805,21500188,3199.50,0.00500000,0
1505510805,21500186,3199.10,0.03242069,0
1505510805,21500185,3198.01,0.52997405,0
1505510803,21500177,3198.01,0.15754716,0
1505510796,21500138,3198.00,0.04077200,1
1505510795,21500133,3198.01,0.04074024,0
1505510790,21500123,3198.00,0.01457750,1
1505510787,21500116,3198.01,0.10000000,0
1505510787,21500114,3198.00,0.26223735,1
1505510767,21500063,3198.01,0.00920166,0
1505510756,21500024,3199.10,0.08200431,0
1505510752,21500017,3199.01,1.00000000,0
1505510740,21499975,3198.01,0.00155722,0
1505510739,21499969,3198.01,0.63567969,0
1505510731,21499948,3198.01,0.94637290,0
1505510730,21499947,3198.00,0.02000000,0
1505510730,21499946,3198.00,0.03122907,0
1505510729,21499945,3198.00,0.09377093,1
1505510727,21499940,3198.00,0.03596000,1
1505510723,21499928,3199.01,0.04785808,0
1505510722,21499926,3199.01,0.64064634,0
1505510722,21499925,3199.00,0.45000000,0
1505510721,21499924,3199.00,0.85612829,0
1505510720,21499917,3198.00,0.02845554,1
1505510719,21499913,3199.00,0.14387171,0
1505510719,21499912,3198.99,0.01000000,0
