date,tid,price,amount,type
1505520060,21517301,3696.28,0.15000000,0
1505520052,21517291,3688.82,0.67250000,0
1505520052,21517290,3688.82,0.12761593,0
1505520044,21517284,3697.38,0.00200000,0
1505520042,21517283,3697.38,0.00919369,0
1505520034,21517274,3687.48,0.08700000,0
1505520033,21517273,3687.50,0.91300000,1
1505520031,21517271,3687.48,0.25165860,0
1505520030,21517270,3687.48,0.74834140,1
1505520029,21517266,3687.48,0.01000000,0
1505520029,21517265,3687.48,0.99000000,0
1505520028,21517264,3688.14,0.98022366,0
1505520026,21517263,3688.14,0.01977634,1
1505520026,21517262,3688.14,0.81000000,0
1505520022,21517261,3688.14,1.00000000,0
1505520021,21517260,3688.14,0.08700000,0
1505520020,21517259,3688.17,0.91300000,1
1505520017,21517255,3696.30,0.99800000,0
1505520016,21517254,3696.30,0.00200000,0
1505520015,21517253,3697.39,0.00305717,0
1505520014,21517252,3696.30,0.00200000,1
1505520014,21517251,3696.30,0.00200000,1
1505520014,21517250,3696.30,0.03800000,1
1505520011,21517249,3696.31,0.00920000,0
1505520009,21517246,3696.30,0.02300000,1
1505520006,21517244,3699.89,0.03911322,0
1505520006,21517243,3699.89,0.00200000,1
1505519993,21517232,3700.01,0.06709422,0
1505519992,21517230,3700.01,0.05028456,0
1505519986,21517224,3700.01,0.01601618,1
1505519985,21517223,3705.66,0.06190260,0
1505519983,21517221,3705.66,0.02120780,0
1505519977,21517220,3700.74,0.15536822,0
1505519968,21517218,3700.00,0.01602500,1
1505519962,21517215,3700.13,1.92410261,0
1505519956,21517214,3701.22,0.45660108,0
1505519956,21517213,3699.13,0.00671539,1
1505519953,21517212,3703.80,0.02847500,1
1505519953,21517211,3701.82,0.00900000,0
1505519949,21517210,3699.00,4.34364254,0
1505519944,21517206,3701.81,0.00940200,0
1505519943,21517204,3696.31,0.01602950,0
1505519932,21517199,3696.31,0.01601868,1
1505519930,21517170,3696.31,0.03367683,1
1505519930,21517169,3698.74,0.03385971,0
1505519929,21517168,3696.61,0.04386452,0
1505519919,21517167,3692.51,0.80102980,0
1505519919,21517164,3692.51,2.38000000,0
1505519918,21517161,3692.51,0.31897020,1
1505519903,21517148,3692.51,0.01602980,1
1505519897,21517146,3699.88,0.33500000,0
1505519886,21517143,3699.89,0.36761915,1
1505519885,21517142,3699.89,0.91300000,0
1505519872,21517135,3686.59,2.69070000,0
1505519872,21517134,3684.44,0.00424677,0
1505519866,21517133,3684.44,0.00200000,0
1505519855,21517131,3683.60,0.14120125,1
1505519855,21517129,3685.15,0.03165147,1
1505519850,21517124,3687.47,2.69030000,0
1505519843,21517112,3693.04,0.00700000,0
1505519835,21517105,3685.15,0.00998553,0
1505519832,21517094,3685.15,0.03166813,0
1505519831,21517092,3680.73,0.15331980,1
1505519831,21517091,3685.14,1.00000000,0
1505519819,21517085,3684.62,1.00000000,1
1505519818,21517084,3684.62,1.00000000,1
1505519815,21517083,3677.53,0.08700000,1
1505519815,21517082,3677.54,0.91300000,1
1505519813,21517081,3681.18,0.08700000,1
1505519813,21517080,3681.20,0.91300000,1
1505519809,21517076,3684.07,0.09728237,0
1505519806,21517075,3684.07,0.08700000,1
1505519806,21517074,3684.09,0.91300000,1
1505519792,21517065,3685.16,0.89900000,1
1505519787,21517057,3686.61,0.03812641,1
1505519787,21517056,3686.61,0.00138251,1
1505519787,21517055,3686.61,0.00200000,1
1505519784,21517033,3686.62,1.00000000,1
1505519778,21517031,3693.05,0.00900000,0
1505519771,21517029,3687.48,0.02000000,1
1505519764,21517026,3688.13,2.20729624,1
1505519762,21517025,3688.13,0.50588830,1
1505519760,21517024,3687.75,0.02500000,0
1505519742,21517022,3689.59,3.90872945,1
1505519742,21517021,3689.60,0.90000000,1
1505519734,21517020,3689.63,1.34586525,0
1505519726,21517019,3691.13,0.99880000,0
1505519726,21517018,3692.16,3.87726149,1
1505519724,21517017,3691.80,1.44683851,0
1505519720,21517015,3692.46,0.89091637,1
1505519719,21517013,3692.46,0.93508363,1
1505519711,21517012,3698.19,0.00900000,1
1505519711,21517011,3698.19,1.43783851,1
1505519709,21517010,3701.83,0.09469079,0
1505519707,21517008,3699.56,0.02999919,0
1505519706,21517007,3700.00,2.05827244,1
1505519706,21517006,3700.00,7.00000000,1
1505519705,21517005,3701.84,0.00633100,0
1505519703,21517003,3700.00,0.94272756,1
1505519702,21517002,3700.00,5.00000000,1
1505519694,21516995,3700.00,2.99900000,1
1505519691,21516989,3705.64,0.00137971,0
1505519671,21516987,3706.23,0.01942091,0
1505519669,21516986,3698.20,0.02000000,1
1505519660,21516983,3706.10,0.00137954,0
1505519657,21516982,3698.22,0.68000000,1
1505519644,21516978,3697.87,0.55060100,1
1505519644,21516977,3714.10,0.10939900,1
1505519642,21516976,3694.61,0.06000000,1
1505519642,21516975,3696.52,0.20000000,1
1505519642,21516974,3697.84,0.20000000,1
1505519635,21516973,3698.21,0.00939000,1
1505519632,21516972,3714.16,0.06215712,0
1505519630,21516969,3714.22,0.00137653,0
1505519625,21516964,3698.15,0.40000000,1
1505519623,21516961,3698.12,0.03000000,1
1505519606,21516953,3698.01,0.08382772,1
1505519604,21516951,3697.99,0.60000000,0
1505519603,21516950,3699.00,0.40000000,1
1505519602,21516949,3697.99,0.60000000,0
1505519601,21516948,3698.00,0.20000000,1
1505519601,21516947,3698.00,0.20000000,1
1505519599,21516944,3697.86,0.15000000,0
1505519597,21516943,3718.00,0.00800000,0
1505519596,21516942,3697.97,1.00000000,1
1505519593,21516941,3709.68,0.00137822,1
1505519588,21516940,3709.67,0.00137822,1
1505519587,21516939,3709.68,0.90058249,1
1505519577,21516930,3715.24,0.04112952,1
1505519577,21516929,3716.79,0.03194675,1
1505519574,21516928,3715.31,0.17760000,0
1505519574,21516927,3715.31,0.25976530,0
1505519569,21516913,3715.31,0.24733770,0
1505519569,21516912,3715.24,0.75266230,0
1505519568,21516908,3715.24,0.00133770,0
1505519567,21516903,3715.31,1.00000000,1
1505519567,21516899,3722.80,1.96758477,0
1505519566,21516897,3718.00,1.84114468,1
1505519565,21516896,3718.00,1.00000000,1
1505519561,21516895,3718.20,8.26188897,0
1505519561,21516894,3718.18,0.01000000,0
1505519561,21516893,3715.57,0.04131263,0
1505519561,21516892,3714.57,0.06000000,0
1505519561,21516891,3714.56,1.60200000,0
1505519560,21516890,3709.67,0.02479840,0
1505519551,21516883,3709.67,0.01658000,0
1505519540,21516881,3693.74,1.68014806,1
1505519540,21516880,3693.74,0.81985194,0
1505519538,21516877,3704.00,0.61437000,0
1505519538,21516876,3703.99,0.06000000,0
1505519535,21516875,3700.00,0.49862972,0
1505519534,21516874,3698.19,3.46868121,0
1505519533,21516869,3698.19,5.00000000,0
1505519533,21516868,3698.19,7.00000000,0
1505519532,21516867,3698.19,5.00000000,0
1505519532,21516864,3698.19,0.00138250,0
1505519531,21516863,3698.19,0.01000000,0
1505519531,21516862,3698.19,4.99000000,0
1505519530,21516861,3698.19,19.00000000,0
1505519522,21516847,3698.19,2.00000000,0
1505519521,21516843,3690.00,0.02860000,1
1505519521,21516842,3698.19,1.00000000,0
1505519520,21516841,3698.19,0.31000000,0
1505519520,21516840,3698.18,0.07000000,0
1505519518,21516839,3698.19,0.60163411,0
1505519518,21516838,3698.19,1.00000000,0
1505519517,21516837,3690.17,0.09630000,1
1505519515,21516832,3698.19,1.00000000,0
1505519513,21516831,3698.19,1.00000000,0
1505519511,21516830,3698.19,1.00000000,0
1505519509,21516829,3698.19,0.49131602,0
1505519509,21516828,3698.19,0.96092300,0
1505519508,21516827,3698.19,1.00000000,0
1505519506,21516826,3698.19,0.92000000,0
1505519506,21516824,3698.18,0.08000000,0
1505519504,21516823,3698.19,1.00000000,0
1505519503,21516822,3698.19,19.00000000,0
1505519502,21516821,3698.19,0.06994052,0
1505519502,21516820,3698.19,0.00138250,0
1505519501,21516819,3698.19,1.00000000,0
1505519501,21516818,3698.19,4.90000000,0
1505519499,21516817,3698.19,1.00000000,0
1505519496,21516816,3698.19,1.00000000,0
1505519495,21516815,3698.19,0.07039660,0
1505519494,21516814,3698.19,0.91000000,0
1505519494,21516813,3698.18,0.09000000,0
1505519491,21516809,3698.19,1.00000000,0
1505519490,21516808,3698.19,0.10000000,0
1505519486,21516807,3698.00,0.20988257,1
1505519485,21516806,3698.01,3.26517244,1
1505519485,21516805,3698.19,0.13000000,0
1505519485,21516804,3698.18,0.00200000,1
1505519484,21516803,3698.01,0.00200000,1
1505519484,21516802,3698.01,0.00200000,1
1505519483,21516801,3698.00,0.00200000,1
1505519483,21516800,3698.00,0.00061743,1
1505519483,21516799,3698.00,0.00138257,1
1505519482,21516798,3698.18,0.00200000,1
1505519479,21516797,3698.18,0.10000000,1
1505519476,21516796,3698.18,0.01341319,1
1505519476,21516795,3698.19,7.00000000,0
1505519475,21516794,3698.19,6.89000000,0
1505519475,21516793,3698.18,0.11000000,0
1505519471,21516791,3698.00,0.27198778,0
1505519471,21516789,3690.07,0.01303900,1
1505519470,21516787,3698.00,5.00000000,0
1505519469,21516785,3697.99,1.00000000,0
1505519466,21516784,3698.00,1.00000000,0
1505519463,21516783,3690.01,0.00269064,1
1505519461,21516782,3690.00,0.01350000,1
1505519458,21516781,3689.12,0.66000000,1
1505519441,21516778,3698.00,0.00138257,0
1505519433,21516776,3698.00,1.00000000,0
1505519431,21516775,3698.00,1.00000000,0
1505519429,21516774,3686.65,0.52625576,1
1505519428,21516773,3698.00,1.00000000,0
1505519427,21516772,3698.00,1.00000000,0
1505519419,21516771,3698.15,0.10528083,1
1505519417,21516770,3698.19,0.17434354,0
1505519417,21516769,3698.18,0.12000000,0
1505519417,21516768,3698.16,0.03812641,0
1505519416,21516767,3698.15,0.29990704,0
1505519416,21516766,3698.15,0.01000000,0
1505519412,21516761,3698.15,1.00000000,1
1505519411,21516760,3698.16,0.00138251,0
1505519411,21516759,3696.15,0.05000000,0
1505519406,21516757,3698.15,0.06203642,0
1505519404,21516755,3698.00,0.02130280,1
1505519402,21516754,3698.00,1.00000000,1
1505519400,21516753,3698.15,1.00000000,0
1505519399,21516752,3698.00,0.03066280,0
1505519394,21516749,3698.00,0.75000000,0
1505519394,21516748,3694.75,0.03068705,0
1505519392,21516746,3698.16,0.00200000,0
1505519391,21516745,3698.00,0.14561592,0
1505519391,21516744,3692.65,0.10395872,0
1505519388,21516743,3698.00,0.03068672,1
1505519386,21516740,3698.00,0.87162160,0
1505519384,21516735,3698.00,0.04137840,0
1505519382,21516732,3694.75,0.02993165,1
1505519381,21516730,3698.02,0.00138256,0
1505519379,21516725,3694.75,1.00000000,1
1505519378,21516723,3698.03,0.06528624,0
1505519378,21516722,3694.75,0.02987973,0
1505519375,21516721,3693.74,0.43969900,1
1505519373,21516720,3693.73,0.17700000,0
1505519373,21516719,3693.70,0.26300000,0
1505519371,21516718,3677.03,0.12080341,0
1505519370,21516716,3693.73,0.08700000,0
1505519370,21516715,3693.71,0.91300000,0
1505519367,21516714,3693.74,1.00000000,0
1505519364,21516712,3693.77,0.16380823,0
1505519364,21516711,3693.77,0.83619177,0
1505519362,21516710,3693.79,0.44500000,0
1505519362,21516709,3693.79,0.55500000,0
1505519362,21516708,3693.79,1.00000000,0
1505519358,21516701,3687.17,0.05771094,1
1505519357,21516700,3687.13,0.10300000,0
1505519356,21516699,3687.17,0.08700000,1
1505519355,21516697,3687.14,0.91300000,0
1505519349,21516696,3676.89,0.05661768,0
1505519347,21516695,3675.08,0.56734511,1
1505519341,21516690,3675.08,0.02025000,1
1505519338,21516686,3675.08,0.01973840,1
1505519337,21516685,3676.89,0.00400000,0
1505519325,21516677,3681.96,0.00389497,0
1505519322,21516673,3676.84,0.07143967,1
1505519321,21516672,3684.24,0.10328892,0
1505519320,21516671,3676.00,1.50000000,0
1505519320,21516670,3675.99,2.70200000,0
1505519319,21516669,3675.07,1.03089108,0
1505519319,21516666,3675.07,1.70379067,0
1505519317,21516660,3675.06,2.70260000,0
1505519292,21516654,3675.06,0.00139120,1
1505519285,21516648,3675.06,0.02500000,0
1505519280,21516639,3675.07,0.14441336,0
1505519274,21516614,3665.29,0.07080906,1
1505519268,21516613,3675.07,0.02000000,0
1505519260,21516610,3675.07,0.00139120,0
1505519255,21516609,3674.97,1.01090686,0
1505519255,21516608,3674.95,0.91300000,0
1505519231,21516607,3675.94,0.00139085,0
1505519204,21516568,3666.67,2.70790000,1
1505519201,21516567,3662.98,0.08564715,0
1505519200,21516565,3662.98,0.00139232,0
1505519190,21516543,3655.66,0.72000000,1
1505519180,21516534,3673.77,0.05600000,0
1505519178,21516533,3655.55,1.00000000,1
1505519176,21516532,3670.83,1.00000000,0
1505519171,21516531,3665.19,1.29520000,0
1505519170,21516529,3665.19,0.00138915,0
1505519170,21516525,3659.83,0.20973586,1
1505519170,21516524,3673.78,2.70480000,1
1505519169,21516523,3674.62,0.06928064,0
1505519167,21516521,3680.50,0.00401900,1
1505519164,21516520,3670.62,0.02747000,0
1505519160,21516519,3669.81,2.67525438,0
1505519159,21516518,3669.81,2.74534562,0
1505519158,21516515,3663.97,2.30204935,1
1505519158,21516514,3675.18,0.40815065,1
1505519157,21516513,3675.18,0.59184935,0
1505519151,21516496,3675.16,0.23869433,1
1505519149,21516495,3675.16,0.76130567,0
1505519148,21516494,3675.16,1.00000000,1
1505519147,21516493,3663.97,2.70950000,1
1505519146,21516492,3675.16,0.05265000,1
1505519146,21516491,3675.16,0.03530000,0
1505519146,21516490,3675.12,0.20000000,0
1505519145,21516489,3675.12,0.80000000,0
1505519144,21516488,3665.00,2.70530000,1
1505519140,21516487,3675.14,0.00139117,0
1505519133,21516486,3664.99,2.70920000,0
1505519129,21516485,3663.00,0.25520872,0
1505519126,21516483,3656.70,0.66289478,1
1505519126,21516480,3656.73,0.33710522,1
1505519124,21516478,3655.50,1.00000000,1
1505519122,21516476,3654.24,1.00000000,0
1505519119,21516473,3654.28,0.33710522,1
1505519119,21516472,3654.31,0.66289478,1
1505519118,21516471,3663.00,0.66289478,0
1505519118,21516470,3662.97,0.33710522,0
1505519113,21516467,3655.09,1.00000000,1
1505519112,21516466,3655.00,3.19275111,0
1505519111,21516465,3654.23,1.00000000,1
1505519109,21516464,3655.00,0.00139884,0
1505519109,21516463,3655.00,0.90631013,0
1505519108,21516462,3654.99,1.79678987,0
1505519106,21516458,3655.00,0.25381122,0
1505519105,21516455,3655.00,0.31033000,0
1505519103,21516454,3654.97,0.00827000,0
1505519099,21516450,3656.66,0.33539870,1
1505519093,21516429,3661.00,0.25005515,0
1505519093,21516428,3657.35,9.99610000,0
1505519091,21516422,3660.25,2.70410000,1
1505519089,21516418,3656.69,0.95802215,1
1505519088,21516416,3656.69,0.04197785,1
1505519084,21516414,3660.69,0.02878682,0
1505519080,21516412,3660.67,0.00139585,0
1505519079,21516411,3660.70,0.00200000,1
1505519079,21516410,3660.70,0.00200000,1
1505519079,21516409,3660.70,0.00200000,1
1505519078,21516407,3660.99,2.70800000,1
1505519078,21516406,3662.28,0.04176688,1
1505519057,21516401,3663.16,0.08189650,1
1505519050,21516399,3663.37,0.00138057,1
1505519050,21516398,3663.37,0.00001507,0
1505519046,21516396,3663.36,0.04892347,1
1505519043,21516387,3663.18,0.01847000,0
1505519038,21516379,3663.37,0.03765693,0
1505519019,21516370,3669.85,0.00139318,1
1505518993,21516361,3669.92,0.07887344,0
1505518991,21516357,3664.01,0.02000000,1
1505518989,21516356,3665.35,0.00139488,0
1505518988,21516355,3664.01,2.72560346,1
1505518984,21516354,3664.00,1.00000000,1
1505518983,21516353,3665.80,0.06296400,1
1505518982,21516352,3664.00,1.00000000,1
1505518980,21516351,3667.14,3.41861152,1
1505518979,21516350,3664.00,0.97636136,1
1505518979,21516349,3666.26,0.02363864,1
1505518978,21516346,3664.09,0.47000000,1
1505518976,21516345,3664.09,1.00000000,1
1505518962,21516344,3667.13,1.00000000,1
1505518959,21516341,3669.15,0.00139344,1
1505518953,21516340,3669.18,0.00806992,1
1505518945,21516338,3670.00,0.06254592,1
1505518945,21516337,3670.00,5.00000000,1
1505518943,21516335,3670.00,0.98625993,1
1505518943,21516334,3671.45,0.01374007,1
1505518941,21516333,3670.00,1.00000000,1
1505518940,21516332,3670.00,1.00000000,1
1505518936,21516330,3670.00,0.01525286,1
1505518935,21516328,3675.18,0.48207101,0
1505518934,21516327,3675.16,2.69970000,0
1505518934,21516326,3675.15,0.54713651,0
1505518934,21516324,3675.11,1.27109248,0
1505518934,21516323,3675.11,0.01180589,0
1505518928,21516316,3675.04,0.00139118,0
1505518923,21516309,3675.11,0.01710163,0
1505518921,21516305,3675.11,0.44000000,0
1505518915,21516297,3675.13,0.01800000,0
1505518911,21516295,3670.00,0.69943726,1
1505518909,21516293,3674.59,0.35200000,0
1505518900,21516289,3674.61,0.09428682,0
1505518899,21516284,3674.54,0.00139138,0
1505518894,21516279,3670.00,1.00000000,1
1505518892,21516278,3675.15,0.00953613,0
1505518891,21516277,3670.00,1.00000000,1
1505518891,21516276,3670.00,0.00667251,1
1505518889,21516274,3670.00,1.00000000,1
1505518887,21516273,3670.00,1.00000000,1
1505518885,21516272,3670.00,1.00000000,1
1505518884,21516271,3668.96,1.00000000,0
1505518884,21516270,3668.92,0.22983152,0
1505518881,21516269,3668.93,0.07005000,0
1505518879,21516266,3668.96,0.22983152,0
1505518878,21516265,3668.96,0.40823435,1
1505518878,21516264,3668.96,0.36193413,1
1505518874,21516263,3669.17,0.80208453,0
1505518868,21516261,3675.15,0.00139117,0
1505518854,21516256,3669.18,0.00207649,1
1505518846,21516251,3669.18,0.01908511,1
1505518838,21516248,3675.15,0.00139117,0
1505518814,21516244,3669.17,0.02309000,1
1505518814,21516243,3669.17,0.02308000,1
1505518813,21516242,3669.17,0.02326000,0
1505518812,21516240,3669.17,0.02327000,1
1505518811,21516239,3669.21,0.02299000,0
1505518810,21516238,3669.21,0.02274000,0
1505518810,21516237,3669.24,0.02298000,0
1505518808,21516236,3675.17,0.00139116,0
1505518779,21516233,3675.18,0.00139116,0
1505518769,21516226,3671.45,0.01100000,0
1505518752,21516223,3675.17,0.02000000,0
1505518748,21516221,3675.17,0.00139116,0
1505518733,21516214,3675.18,0.01100000,0
1505518732,21516211,3675.18,0.27657148,1
1505518729,21516208,3663.24,0.13905757,0
1505518726,21516207,3680.98,0.41000000,0
1505518718,21516205,3681.11,0.00138892,1
1505518687,21516197,3681.36,0.00138882,0
1505518686,21516196,3681.36,0.57860622,0
1505518686,21516194,3675.01,0.42250378,0
1505518685,21516193,3675.01,0.25199383,0
1505518685,21516192,3681.29,0.32550239,1
1505518685,21516191,3681.36,0.28898746,0
1505518683,21516186,3680.09,0.05440000,0
1505518683,21516183,3674.75,1.00000000,1
1505518680,21516178,3663.19,0.02000000,1
1505518679,21516173,3663.16,0.08700000,0
1505518679,21516172,3663.16,0.91300000,0
1505518678,21516171,3675.01,1.00000000,1
1505518677,21516170,3681.29,0.11995201,0
1505518677,21516169,3675.01,3.89826149,1
1505518675,21516163,3668.08,0.00000637,1
1505518675,21516162,3675.00,0.99999363,1
1505518668,21516158,3663.15,0.68000000,1
1505518664,21516157,3675.00,0.17650659,1
1505518663,21516156,3675.00,0.74380882,1
1505518663,21516155,3675.00,0.25619118,1
1505518660,21516154,3675.00,0.04380882,1
1505518660,21516153,3675.13,0.95619118,1
1505518658,21516152,3675.13,4.89760882,1
1505518658,21516151,3675.13,0.00139118,1
1505518657,21516150,3675.16,1.00000000,0
1505518653,21516149,3675.18,1.00000000,1
1505518652,21516148,3681.40,4.00000000,1
1505518651,21516147,3681.40,1.00000000,1
1505518642,21516146,3675.16,0.02000000,1
1505518641,21516144,3675.19,1.00000000,0
1505518638,21516141,3676.69,1.00000000,1
1505518630,21516135,3675.18,0.11000000,1
1505518628,21516134,3679.68,0.00138946,1
1505518625,21516132,3678.81,0.01250000,0
1505518624,21516131,3675.13,0.00512750,1
1505518624,21516130,3683.77,0.00200000,1
1505518620,21516128,3675.06,0.10000000,0
1505518619,21516126,3675.13,0.90000000,1
1505518618,21516120,3675.12,0.66000000,1
1505518616,21516119,3678.81,0.01000000,1
1505518616,21516118,3678.81,1.00000000,1
1505518614,21516117,3675.12,0.03700000,1
1505518614,21516116,3675.17,0.91300000,1
1505518614,21516115,3675.25,0.05000000,1
1505518612,21516114,3678.80,0.16978300,1
1505518610,21516113,3678.80,0.45449000,1
1505518608,21516112,3680.08,0.00200000,0
1505518608,21516111,3680.08,0.00200000,0
1505518604,21516107,3678.00,0.13309199,1
1505518604,21516106,3683.77,0.00200000,1
1505518600,21516102,3678.80,1.00000000,1
1505518597,21516098,3683.78,0.00138411,0
1505518593,21516094,3675.16,0.04176688,1
1505518590,21516090,3678.64,0.00899999,0
1505518590,21516089,3683.77,0.00200000,1
1505518589,21516088,3693.88,0.01977731,1
1505518588,21516087,3693.88,0.00200000,0
1505518569,21516074,3694.26,0.01300000,0
1505518567,21516072,3694.22,0.00138397,0
1505518566,21516070,3694.22,0.00324018,0
1505518558,21516063,3673.63,0.09284161,1
1505518554,21516058,3680.09,0.04017263,1
1505518554,21516056,3673.67,0.33100495,1
1505518550,21516048,3694.60,0.02969778,0
1505518546,21516041,3680.09,0.01213173,1
1505518545,21516039,3680.09,0.01385357,1
1505518544,21516037,3680.09,3.27844161,0
1505518538,21516018,3683.79,0.22856173,0
1505518537,21516015,3683.79,0.00138379,0
1505518537,21516012,3683.79,0.69943726,1
1505518536,21516011,3683.80,0.03243763,1
1505518536,21516010,3694.75,0.01166556,0
1505518532,21516004,3680.08,0.33476541,0
1505518531,21516002,3680.08,0.20000000,1
1505518531,21516000,3680.08,0.19940093,1
1505518531,21515997,3683.77,0.26583366,1
1505518529,21515993,3683.77,0.00429715,1
1505518529,21515991,3683.77,0.62070285,0
1505518527,21515990,3683.77,0.26199800,0
1505518516,21515969,3683.77,0.27716400,0
1505518508,21515952,3683.77,0.26193274,0
1505518508,21515951,3680.08,0.00059907,1
1505518508,21515950,3680.08,0.20000000,1
1505518506,21515945,3683.77,0.00138791,0
1505518506,21515944,3683.77,0.10981955,0
1505518504,21515939,3680.07,0.05833280,1
1505518504,21515938,3680.07,0.07554503,1
1505518503,21515937,3680.07,0.09113727,1
1505518502,21515936,3680.07,0.01569504,1
1505518502,21515935,3680.07,0.01762266,1
1505518498,21515931,3683.77,0.13849548,0
1505518497,21515929,3683.77,0.18035000,0
1505518493,21515923,3683.77,0.29560700,0
1505518489,21515911,3683.77,0.00399122,0
1505518487,21515902,3683.77,0.19021800,0
1505518484,21515895,3683.77,0.65555600,0
1505518484,21515894,3680.01,0.00200000,1
1505518483,21515893,3680.01,0.00200000,1
1505518483,21515892,3680.01,0.00200000,1
1505518481,21515855,3680.01,3.00000000,1
1505518477,21515843,3683.77,0.00138791,0
1505518459,21515830,3680.00,0.36848904,0
1505518458,21515829,3675.00,4.00000000,0
1505518457,21515828,3680.00,1.00000000,0
1505518456,21515827,3680.00,0.95578460,0
1505518452,21515823,3680.00,0.09812027,0
1505518452,21515821,3680.00,0.14000000,0
1505518447,21515809,3680.00,0.00138933,0
1505518445,21515807,3680.00,0.04850000,0
1505518443,21515804,3680.00,1.00000000,0
1505518440,21515802,3680.00,0.16390000,0
1505518440,21515801,3680.00,0.83610000,0
1505518436,21515800,3680.00,1.00000000,0
1505518433,21515798,3680.00,1.00000000,0
1505518431,21515796,3680.00,1.00000000,0
1505518429,21515795,3680.00,1.00000000,0
1505518428,21515794,3661.36,0.02000000,1
1505518427,21515789,3675.00,0.79147214,0
1505518427,21515787,3675.00,3.00000000,0
1505518426,21515786,3676.00,0.20852786,1
1505518419,21515779,3679.99,1.00000000,1
1505518417,21515773,3679.99,0.00138934,1
1505518414,21515767,3679.83,0.04179914,1
1505518409,21515765,3679.83,0.12586700,1
1505518405,21515760,3680.00,0.16090000,0
1505518404,21515759,3676.00,0.04000000,1
1505518403,21515757,3676.00,4.00000000,1
1505518402,21515755,3680.00,0.00300000,0
1505518389,21515745,3677.50,0.00789400,1
1505518386,21515743,3679.95,0.00138935,0
1505518379,21515742,3676.89,1.00000000,1
1505518377,21515741,3676.89,0.28000000,0
1505518374,21515740,3676.89,1.00000000,1
1505518372,21515738,3676.89,0.20000000,0
1505518372,21515737,3676.89,0.95814941,1
1505518371,21515736,3676.89,0.04185059,0
1505518370,21515733,3676.89,1.00000000,1
1505518366,21515731,3676.89,0.01426000,0
1505518363,21515730,3669.35,1.00000000,1
1505518361,21515728,3676.90,0.00307957,0
1505518356,21515722,3669.34,2.41489003,0
1505518356,21515721,3669.34,0.00139337,0
1505518354,21515720,3669.34,1.00000000,0
1505518352,21515719,3673.05,1.00000000,0
1505518347,21515714,3676.89,1.00000000,0
1505518345,21515712,3676.90,1.00000000,0
1505518343,21515709,3676.91,1.00000000,0
1505518343,21515707,3655.13,0.00217800,1
1505518341,21515705,3676.91,0.10100000,0
1505518340,21515704,3676.89,0.89900000,0
1505518336,21515701,3657.13,0.02500000,1
1505518336,21515700,3678.01,1.00000000,1
1505518333,21515698,3676.85,1.00000000,0
1505518331,21515697,3678.01,1.00000000,1
1505518329,21515695,3678.01,1.00000000,0
1505518327,21515694,3678.01,0.87638934,1
1505518326,21515693,3678.01,0.12361066,0
1505518326,21515692,3678.01,0.00138934,0
1505518323,21515690,3678.01,0.87760000,0
1505518321,21515689,3678.00,1.00000000,1
1505518318,21515688,3677.98,1.00000000,0
1505518316,21515687,3664.87,1.00000000,0
1505518315,21515686,3668.21,1.28170000,1
1505518314,21515685,3668.21,2.71830000,1
1505518314,21515684,3678.00,0.08700000,1
1505518313,21515683,3677.97,0.91300000,0
1505518313,21515682,3677.99,0.01377755,0
1505518309,21515665,3672.99,0.02000000,0
1505518304,21515664,3673.03,1.00000000,0
1505518302,21515663,3669.36,1.00000000,0
1505518300,21515655,3677.96,0.08700000,0
1505518300,21515653,3677.96,0.91300000,0
1505518299,21515648,3677.98,0.01411032,0
1505518296,21515637,3677.99,0.08700000,0
1505518296,21515636,3677.99,0.91300000,0
1505518294,21515624,3651.51,0.04203740,0
1505518293,21515621,3664.69,1.00000000,0
1505518291,21515614,3664.69,1.00000000,0
1505518289,21515601,3678.05,0.10971471,1
1505518289,21515598,3678.05,0.39391527,1
1505518286,21515584,3664.78,1.00000000,0
1505518284,21515576,3664.78,0.21191128,0
1505518283,21515572,3678.02,0.76700000,0
1505518283,21515570,3678.02,0.23300000,0
1505518282,21515567,3678.02,0.68000000,0
1505518279,21515557,3664.81,0.36546703,1
1505518278,21515556,3664.63,0.31627020,0
1505518278,21515555,3651.37,0.01236571,0
1505518276,21515554,3664.63,0.03372980,0
1505518275,21515553,3655.83,1.00000000,0
1505518274,21515551,3655.83,0.00653297,0
1505518274,21515550,3655.83,1.00000000,0
1505518272,21515547,3664.64,0.02360484,0
1505518271,21515546,3655.84,2.37200000,0
1505518270,21515545,3664.63,0.35000000,1
1505518266,21515544,3664.64,0.00139516,1
1505518266,21515543,3664.81,0.06245984,0
1505518263,21515538,3669.37,1.91680001,0
1505518263,21515537,3666.00,0.00200000,0
1505518263,21515536,3666.00,0.00200000,0
1505518263,21515535,3664.70,2.30132440,0
1505518263,21515534,3664.64,0.77787559,0
1505518255,21515530,3664.80,1.00000000,0
1505518243,21515520,3655.82,0.00200000,0
1505518243,21515519,3655.85,1.00000000,0
1505518235,21515488,3647.41,0.01285825,0
1505518234,21515487,3647.41,0.00140175,0
1505518231,21515484,3664.90,0.00000105,1
1505518231,21515482,3664.90,0.00521000,1
1505518230,21515479,3664.90,0.01478895,1
1505518221,21515455,3660.71,0.00300000,0
1505518220,21515454,3650.00,0.00140075,1
1505518217,21515450,3650.00,1.84490506,0
1505518216,21515449,3650.00,1.45190959,1
1505518216,21515447,3655.00,0.00200000,1
1505518203,21515397,3664.96,0.07217089,0
1505518202,21515388,3664.96,2.37595796,0
1505518201,21515387,3658.00,0.05689549,0
1505518199,21515376,3658.00,0.00200000,0
1505518197,21515373,3664.96,0.00139504,0
1505518191,21515372,3655.01,0.69000000,0
1505518183,21515370,3669.42,0.47418382,0
1505518181,21515368,3669.39,0.05872366,0
1505518177,21515364,3658.07,0.84000000,1
1505518170,21515360,3652.58,8.82547118,1
1505518170,21515359,3655.00,0.00200000,1
1505518170,21515358,3657.39,7.29638312,1
1505518170,21515357,3658.00,0.10000000,1
1505518170,21515356,3658.12,1.71200000,1
1505518168,21515355,3679.98,0.00138934,0
1505518152,21515350,3676.50,0.04690889,0
1505518152,21515349,3676.50,0.91300000,0
1505518150,21515346,3676.52,0.02000000,0
1505518148,21515345,3657.39,3.93341688,1
1505518148,21515344,3666.00,0.01000000,1
1505518148,21515343,3670.98,0.79073112,1
1505518144,21515342,3679.93,0.00634300,0
1505518137,21515340,3676.63,0.00139061,0
1505518137,21515339,3676.63,0.02129394,0
1505518137,21515338,3676.62,0.02760155,0
1505518135,21515337,3670.98,0.01357684,1
1505518132,21515334,3670.98,0.00355718,0
1505518126,21515332,3666.12,0.02556000,1
1505518123,21515328,3670.98,0.00344282,0
1505518123,21515327,3670.15,0.00574000,0
1505518108,21515316,3668.81,1.54415249,0
1505518108,21515315,3669.23,0.00139341,1
1505518108,21515314,3670.00,1.17445410,1
1505518106,21515305,3670.00,0.97343841,1
1505518105,21515304,3669.23,2.71880000,0
1505518103,21515303,3669.27,0.18100000,0
1505518101,21515302,3669.27,0.55934500,0
1505518098,21515301,3666.00,0.24440000,1
1505518096,21515300,3666.00,0.46118382,0
1505518094,21515299,3666.00,0.01300000,0
1505518087,21515283,3664.34,0.21221037,1
1505518084,21515280,3662.10,0.17036774,1
1505518084,21515277,3662.10,0.36972337,1
1505518082,21515269,3661.83,0.01602326,1
1505518078,21515252,3660.76,2.72560346,0
1505518076,21515251,3660.76,0.00139654,0
1505518073,21515245,3659.71,0.89900000,0
1505518068,21515237,3657.91,0.42590161,1
1505518068,21515236,3657.91,0.02733801,0
1505518068,21515235,3657.91,0.54676038,0
1505518063,21515229,3655.00,3.51337166,1
1505518062,21515226,3655.00,0.16000000,1
1505518061,21515219,3655.00,4.00000000,0
1505518060,21515217,3655.00,1.00000000,0
1505518058,21515213,3652.01,0.05000000,1
1505518056,21515211,3647.42,1.21703103,0
1505518054,21515209,3652.01,1.00000000,1
1505518052,21515206,3652.01,0.25000000,1
1505518051,21515205,3643.64,0.04212820,1
1505518048,21515201,3649.72,0.53927908,0
1505518048,21515199,3644.27,0.04072092,0
1505518048,21515198,3644.27,0.00139999,0
1505518048,21515197,3649.72,1.00000000,0
1505518047,21515195,3652.01,0.99914409,1
1505518045,21515194,3651.99,0.00085591,0
1505518044,21515189,3651.99,0.15781968,0
1505518043,21515188,3649.99,0.84218032,0
1505518043,21515185,3643.64,4.36400000,0
1505518043,21515184,3643.64,3.07654099,0
1505518042,21515183,3644.00,0.03000000,1
1505518042,21515182,3645.50,0.00200000,1
1505518042,21515180,3645.63,0.04204219,1
1505518041,21515179,3647.00,0.10000000,1
1505518041,21515174,3649.00,1.00000000,1
1505518041,21515173,3649.06,0.00048750,1
1505518041,21515171,3649.06,0.00139632,1
1505518041,21515169,3649.06,0.04010624,1
1505518040,21515167,3649.40,0.04197688,1
1505518040,21515162,3649.71,0.04192167,1
1505518039,21515155,3650.00,0.30000000,1
1505518038,21515154,3650.00,0.23352821,1
1505518038,21515153,3650.00,0.16647179,1
1505518038,21515151,3650.00,0.11352821,1
1505518038,21515149,3650.00,0.09945535,1
1505518038,21515146,3650.00,0.20000000,1
1505518038,21515143,3650.00,0.00054465,1
1505518037,21515139,3651.99,0.00700000,0
1505518033,21515132,3651.98,0.23000000,0
1505518033,21515127,3650.00,0.00945535,1
1505518033,21515126,3650.00,0.00510000,1
1505518032,21515124,3651.00,0.01089572,1
1505518032,21515122,3651.06,0.00272505,1
1505518031,21515120,3651.99,0.00139999,0
1505518029,21515111,3651.99,0.03292442,0
1505518027,21515105,3652.00,0.01416307,0
1505518025,21515096,3652.02,0.05489769,1
1505518023,21515091,3652.00,0.01547013,0
1505518023,21515087,3652.02,0.06276407,1
1505518023,21515086,3652.02,0.08804118,1
1505518022,21515082,3651.06,0.19727495,1
1505518022,21515079,3651.29,0.00272505,1
1505518022,21515077,3652.00,0.10000000,1
1505518021,21515075,3652.02,0.08386096,0
1505518021,21515074,3652.02,0.09026573,0
1505518016,21515030,3652.01,0.16597503,0
1505518016,21515027,3652.01,0.00139998,0
1505518013,21515015,3652.01,0.50007181,1
1505518012,21515006,3652.91,0.08369604,0
1505518011,21514998,3652.91,0.04184651,0
1505518011,21514994,3652.91,0.17838492,0
1505518010,21514980,3652.01,0.49992819,1
1505518008,21514967,3652.91,0.94414289,1
1505518006,21514963,3652.91,1.00000000,1
1505518005,21514961,3652.92,0.05779421,0
1505518005,21514960,3652.92,0.01122607,0
1505518003,21514950,3653.16,0.25662834,0
1505518001,21514936,3653.17,0.00139954,0
1505517998,21514912,3652.91,0.10000000,1
1505517993,21514872,3653.39,0.00272349,1
1505517993,21514871,3655.00,0.06839124,1
1505517993,21514870,3655.00,7.16699226,1
1505517992,21514865,3655.00,1.00000000,1
1505517991,21514857,3655.00,0.31000000,1
1505517989,21514854,3655.00,1.00000000,1
1505517987,21514845,3655.00,1.00000000,1
1505517986,21514839,3655.01,0.00139883,0
1505517985,21514836,3655.00,1.00000000,1
1505517983,21514828,3655.00,1.00000000,1
1505517980,21514813,3655.00,1.00000000,1
1505517976,21514788,3659.73,0.04738669,1
1505517975,21514782,3657.00,0.10000000,0
1505517975,21514779,3655.00,0.31937000,1
1505517974,21514776,3655.00,0.04199726,1
1505517974,21514774,3655.44,1.68063000,0
1505517972,21514761,3655.00,6.16164048,1
1505517972,21514759,3655.44,5.08326733,1
1505517972,21514757,3655.44,1.70487252,1
1505517972,21514756,3655.44,0.13000000,1
1505517971,21514753,3655.44,8.12021967,1
1505517971,21514752,3657.00,0.10000000,1
1505517971,21514749,3659.73,0.00139703,0
1505517967,21514738,3657.04,0.04178291,1
1505517967,21514737,3657.56,0.01308471,1
1505517966,21514736,3657.56,0.00139098,1
1505517966,21514735,3657.56,0.00159049,1
1505517966,21514733,3657.56,0.02576315,1
1505517966,21514732,3659.82,0.04181011,1
1505517966,21514731,3661.12,0.00271774,1
1505517966,21514730,3661.57,20.63188328,1
1505517963,21514725,3661.57,1.00000000,1
1505517962,21514724,3661.57,23.58000000,1
1505517961,21514723,3661.57,3.05310207,1
1505517960,21514721,3661.57,1.00000000,1
1505517959,21514718,3661.57,21.00000000,1
1505517959,21514717,3661.57,7.00000000,1
1505517958,21514714,3661.57,1.00000000,1
1505517957,21514712,3661.57,0.42000000,1
1505517956,21514710,3662.00,0.00139616,0
1505517955,21514708,3661.57,1.00000000,1
1505517955,21514707,3661.57,7.00000000,1
1505517955,21514705,3661.57,1.31847089,1
1505517953,21514703,3661.57,0.90000000,1
1505517953,21514702,3662.00,0.10000000,1
1505517951,21514700,3661.57,1.00000000,1
1505517950,21514699,3664.85,2.12205694,1
1505517949,21514692,3664.85,1.50000000,1
1505517948,21514691,3664.85,1.00000000,1
1505517948,21514688,3664.85,0.73284162,0
1505517938,21514672,3664.93,0.00139504,0
1505517925,21514638,3665.93,0.09304848,0
1505517922,21514637,3661.57,0.46000000,1
1505517919,21514634,3664.08,0.00139537,1
1505517908,21514631,3661.57,2.60814375,1
1505517908,21514630,3661.65,0.96485614,1
1505517908,21514629,3662.00,0.50000000,1
1505517908,21514628,3662.30,0.92700011,1
1505517906,21514627,3665.00,3.94689793,1
1505517905,21514626,3665.00,0.17500000,1
1505517899,21514615,3665.86,0.17410990,1
1505517896,21514607,3669.47,0.00400000,0
1505517896,21514606,3665.86,0.12559010,1
1505517896,21514605,3665.88,3.00190000,1
1505517896,21514604,3665.88,1.87250990,1
1505517893,21514602,3665.88,0.26000000,1
1505517887,21514582,3671.00,0.02963766,0
1505517887,21514580,3665.88,0.01108459,1
1505517887,21514579,3665.88,0.03032000,1
1505517886,21514577,3665.88,0.05551628,1
1505517880,21514567,3665.88,0.76680000,1
1505517880,21514566,3670.99,0.02000000,0
1505517878,21514565,3670.99,0.00139274,1
1505517875,21514562,3670.99,2.00000000,0
1505517870,21514561,3665.88,0.00566923,1
1505517870,21514560,3665.88,0.89433077,1
1505517870,21514559,3666.00,0.10000000,1
1505517866,21514557,3665.88,1.00000000,1
1505517864,21514555,3665.88,0.75024278,1
1505517864,21514554,3666.00,0.24975722,1
1505517860,21514549,3665.88,0.15781645,1
1505517860,21514548,3665.89,0.84218355,1
1505517858,21514546,3665.88,0.16914000,1
1505517858,21514545,3666.00,0.83086000,1
1505517856,21514542,3679.54,0.14000000,0
1505517854,21514541,3666.00,1.00000000,1
1505517852,21514539,3666.00,0.94067000,1
1505517852,21514538,3666.00,0.05933000,1
1505517851,21514536,3666.00,2.71220000,1
1505517850,21514535,3671.04,0.55412714,1
1505517850,21514532,3671.01,0.16773600,1
1505517848,21514530,3671.01,0.00139274,1
1505517843,21514528,3671.03,0.00400000,0
1505517841,21514527,3661.65,0.02000000,1
1505517835,21514524,3665.85,0.54099702,0
1505517830,21514516,3661.66,1.98000000,0
1505517829,21514513,3661.65,0.11000000,1
1505517828,21514511,3661.65,1.00000000,1
1505517825,21514507,3662.57,0.07975346,0
1505517825,21514506,3661.65,1.00000000,1
1505517823,21514505,3661.65,1.00000000,1
1505517822,21514500,3661.59,1.00000000,0
1505517820,21514493,3661.57,0.26528439,1
1505517819,21514492,3661.59,1.73900000,1
1505517819,21514491,3661.59,0.08700000,1
1505517819,21514490,3661.59,0.91300000,1
1505517818,21514487,3661.65,0.00139630,0
1505517815,21514483,3661.65,1.00000000,1
1505517808,21514467,3661.59,0.04192167,1
1505517804,21514464,3663.12,0.04175348,1
1505517804,21514463,3663.12,0.00000045,1
1505517803,21514457,3665.99,0.00139464,0
1505517800,21514449,3666.00,0.08189853,0
1505517800,21514448,3666.00,0.07738737,0
1505517798,21514442,3671.13,1.99268366,0
1505517798,21514441,3666.00,0.40444470,0
1505517798,21514440,3666.00,0.20715315,0
1505517798,21514439,3665.17,0.07500000,0
1505517792,21514421,3665.24,0.50000000,1
1505517787,21514415,3666.00,0.03300000,0
1505517786,21514410,3666.00,0.01099968,1
1505517784,21514405,3670.01,0.00146923,1
1505517783,21514401,3671.16,0.07050000,0
1505517783,21514397,3666.00,0.32586688,1
1505517782,21514395,3666.00,0.33686656,1
1505517782,21514394,3666.00,0.25726656,1
1505517782,21514391,3667.00,0.08000000,1
1505517782,21514390,3671.16,0.07050000,0
1505517780,21514388,3673.74,0.18013370,1
1505517780,21514386,3675.18,2.00000000,0
1505517779,21514385,3667.00,0.02000000,1
1505517778,21514384,3673.71,0.10963370,0
1505517777,21514383,3673.71,0.22451779,0
1505517776,21514382,3675.18,1.28806486,0
1505517776,21514381,3666.01,1.00000000,1
1505517773,21514380,3676.28,0.00139074,0
1505517768,21514374,3676.29,0.04154529,0
1505517768,21514373,3676.29,0.09036630,0
1505517767,21514371,3679.90,0.00329012,1
1505517767,21514370,3676.30,0.08707618,0
1505517767,21514369,3673.73,3.27379626,0
1505517763,21514364,3666.01,0.02000000,1
1505517760,21514355,3673.73,0.07199546,0
1505517752,21514305,3671.49,0.35160274,1
1505517751,21514303,3671.49,0.07947700,1
1505517749,21514297,3671.50,1.00000000,1
1505517748,21514295,3673.75,0.00200000,0
1505517745,21514290,3676.29,0.90882843,0
1505517745,21514289,3675.64,1.52666183,0
1505517745,21514288,3675.63,0.23772200,0
1505517744,21514285,3673.76,0.24611744,0
1505517743,21514283,3675.64,0.00139073,0
1505517743,21514282,3675.64,0.08794744,0
1505517742,21514281,3671.50,0.35225600,1
1505517742,21514280,3671.50,0.07882400,1
1505517739,21514254,3675.66,0.11159100,0
1505517738,21514251,3675.66,0.10159100,0
1505517737,21514250,3676.30,0.17328743,1
1505517736,21514246,3676.30,0.01137926,1
1505517736,21514245,3679.88,0.02000000,0
1505517736,21514244,3676.30,0.01164487,1
1505517734,21514240,3676.30,0.26605200,1
1505517730,21514235,3676.30,0.42000000,1
1505517728,21514231,3676.30,0.15040472,1
1505517726,21514222,3679.92,0.12468953,0
1505517724,21514220,3679.94,0.15910833,0
1505517724,21514218,3679.93,0.84089167,0
1505517724,21514213,3679.94,0.04000000,0
1505517720,21514205,3679.98,0.03782791,0
1505517718,21514204,3676.30,0.05084360,1
1505517718,21514203,3676.30,0.02000000,1
1505517718,21514199,3676.30,0.45319040,1
1505517718,21514193,3676.30,0.53056800,1
1505517717,21514188,3676.30,0.04810000,1
1505517713,21514173,3680.88,0.00138900,0
1505517712,21514170,3680.88,1.00000000,0
1505517711,21514166,3676.30,0.04175348,0
1505517710,21514162,3676.30,0.00000045,1
1505517710,21514160,3676.30,0.81959955,1
1505517710,21514159,3676.30,0.26126845,1
1505517704,21514153,3676.27,1.08819811,0
1505517703,21514152,3676.27,0.25084563,0
1505517702,21514148,3676.42,1.34946656,1
1505517701,21514147,3688.27,0.48489903,0
1505517701,21514146,3680.99,0.03297293,0
1505517701,21514145,3680.99,0.00812804,0
1505517700,21514144,3677.70,0.37700000,0
1505517700,21514143,3676.28,0.59700000,0
1505517699,21514139,3676.28,1.00000000,0
1505517686,21514109,3666.00,0.83000000,0
1505517686,21514108,3666.00,0.06799703,0
1505517686,21514107,3666.00,0.02000000,0
1505517685,21514104,3666.00,0.00984000,0
1505517683,21514097,3668.38,0.00139374,1
1505517682,21514095,3671.47,0.06796936,0
1505517682,21514094,3663.13,1.00000000,1
1505517680,21514088,3663.54,1.00000000,1
1505517677,21514084,3663.54,1.00000000,1
1505517670,21514051,3668.40,0.79138779,1
1505517670,21514050,3668.40,0.29644282,1
1505517669,21514047,3671.49,0.06872071,0
1505517669,21514036,3668.40,2.00000000,1
1505517668,21514028,3668.40,0.02000000,1
1505517668,21514025,3668.40,0.00271338,1
1505517668,21514024,3668.40,0.88945601,1
1505517668,21514021,3670.29,0.08333321,1
1505517668,21514019,3670.29,0.02721078,1
1505517666,21514010,3675.27,0.00984000,0
1505517665,21514005,3668.40,1.00000000,1
1505517662,21513992,3661.58,1.00000000,1
1505517661,21513988,3675.33,0.99770000,0
1505517660,21513983,3661.58,1.00000000,0
1505517660,21513981,3661.57,2.00000000,1
1505517658,21513974,3661.58,0.10001208,0
1505517658,21513972,3661.58,0.10001867,0
1505517658,21513970,3661.58,0.36037870,0
1505517657,21513969,3661.58,0.13700000,1
1505517656,21513967,3661.57,0.04000000,1
1505517656,21513965,3661.58,0.00984000,0
1505517655,21513963,3661.57,0.08002200,1
1505517655,21513962,3663.24,0.51239700,1
1505517655,21513961,3663.24,0.08758100,1
1505517654,21513959,3671.03,1.00000000,0
1505517654,21513954,3671.03,0.13700000,0
1505517653,21513945,3661.57,1.99860431,1
1505517652,21513943,3661.58,0.00139569,0
1505517649,21513925,3661.57,2.84448931,1
1505517649,21513923,3663.00,2.00000000,1
1505517649,21513921,3663.42,0.04887684,1
1505517647,21513912,3663.42,0.09767265,0
1505517646,21513904,3663.42,0.86328759,1
1505517646,21513903,3679.90,0.03903976,1
1505517645,21513897,3663.01,0.50286450,1
1505517644,21513891,3663.02,0.02084561,1
1505517644,21513890,3663.24,0.07628989,1
1505517644,21513888,3667.01,0.00356902,1
1505517641,21513884,3667.00,1.00000000,1
1505517640,21513883,3670.00,0.48060688,0
1505517638,21513882,3670.01,0.00139312,1
1505517638,21513881,3673.69,0.02800000,1
1505517637,21513880,3673.69,0.15185662,1
1505517635,21513872,3672.49,0.00356902,0
1505517635,21513868,3663.41,0.02424614,1
1505517634,21513867,3663.42,1.57400000,0
1505517634,21513863,3665.00,0.05000000,1
1505517634,21513862,3665.00,0.05000000,1
1505517634,21513861,3665.50,0.00200000,1
1505517633,21513860,3667.00,0.10000000,1
1505517633,21513857,3670.00,0.19975386,1
1505517633,21513856,3671.51,0.50979608,0
1505517632,21513854,3670.01,0.03300000,0
1505517630,21513850,3673.76,0.51283165,1
1505517630,21513849,3673.69,0.71024770,0
1505517629,21513847,3673.69,0.06000000,0
1505517629,21513844,3671.34,0.01000000,0
1505517626,21513834,3673.69,1.00000000,1
1505517625,21513830,3670.01,0.92725230,0
1505517624,21513826,3673.77,0.07274770,1
1505517622,21513824,3673.77,0.92724592,0
1505517621,21513823,3673.77,0.00139169,0
1505517621,21513822,3673.77,0.07136239,0
1505517619,21513816,3670.00,2.00000000,1
1505517616,21513811,3673.77,0.99960015,0
1505517610,21513804,3675.67,0.00984000,0
1505517608,21513788,3671.34,0.72065257,1
1505517607,21513785,3673.76,0.21335037,1
1505517607,21513782,3673.76,0.02188058,0
1505517607,21513779,3673.77,0.13873344,0
1505517606,21513778,3673.77,0.00138708,0
1505517605,21513774,3673.77,0.86399596,1
1505517605,21513773,3675.63,0.04000000,1
1505517604,21513770,3673.77,1.00000000,1
1505517603,21513763,3673.77,0.68041415,0
1505517603,21513762,3673.77,0.00913469,0
1505517600,21513749,3675.62,0.50000000,1
1505517599,21513746,3675.66,0.50000000,1
1505517597,21513737,3675.62,1.00000000,1
1505517596,21513735,3686.97,0.50000000,0
1505517595,21513730,3675.62,1.50000000,1
1505517594,21513729,3675.62,1.00000000,1
1505517592,21513722,3673.77,1.00000000,1
1505517590,21513718,3673.76,0.27274443,1
1505517590,21513717,3673.76,0.72725557,1
1505517589,21513716,3673.77,2.00000000,0
1505517588,21513714,3673.76,0.23854411,1
1505517588,21513713,3673.77,0.04145589,1
1505517588,21513710,3673.77,0.72000000,1
1505517586,21513702,3673.77,0.02000000,1
1505517586,21513701,3673.82,0.98000000,1
1505517585,21513698,3688.57,0.10015000,0
1505517585,21513697,3673.77,1.00000000,1
1505517584,21513692,3688.57,0.07294596,0
1505517582,21513683,3673.76,0.03380047,1
1505517582,21513680,3673.76,0.27829953,1
1505517582,21513679,3684.13,1.68790000,1
1505517582,21513672,3684.13,1.00000000,1
1505517581,21513670,3683.23,0.58266990,1
1505517581,21513669,3679.66,2.10823010,0
1505517579,21513664,3673.76,0.00000547,1
1505517579,21513663,3673.76,0.99999453,1
1505517577,21513659,3692.14,0.17437507,0
1505517577,21513658,3692.14,0.17600000,0
1505517576,21513655,3673.76,0.00139169,0
1505517573,21513650,3673.76,0.95342000,0
1505517572,21513649,3692.17,0.08283179,0
1505517572,21513647,3692.16,0.11003765,0
1505517572,21513645,3692.16,0.08301258,0
1505517571,21513639,3673.76,0.01360500,0
1505517570,21513634,3674.99,0.04176620,1
1505517570,21513633,3675.00,0.52964016,1
1505517570,21513632,3676.83,0.04000000,1
1505517570,21513631,3676.83,0.00500000,1
1505517568,21513620,3675.21,1.00000000,1
1505517567,21513611,3670.02,1.00428439,0
1505517566,21513610,3670.61,0.01070000,1
1505517566,21513606,3671.00,0.03000000,1
1505517566,21513604,3671.00,0.04000000,0
1505517566,21513602,3671.00,0.17907566,0
1505517565,21513599,3671.10,0.10000000,1
1505517565,21513595,3675.00,0.87760000,0
1505517564,21513594,3675.00,2.68560000,0
1505517564,21513585,3675.00,0.19978624,1
1505517562,21513569,3687.74,2.68560000,1
1505517561,21513560,3674.99,0.04178291,0
1505517560,21513546,3673.75,0.02000000,0
1505517558,21513544,3675.00,0.00139122,0
1505517555,21513537,3675.54,0.02000000,1
1505517555,21513535,3677.81,0.02907891,1
1505517554,21513531,3677.81,0.01252000,1
1505517554,21513530,3684.67,0.87760000,1
1505517551,21513516,3694.47,0.10915656,1
1505517551,21513515,3694.47,0.02431405,1
1505517551,21513513,3694.47,0.04181011,1
1505517550,21513511,3690.00,0.02907891,0
1505517550,21513509,3687.00,0.18693000,0
1505517548,21513504,3687.00,0.04307000,0
1505517547,21513497,3690.00,0.01252000,0
1505517547,21513494,3671.36,0.67979663,0
1505517547,21513492,3671.36,0.02800000,0
1505517547,21513490,3671.36,0.29237529,0
1505517546,21513489,3671.36,2.39632471,0
1505517546,21513487,3675.00,0.20000000,1
1505517546,21513486,3675.50,0.00200000,1
1505517545,21513485,3677.00,0.10000000,1
1505517545,21513484,3680.00,0.20000000,1
1505517545,21513483,3683.12,0.10000000,1
1505517545,21513482,3683.12,0.62346672,1
1505517544,21513481,3683.12,0.62346672,1
1505517544,21513479,3683.15,0.10000000,1
1505517544,21513478,3683.15,0.08278783,0
1505517544,21513477,3683.15,0.01252000,0
1505517544,21513474,3683.35,0.00200000,1
1505517543,21513470,3683.94,0.10000000,1
1505517543,21513469,3684.60,0.04150555,1
1505517543,21513468,3684.66,0.04154260,1
1505517542,21513464,3685.92,0.05000000,1
1505517542,21513463,3685.92,0.03224932,1
1505517542,21513461,3686.00,0.02000000,1
1505517541,21513460,3686.37,0.00269912,1
1505517541,21513459,3687.00,0.10000000,1
1505517541,21513458,3687.00,0.05000000,1
1505517541,21513457,3687.00,0.00138610,0
1505517539,21513454,3688.58,0.80000000,0
1505517539,21513453,3688.58,0.87760000,1
1505517536,21513451,3691.10,0.10033006,1
1505517536,21513450,3691.10,0.39300000,1
1505517535,21513449,3690.00,0.02378050,1
1505517535,21513448,3690.00,1.00000000,1
1505517535,21513447,3690.03,0.04146855,1
1505517535,21513446,3691.09,1.04998794,1
1505517533,21513442,3691.09,0.95868737,1
1505517533,21513440,3690.03,0.67672469,0
1505517532,21513439,3691.04,0.02786991,1
1505517532,21513438,3691.04,0.01365956,1
1505517532,21513437,3691.05,0.02000000,1
1505517530,21513436,3693.00,0.02974584,0
1505517530,21513435,3693.00,0.03200000,1
1505517530,21513434,3693.00,0.20000000,1
1505517529,21513432,3696.00,0.01974584,0
1505517528,21513428,3696.00,0.08285576,0
1505517527,21513426,3697.00,0.10000000,1
1505517527,21513425,3697.43,0.03773416,0
1505517526,21513424,3698.00,0.02582200,1
1505517526,21513423,3698.19,3.42309520,1
1505517525,21513422,3700.98,0.01773416,0
1505517524,21513421,3698.19,5.00000000,1
1505517524,21513420,3698.19,5.00000000,1
1505517524,21513419,3700.95,0.01025416,0
1505517523,21513418,3698.19,1.00000000,1
1505517523,21513417,3698.19,1.18600000,1
1505517522,21513416,3698.19,0.62890706,1
1505517521,21513415,3698.19,1.00000000,1
1505517521,21513414,3698.19,0.00500000,1
1505517520,21513413,3698.19,2.00000000,1
1505517520,21513412,3698.19,0.15000000,1
1505517519,21513411,3701.91,0.04131263,0
1505517519,21513410,3698.19,1.00000000,1
1505517519,21513409,3698.19,0.08015210,1
1505517517,21513406,3698.19,2.42300000,1
1505517516,21513405,3698.19,1.00000000,1
1505517514,21513403,3698.19,0.91773416,1
1505517514,21513402,3701.72,0.08226584,1
1505517512,21513398,3698.19,0.93773416,1
1505517512,21513396,3701.72,0.06226584,1
1505517511,21513393,3698.19,0.01789400,1
1505517510,21513392,3701.90,0.00138112,1
1505517509,21513389,3698.19,1.00000000,1
1505517506,21513382,3698.19,1.00000000,1
1505517503,21513377,3698.19,1.00000000,1
1505517503,21513376,3698.19,0.77380986,1
1505517502,21513371,3698.19,1.00000000,1
1505517501,21513369,3698.19,0.01500000,1
1505517501,21513368,3698.19,0.27292906,1
1505517499,21513365,3702.00,0.04719396,0
1505517499,21513364,3698.19,1.00000000,1
1505517496,21513357,3698.19,1.00000000,1
1505517494,21513350,3698.19,1.00000000,1
1505517492,21513346,3698.19,0.95979866,1
1505517492,21513345,3698.20,0.04020134,1
1505517491,21513343,3698.19,1.30714100,1
1505517491,21513341,3698.19,0.31500000,1
1505517490,21513340,3700.94,0.04020134,0
1505517490,21513337,3698.19,1.00000000,1
1505517489,21513336,3698.19,0.01788700,1
1505517488,21513330,3698.19,0.70000000,1
1505517487,21513329,3698.19,1.00000000,1
1505517485,21513324,3698.19,1.00000000,1
1505517480,21513315,3698.20,0.00138250,0
1505517475,21513306,3698.19,1.00000000,1
1505517475,21513305,3702.00,0.17013416,0
1505517473,21513301,3705.46,0.17013416,1
1505517472,21513299,3698.19,1.00000000,1
1505517470,21513295,3698.19,1.00000000,1
1505517468,21513292,3698.19,0.02000000,1
1505517468,21513290,3698.19,1.00000000,1
1505517466,21513286,3698.19,1.00000000,1
1505517464,21513281,3698.19,3.88935000,1
1505517463,21513280,3698.19,1.00000000,1
1505517462,21513277,3698.19,0.66726000,1
1505517461,21513275,3698.19,1.00000000,1
1505517460,21513272,3698.31,0.00200000,0
1505517458,21513269,3698.19,1.00000000,1
1505517456,21513265,3698.19,0.82000000,1
1505517454,21513262,3698.20,1.00000000,1
1505517454,21513261,3698.31,0.94096603,1
1505517453,21513259,3698.59,0.00384978,0
1505517452,21513257,3698.31,1.00000000,1
1505517451,21513254,3698.31,1.00000000,1
1505517450,21513252,3698.59,0.00137932,0
1505517449,21513249,3698.59,0.97500000,1
1505517448,21513246,3698.59,0.50000000,0
1505517447,21513245,3698.31,0.02100000,1
1505517447,21513244,3698.32,0.90000000,1
1505517447,21513243,3698.59,0.00400000,0
1505517446,21513242,3698.60,0.02000000,1
1505517444,21513240,3698.59,1.00000000,1
1505517443,21513239,3698.59,0.36000000,1
1505517443,21513238,3698.59,1.00000000,1
1505517439,21513235,3698.59,0.97000000,1
1505517438,21513234,3698.61,0.03000000,1
1505517434,21513233,3698.62,1.00000000,1
1505517429,21513226,3698.61,0.06000000,1
1505517427,21513225,3698.60,0.12170592,1
1505517425,21513224,3698.60,1.00000000,1
1505517425,21513223,3705.56,0.00200000,1
1505517421,21513221,3699.19,0.03000000,1
1505517420,21513220,3717.20,0.00137542,0
1505517417,21513218,3698.60,0.03000000,1
1505517413,21513216,3699.18,0.63124512,1
1505517413,21513215,3699.21,0.36875488,1
1505517410,21513213,3717.25,0.36875488,0
1505517409,21513212,3701.60,0.19840100,1
1505517409,21513211,3701.61,0.01159900,1
1505517408,21513208,3701.61,0.01840100,1
1505517405,21513205,3701.60,0.27862464,1
1505517405,21513204,3701.63,0.72137536,1
1505517401,21513197,3701.60,1.00000000,1
1505517400,21513196,3701.60,0.04146855,1
1505517396,21513192,3698.37,0.10428047,1
1505517396,21513191,3698.37,0.69375953,1
1505517396,21513190,3700.01,0.03000000,1
1505517392,21513188,3700.02,0.13500000,1
1505517391,21513187,3717.38,0.00137536,1
1505517388,21513185,3698.31,0.97000000,1
1505517388,21513184,3698.33,0.03000000,1
1505517384,21513183,3698.39,0.28000000,1
1505517380,21513182,3698.33,0.01000000,1
1505517377,21513180,3717.70,0.99739590,0
1505517377,21513177,3717.69,0.12000000,0
1505517377,21513176,3717.54,0.83662873,0
1505517377,21513175,3717.48,0.99615042,0
1505517376,21513174,3698.31,0.24600000,1
1505517372,21513173,3698.32,0.72400000,1
1505517372,21513172,3698.33,0.03000000,1
1505517368,21513171,3700.34,0.50000000,1
1505517368,21513170,3704.00,0.50000000,1
1505517364,21513169,3698.32,0.97000000,1
1505517364,21513168,3701.72,0.03000000,1
1505517360,21513167,3716.91,0.00137554,0
1505517359,21513166,3701.81,1.00000000,1
1505517356,21513165,3701.81,1.00000000,1
1505517355,21513164,3716.93,0.50075000,0
1505517355,21513161,3716.94,0.00384958,0
1505517351,21513160,3701.42,1.00000000,1
1505517347,21513158,3701.71,0.05738000,1
1505517346,21513157,3717.09,0.30000000,0
1505517343,21513154,3701.70,0.05738000,1
1505517339,21513151,3701.42,0.81000000,1
1505517335,21513149,3701.42,0.03000000,1
1505517332,21513145,3708.86,0.02960000,1
1505517331,21513142,3705.56,0.04261148,1
1505517330,21513139,3708.87,0.00137852,1
1505517326,21513137,3701.08,0.04399000,1
1505517320,21513135,3698.31,0.07000000,1
1505517319,21513134,3703.31,0.17000000,1
1505517316,21513130,3698.31,0.00600200,1
1505517316,21513129,3698.32,0.03000000,1
1505517316,21513128,3698.32,0.01399800,1
1505517311,21513125,3698.31,0.06000000,1
1505517307,21513121,3698.32,0.38573000,1
1505517306,21513118,3705.56,0.06400198,0
1505517304,21513116,3698.31,0.34434754,1
1505517304,21513114,3698.31,0.00138246,1
1505517304,21513112,3700.01,0.04000000,1
1505517304,21513110,3705.56,0.31737574,0
1505517303,21513109,3705.56,0.06238700,0
1505517299,21513107,3705.56,0.00137690,0
1505517299,21513106,3700.00,0.38573000,1
1505517295,21513100,3700.00,0.36800216,0
1505517295,21513099,3700.00,5.22550000,0
1505517294,21513098,3700.00,4.22572159,1
1505517294,21513097,3700.01,0.18077625,1
1505517292,21513096,3700.00,0.14000000,1
1505517290,21513094,3700.00,0.61426791,1
1505517290,21513093,3703.89,0.38573209,1
1505517289,21513092,3703.88,0.43700000,1
1505517288,21513091,3705.57,0.04000000,1
1505517286,21513090,3717.62,0.38308340,0
1505517276,21513080,3705.54,1.00000000,1
1505517272,21513078,3705.54,1.00000000,1
1505517271,21513077,3717.71,1.00000000,0
1505517269,21513072,3717.71,0.00137524,0
1505517267,21513071,3705.53,0.34800000,1
1505517267,21513070,3705.54,0.05000000,1
1505517267,21513069,3709.05,0.00200000,1
1505517263,21513060,3705.57,1.00000000,1
1505517258,21513055,3705.55,1.00000000,1
1505517254,21513052,3705.55,1.00000000,1
1505517250,21513044,3705.53,0.10000000,1
1505517249,21513043,3705.53,0.07000000,1
1505517249,21513042,3717.70,0.01561071,0
1505517245,21513040,3705.53,0.06200000,1
1505517243,21513035,3717.71,0.01872100,0
1505517242,21513033,3705.39,0.20000000,1
1505517240,21513030,3705.39,0.46713000,1
1505517239,21513029,3717.41,0.00137535,0
1505517236,21513026,3705.56,0.46713000,1
1505517232,21513025,3705.72,0.02500000,1
1505517228,21513019,3705.33,0.02500000,1
1505517225,21513016,3713.25,0.08436653,0
1505517223,21513015,3703.88,0.46713000,1
1505517220,21513010,3703.87,0.19944315,1
1505517219,21513005,3703.87,0.46713000,1
1505517218,21513003,3717.71,0.00137515,0
1505517215,21512997,3703.82,0.46713000,1
1505517214,21512993,3711.61,0.72615927,1
1505517214,21512991,3705.33,0.01472700,0
1505517214,21512990,3705.33,2.97323089,0
1505517212,21512986,3700.00,0.40713000,1
1505517212,21512985,3700.13,0.06000000,1
1505517210,21512980,3717.71,0.00137524,1
1505517208,21512972,3703.80,0.47286072,1
1505517208,21512971,3705.01,0.06000000,1
1505517207,21512970,3706.00,0.46713928,1
1505517203,21512967,3706.01,1.00000000,1
1505517200,21512957,3706.00,0.86086738,1
1505517200,21512956,3706.07,0.13913262,1
1505517196,21512954,3706.02,0.02500000,1
1505517195,21512950,3722.00,0.04018713,0
1505517191,21512941,3706.00,1.00000000,1
1505517191,21512940,3721.97,0.02500560,0
1505517190,21512939,3721.99,0.27684578,0
1505517188,21512936,3705.70,0.02500000,1
1505517184,21512923,3705.71,0.94000000,1
1505517184,21512922,3705.71,0.06000000,1
1505517183,21512920,3721.84,0.35000000,0
1505517181,21512917,3705.70,0.09377298,1
1505517180,21512916,3705.70,0.35200000,1
1505517179,21512912,3721.86,0.00137371,0
1505517179,21512911,3705.70,0.16150455,1
1505517178,21512910,3705.70,0.07452526,1
1505517177,21512906,3705.70,0.08834101,1
1505517177,21512904,3705.70,0.24991685,1
1505517176,21512902,3710.01,0.17833000,1
1505517175,21512901,3710.01,0.49000000,1
1505517174,21512898,3705.70,0.08313671,1
1505517174,21512897,3705.70,0.29929014,1
1505517174,21512896,3705.71,0.57135019,1
1505517174,21512895,3705.71,0.07000000,1
1505517173,21512894,3710.00,0.50390418,1
1505517173,21512893,3710.00,0.12732121,1
1505517173,21512892,3710.00,0.23178624,1
1505517172,21512891,3710.00,0.14358909,1
1505517172,21512890,3710.00,0.07828120,1
1505517171,21512887,3711.28,0.17833000,1
1505517169,21512884,3722.00,0.28438244,0
1505517169,21512883,3721.88,1.50601094,0
1505517168,21512882,3705.70,0.21143041,1
1505517168,21512881,3709.96,0.05242496,1
1505517168,21512880,3709.98,0.58097774,1
1505517168,21512878,3709.98,0.58097774,1
1505517168,21512877,3709.98,0.72976858,1
1505517168,21512876,3709.98,0.72976858,1
1505517168,21512874,3709.98,0.59225276,1
1505517167,21512873,3710.00,0.58097774,1
1505517167,21512870,3709.98,0.09874357,1
1505517167,21512868,3721.88,0.01365862,0
1505517166,21512866,3721.88,0.13333044,0
1505517166,21512865,3711.27,0.01263700,1
1505517166,21512863,3709.98,0.03877225,1
1505517165,21512861,3709.98,0.13955775,1
1505517164,21512856,3721.88,0.14484077,1
1505517164,21512855,3710.85,2.09114213,0
1505517163,21512852,3710.00,1.00000000,1
1505517162,21512848,3710.85,7.00000000,0
1505517161,21512839,3710.85,0.06263197,0
1505517161,21512838,3710.79,2.62500000,1
1505517161,21512837,3710.79,0.07156439,1
1505517161,21512835,3710.79,0.73714349,1
1505517160,21512831,3710.85,0.84622590,0
1505517160,21512827,3709.98,0.00291000,1
1505517159,21512820,3710.00,1.40060341,0
1505517158,21512818,3710.00,3.47351595,0
1505517158,21512817,3709.98,0.04152584,1
1505517157,21512816,3710.00,5.00000000,0
1505517157,21512814,3709.98,0.03682641,1
1505517157,21512813,3709.98,0.13675859,1
1505517153,21512806,3709.98,0.04157638,1
1505517152,21512804,3709.98,0.04248503,0
1505517151,21512803,3705.70,0.57928364,1
1505517151,21512802,3709.98,0.10351018,1
1505517151,21512801,3709.98,0.04239982,1
1505517149,21512792,3705.70,0.02583731,1
1505517149,21512790,3710.00,0.00137810,0
1505517147,21512785,3705.70,0.00096539,1
1505517147,21512783,3709.94,0.04063000,1
1505517145,21512779,3709.97,0.15199100,1
1505517144,21512773,3705.70,0.01000000,1
1505517135,21512752,3700.11,0.43441523,1
1505517135,21512751,3700.11,0.93298282,1
1505517134,21512750,3700.11,1.04203094,1
1505517134,21512749,3700.11,0.04159212,1
1505517133,21512743,3700.10,0.07646998,1
1505517133,21512742,3700.10,0.08732426,1
1505517129,21512734,3700.10,0.08630325,1
1505517129,21512732,3700.10,1.03121097,1
1505517128,21512722,3709.05,0.04234970,0
1505517127,21512719,3700.10,0.10322829,1
1505517127,21512715,3700.20,0.08628522,1
1505517125,21512709,3709.03,0.25011391,0
1505517123,21512705,3710.00,0.10679444,0
1505517123,21512704,3709.04,0.00233756,0
1505517121,21512692,3709.04,0.01784398,0
1505517118,21512673,3709.04,0.00137846,0
1505517114,21512645,3700.10,0.28745659,1
1505517111,21512638,3700.00,0.04711765,0
1505517111,21512637,3700.00,0.50254331,1
1505517108,21512634,3705.33,0.08328486,1
1505517107,21512633,3698.40,0.12654082,0
1505517105,21512631,3698.40,0.03758591,1
1505517105,21512630,3704.26,0.00410000,1
1505517104,21512628,3709.04,0.28647000,1
1505517102,21512623,3709.06,1.09435000,0
1505517102,21512622,3709.06,0.83424000,1
1505517093,21512603,3709.10,0.28647000,0
1505517092,21512600,3709.12,0.27647000,0
1505517087,21512597,3698.31,0.01496090,0
1505517086,21512593,3698.31,0.22358636,0
1505517084,21512592,3698.31,0.12376540,0
1505517083,21512589,3698.30,0.44544800,1
1505517081,21512587,3698.27,0.75012991,1
1505517080,21512586,3698.31,0.06611791,0
1505517079,21512585,3698.31,0.01572317,1
1505517070,21512573,3709.19,0.56000000,1
1505517068,21512570,3709.20,0.12370592,1
1505517067,21512567,3709.20,0.08774020,0
1505517066,21512557,3698.19,18.12004602,1
1505517066,21512556,3698.20,0.04000000,1
1505517065,21512555,3709.20,5.00000000,1
1505517061,21512545,3709.98,0.04400000,0
1505517059,21512542,3709.56,0.09676166,0
1505517059,21512541,3698.29,0.19167134,0
1505517059,21512540,3698.25,0.01544909,0
1505517058,21512539,3698.25,0.00138248,0
1505517055,21512536,3698.25,0.02000000,0
1505517052,21512535,3698.32,0.02148585,1
1505517049,21512532,3698.19,1.64126376,1
1505517049,21512530,3698.19,2.91265612,1
1505517049,21512529,3698.26,0.08734388,1
1505517044,21512516,3698.20,0.30873624,1
1505517044,21512513,3698.20,0.05000000,1
1505517041,21512487,3709.78,0.32000000,0
1505517035,21512480,3698.19,0.08830959,1
1505517035,21512479,3698.19,0.16159095,1
1505517035,21512478,3698.20,0.04000000,1
1505517034,21512477,3706.91,0.00137925,1
1505517034,21512476,3707.00,0.10496171,1
1505517034,21512475,3707.00,0.16498011,1
1505517034,21512474,3707.00,0.24994182,1
1505517034,21512473,3707.00,0.08507807,1
1505517034,21512472,3707.00,0.10000000,1
1505517033,21512471,3707.00,0.03470375,1
1505517031,21512452,3707.00,0.01000000,1
1505517030,21512449,3709.58,0.73146000,1
1505517030,21512448,3709.63,2.98776271,1
1505517029,21512437,3709.63,0.08792523,1
1505517027,21512432,3709.63,2.81800936,1
1505517026,21512429,3707.02,0.05410451,0
1505517025,21512428,3698.20,0.03470003,1
1505517024,21512425,3706.94,0.73146000,0
1505517024,21512424,3698.20,0.04238000,1
1505517023,21512420,3706.94,0.00900000,0
1505517023,21512418,3706.94,0.01522818,0
1505517018,21512375,3698.19,0.61321715,1
1505517013,21512361,3698.19,3.37614636,1
1505517013,21512360,3698.20,0.05000000,1
1505517013,21512359,3698.27,0.96063649,1
1505517006,21512355,3709.97,0.08644925,0
1505517005,21512354,3709.10,0.03723100,0
1505517005,21512353,3709.10,0.06276900,1
1505517004,21512351,3709.10,0.03000000,1
1505517001,21512347,3698.19,0.58321715,1
1505517000,21512346,3698.19,0.42953278,1
1505517000,21512345,3698.20,0.61750487,1
1505517000,21512344,3698.20,0.05000000,1
1505516998,21512342,3709.99,0.00137810,0
1505516996,21512340,3704.26,0.02200000,0
1505516993,21512335,3698.19,0.22000000,0
1505516993,21512334,3698.20,0.06000000,1
1505516992,21512333,3698.30,0.04150555,1
1505516987,21512331,3709.63,0.00700000,0
1505516984,21512327,3698.19,12.53413240,1
1505516984,21512326,3699.00,1.01673195,1
1505516984,21512325,3699.00,2.00000000,1
1505516984,21512324,3699.00,0.49578941,1
1505516984,21512323,3699.00,1.70542125,1
1505516983,21512322,3699.26,0.03936351,1
1505516983,21512321,3699.26,0.00200000,1
1505516983,21512320,3699.54,0.04141960,1
1505516983,21512319,3700.24,1.00000000,1
1505516983,21512317,3701.00,1.02207781,1
1505516983,21512315,3707.00,0.01580357,1
1505516983,21512313,3707.01,0.75848321,1
1505516983,21512312,3707.02,3.24681373,1
1505516975,21512305,3709.63,0.23456000,0
1505516973,21512304,3709.63,0.25089000,0
1505516972,21512302,3710.00,0.01633000,0
1505516968,21512298,3710.00,0.00137810,0
1505516967,21512296,3707.02,0.06080000,1
1505516938,21512215,3707.01,0.04151679,1
1505516938,21512212,3709.63,0.00137823,0
1505516936,21512207,3709.64,1.16030094,0
1505516935,21512206,3709.61,4.00000000,0
1505516935,21512204,3707.01,4.83969906,0
1505516933,21512201,3707.01,0.02200000,0
1505516933,21512200,3707.01,0.05410451,0
1505516930,21512182,3707.00,0.08419643,1
1505516918,21512110,3711.01,0.00809947,1
1505516916,21512101,3710.80,0.03113113,0
1505516916,21512097,3710.80,0.04359067,0
1505516908,21512060,3711.01,0.00137516,0
1505516901,21512050,3711.00,0.03325000,1
1505516894,21512043,3711.00,0.03936351,0
1505516893,21512042,3711.00,0.00200000,1
1505516891,21512029,3715.54,0.04147180,1
1505516890,21512024,3715.54,4.95882820,1
1505516888,21512003,3716.63,0.04117180,1
1505516885,21511998,3719.07,0.79240000,1
1505516885,21511997,3719.07,3.00000000,1
1505516883,21511994,3718.50,0.20760000,0
1505516882,21511990,3718.55,0.01340000,1
1505516881,21511988,3718.55,0.00937670,1
1505516881,21511987,3719.04,0.00200000,1
1505516880,21511986,3719.05,0.50862635,0
1505516878,21511985,3722.01,0.00137365,1
1505516877,21511982,3726.30,0.03833785,0
1505516877,21511981,3722.01,0.03253137,0
1505516875,21511979,3722.01,1.56746863,1
1505516874,21511974,3722.00,1.40239521,0
1505516873,21511972,3722.00,1.59760479,0
1505516873,21511970,3722.00,2.00000000,1
1505516868,21511956,3731.11,0.30527000,0
1505516866,21511953,3731.11,0.56523000,0
1505516865,21511952,3722.35,1.00000000,1
1505516865,21511951,3731.11,0.25996000,0
1505516859,21511936,3735.00,0.02000000,0
1505516856,21511928,3734.99,0.02000000,0
1505516855,21511927,3734.99,0.01004000,0
1505516850,21511925,3735.00,0.51004000,0
1505516847,21511924,3735.00,0.00136888,0
1505516845,21511919,3735.00,0.14629000,0
1505516843,21511918,3735.00,0.00400000,0
1505516836,21511908,3735.00,0.02000000,0
1505516835,21511905,3735.00,0.02000000,0
1505516833,21511900,3736.00,0.02000000,0
1505516829,21511891,3739.51,0.01309872,0
1505516825,21511890,3739.95,0.10000000,0
1505516824,21511888,3739.95,0.03000000,0
1505516824,21511887,3739.95,0.00500000,0
1505516823,21511885,3739.96,0.02000000,0
1505516817,21511876,3739.98,0.00136705,0
1505516817,21511871,3739.98,0.01108000,0
1505516815,21511863,3739.98,0.00401303,0
1505516813,21511861,3729.50,0.18759915,0
1505516813,21511860,3729.52,0.00200000,1
1505516813,21511859,3734.72,0.03013616,1
1505516812,21511858,3735.27,0.34601530,1
1505516812,21511857,3735.27,0.01560722,1
1505516812,21511856,3735.27,0.04038988,1
1505516811,21511855,3735.72,0.36025711,1
1505516811,21511854,3735.72,0.30000000,1
1505516810,21511853,3740.00,0.04993000,0
1505516810,21511852,3735.27,0.41307727,1
1505516810,21511851,3738.00,0.70000000,1
1505516807,21511842,3740.39,0.01993222,0
1505516807,21511840,3740.39,0.01400000,0
1505516800,21511800,3740.42,0.01008000,0
1505516798,21511799,3740.41,0.25653000,0
1505516795,21511798,3740.42,0.01728000,0
1505516792,21511796,3740.43,0.02000000,0
1505516790,21511795,3740.43,0.01457550,0
1505516787,21511793,3740.43,0.00136689,0
1505516779,21511789,3741.27,0.00380670,0
1505516779,21511788,3741.25,0.01645980,0
1505516779,21511787,3741.25,0.09354020,0
1505516779,21511786,3740.53,0.12446726,0
1505516779,21511785,3740.51,0.02272728,0
1505516757,21511773,3740.47,0.00136687,0
1505516744,21511767,3736.00,1.83636348,1
1505516743,21511766,3736.00,0.23443492,1
1505516743,21511765,3735.27,5.34250000,0
1505516743,21511764,3729.49,2.58670160,0
1505516741,21511762,3729.52,0.00200000,1
1505516741,21511761,3734.06,0.08429840,1
1505516737,21511759,3734.06,0.01841160,1
1505516736,21511757,3735.27,0.09543150,0
1505516735,21511756,3735.28,0.09543150,1
1505516735,21511755,3735.28,0.04173215,1
1505516732,21511754,3735.28,0.05369935,1
1505516732,21511753,3735.28,0.04911350,1
1505516732,21511750,3735.28,0.04631800,1
1505516728,21511744,3740.53,0.01553274,0
1505516727,21511741,3735.17,0.00136881,1
1505516718,21511724,3729.43,0.08271000,0
1505516716,21511723,3729.43,0.07271000,0
1505516715,21511719,3729.43,0.07271000,0
1505516708,21511709,3731.30,0.20663333,1
1505516707,21511708,3735.27,0.02456850,1
1505516697,21511700,3724.11,1.00000000,1
1505516696,21511695,3729.51,0.00137089,0
1505516685,21511681,3724.21,0.19980000,1
1505516683,21511680,3729.39,0.00400000,0
1505516676,21511655,3729.40,0.01416365,0
1505516676,21511654,3729.40,0.00200000,0
1505516669,21511650,3729.40,0.08383635,1
1505516669,21511649,3729.48,0.32937093,1
1505516667,21511648,3729.41,2.67062907,0
1505516666,21511646,3729.41,0.00137093,0
1505516664,21511644,3729.48,0.16000000,0
1505516652,21511628,3729.45,1.00000000,0
1505516645,21511627,3729.44,0.55307000,0
1505516644,21511620,3729.44,0.55307000,0
1505516643,21511619,3729.40,0.08360365,1
1505516643,21511617,3729.52,0.16344856,0
1505516643,21511616,3729.51,0.15381072,0
1505516643,21511615,3729.47,0.14781072,0
1505516642,21511614,3729.45,0.08800000,0
1505516639,21511613,3729.38,0.23000000,1
1505516639,21511612,3729.40,0.14301607,1
1505516638,21511611,3729.39,0.02442393,0
1505516637,21511610,3729.38,0.00137094,1
1505516634,21511609,3729.38,0.03261483,0
1505516633,21511604,3729.39,0.02000000,0
1505516631,21511603,3729.39,0.01100000,0
1505516629,21511601,3729.39,0.02000000,0
1505516628,21511600,3729.40,0.01457607,1
1505516627,21511597,3729.45,0.00200000,0
1505516626,21511595,3729.40,0.08987059,0
1505516626,21511594,3729.40,0.08987654,0
1505516626,21511592,3729.40,0.20957743,0
1505516626,21511591,3729.40,0.15320000,0
1505516625,21511589,3729.40,0.10912173,0
1505516621,21511580,3729.40,0.02000000,0
1505516617,21511578,3729.41,0.60000000,0
1505516617,21511576,3729.41,0.96144000,0
1505516608,21511566,3729.42,0.08000000,1
1505516608,21511565,3729.42,0.10262000,0
1505516606,21511564,3729.42,0.00137092,0
1505516605,21511563,3729.42,0.43734108,0
1505516604,21511560,3729.42,0.00200000,0
1505516596,21511552,3729.45,0.11000000,0
1505516594,21511551,3729.47,0.00600000,0
1505516591,21511548,3729.47,0.04618928,0
1505516589,21511546,3729.51,0.04618928,0
1505516588,21511544,3729.48,0.04618928,0
1505516587,21511543,3729.48,0.08650036,0
1505516586,21511541,3729.48,0.02349964,0
1505516586,21511540,3729.48,0.10000000,0
1505516585,21511538,3729.49,0.02460658,0
1505516584,21511534,3729.49,0.06140000,0
1505516581,21511531,3729.52,0.01753660,0
1505516576,21511524,3729.52,0.00137089,1
1505516573,21511523,3729.53,0.04406600,0
1505516568,21511521,3729.46,0.02000000,0
1505516566,21511518,3723.00,0.12656159,0
1505516566,21511517,3723.00,0.87343841,1
1505516560,21511506,3729.53,0.07070809,0
1505516559,21511505,3729.53,0.01383964,0
1505516558,21511501,3731.30,0.21040036,1
1505516557,21511499,3734.07,0.04000000,0
1505516557,21511498,3734.07,0.10000000,0
1505516552,21511491,3731.30,0.14935304,1
1505516552,21511490,3731.30,0.05104732,0
1505516552,21511489,3731.30,0.06573277,0
1505516552,21511488,3731.30,0.04443223,0
1505516551,21511487,3731.30,0.01616036,0
1505516550,21511486,3731.30,0.10092062,0
1505516546,21511485,3731.29,0.00137024,0
1505516534,21511481,3731.30,0.03099000,0
1505516532,21511479,3731.30,0.01340000,0
1505516526,21511470,3731.30,0.47719272,0
1505516525,21511468,3731.26,0.08000000,0
1505516525,21511467,3731.26,0.00949710,0
1505516524,21511461,3723.00,0.10000000,1
1505516518,21511450,3731.29,0.20030000,0
1505516515,21511448,3731.29,0.00137024,0
1505516510,21511437,3731.30,0.20030000,0
1505516506,21511430,3731.29,0.02622573,0
1505516505,21511425,3731.29,0.02500312,0
1505516504,21511422,3731.29,0.40526418,0
1505516504,21511420,3731.30,0.11660407,0
1505516503,21511419,3731.21,0.00017602,0
1505516502,21511410,3731.21,0.29982398,1
1505516500,21511407,3731.30,0.87760000,1
1505516499,21511406,3731.31,0.03270127,0
1505516495,21511395,3731.45,0.06497000,1
1505516495,21511394,3731.45,0.02927804,1
1505516493,21511393,3731.48,1.00000000,1
1505516491,21511392,3731.47,1.00000000,1
1505516490,21511391,3731.45,0.98820148,0
1505516488,21511387,3731.45,0.01179852,1
1505516487,21511386,3743.55,0.10507948,0
1505516486,21511383,3731.45,0.99863289,0
1505516486,21511382,3739.82,0.00136711,1
1505516468,21511376,3743.29,5.00000000,1
1505516467,21511375,3752.06,0.05389482,1
1505516467,21511374,3752.13,0.36037351,0
1505516464,21511373,3752.13,0.05389482,0
1505516463,21511371,3752.13,0.05389482,0
1505516462,21511369,3752.01,0.19941311,0
1505516457,21511365,3752.13,0.07022500,0
1505516457,21511363,3752.12,0.08000000,0
1505516451,21511353,3731.21,0.07425311,0
1505516450,21511352,3731.21,0.02674689,0
1505516450,21511351,3731.21,0.89900000,1
1505516449,21511350,3745.03,0.02000000,1
1505516449,21511349,3745.03,0.04117180,1
1505516448,21511348,3745.03,3.27364736,1
1505516448,21511346,3752.13,0.30589442,0
1505516448,21511345,3752.12,0.08000000,0
1505516447,21511344,3731.29,0.05393327,0
1505516447,21511341,3731.21,0.53600000,0
1505516446,21511340,3731.21,0.06000000,1
1505516446,21511339,3731.25,0.20300000,1
1505516446,21511338,3731.29,0.20100000,1
1505516445,21511337,3741.44,0.04666585,0
1505516443,21511333,3741.26,0.15812751,1
1505516443,21511332,3744.95,0.14016080,1
1505516443,21511331,3741.27,0.00910920,0
1505516438,21511319,3741.27,0.04089080,1
1505516437,21511312,3742.93,0.24490979,0
1505516436,21511307,3744.00,0.00136558,1
1505516435,21511305,3744.95,0.00136524,1
1505516434,21511303,3749.10,0.50000000,1
1505516432,21511301,3744.95,1.00000000,0
1505516431,21511298,3750.20,0.02754519,1
1505516430,21511296,3744.95,0.92812531,0
1505516429,21511293,3750.00,0.07187469,1
1505516427,21511289,3750.21,0.06419106,0
1505516426,21511288,3750.21,0.15266000,0
1505516425,21511285,3750.21,0.15266000,0
1505516424,21511280,3756.56,0.15266000,0
1505516423,21511279,3750.21,0.93000000,1
1505516420,21511274,3753.90,0.67710920,1
1505516420,21511273,3753.90,0.04089080,0
1505516412,21511270,3753.89,0.01825246,1
1505516412,21511269,3753.90,1.74900000,1
1505516411,21511268,3757.12,3.37068771,1
1505516410,21511267,3757.12,0.12453324,1
1505516409,21511266,3744.92,1.18717905,0
1505516409,21511265,3748.60,0.04081904,1
1505516408,21511263,3749.38,0.04087878,1
1505516408,21511262,3749.43,0.08000000,1
1505516407,21511261,3754.00,0.00200000,1
1505516407,21511260,3754.00,0.13133617,1
1505516407,21511259,3754.00,0.03739000,1
1505516407,21511256,3760.50,0.18324102,1
1505516405,21511253,3760.52,0.29715594,1
1505516402,21511250,3765.44,0.20050000,0
1505516401,21511248,3765.44,0.19095000,0
1505516400,21511245,3760.50,0.23486052,1
1505516398,21511243,3760.50,0.04081904,1
1505516395,21511239,3760.53,0.00135958,1
1505516394,21511236,3769.40,1.25000000,0
1505516391,21511229,3771.91,0.03000000,0
1505516390,21511225,3760.50,0.33457091,0
1505516389,21511224,3758.22,1.02543637,0
1505516389,21511223,3758.22,0.02071618,1
1505516389,21511222,3760.53,0.06507000,0
1505516387,21511220,3760.53,0.06507000,0
1505516387,21511219,3760.53,0.07498129,1
1505516369,21511209,3760.90,0.97507000,0
1505516368,21511208,3769.15,0.31541000,0
1505516367,21511207,3769.18,0.02493000,1
1505516357,21511206,3769.16,0.04218965,0
1505516355,21511204,3769.17,0.05001000,0
1505516351,21511201,3769.18,0.31519000,0
1505516350,21511200,3769.18,0.30519000,0
1505516349,21511198,3769.18,0.01091000,1
1505516349,21511197,3769.18,0.02000000,1
1505516349,21511196,3769.18,0.02000000,1
1505516340,21511189,3769.32,0.02000000,1
1505516332,21511187,3769.17,0.05041036,0
1505516328,21511184,3758.22,0.02000000,1
1505516323,21511178,3769.29,0.00250179,0
1505516318,21511173,3761.17,0.97582903,1
1505516315,21511168,3761.11,0.19000000,1
1505516314,21511167,3761.11,0.13337131,1
1505516302,21511131,3758.60,1.00000000,1
1505516295,21511123,3769.89,0.02686178,0
1505516294,21511122,3769.96,1.67803613,1
1505516294,21511120,3769.96,5.00000000,1
1505516293,21511119,3769.96,7.00000000,1
1505516292,21511116,3772.51,0.01900000,0
1505516292,21511115,3772.51,0.00200000,0
1505516292,21511114,3769.96,0.03508910,1
1505516291,21511112,3769.96,0.08974505,1
1505516290,21511111,3769.96,3.91519571,1
1505516283,21511106,3772.43,0.04623300,0
1505516280,21511104,3769.96,5.00000000,1
1505516268,21511095,3769.96,0.44511386,1
1505516266,21511086,3772.50,0.21117449,0
1505516266,21511080,3772.50,0.08000000,0
1505516256,21511068,3772.50,0.01300000,0
1505516250,21511061,3772.50,0.52425446,1
1505516250,21511060,3772.51,0.03815681,0
1505516249,21511056,3772.50,0.02000000,0
1505516236,21511036,3772.50,0.13000000,0
1505516234,21511031,3772.50,0.07055554,0
1505516227,21511021,3772.50,0.18000000,0
1505516224,21511017,3772.51,0.03033464,0
1505516215,21511008,3770.00,0.02629595,0
1505516211,21510994,3762.00,1.08396329,0
1505516211,21510992,3762.00,2.69844555,0
1505516210,21510991,3762.00,0.09303423,0
1505516210,21510990,3766.01,0.90000000,1
1505516207,21510988,3767.27,0.38210944,0
1505516207,21510987,3767.27,0.49907917,0
1505516206,21510985,3767.27,0.11481139,0
1505516203,21510969,3767.27,0.00400000,0
1505516201,21510967,3767.30,1.00000000,1
1505516198,21510965,3767.29,0.10000000,1
1505516198,21510964,3767.30,0.90000000,1
1505516194,21510962,3770.00,0.13110526,0
1505516189,21510951,3767.26,0.02000000,1
1505516188,21510948,3767.26,0.02100000,1
1505516187,21510941,3770.00,0.01121000,0
1505516186,21510938,3770.00,0.05967192,0
1505516183,21510923,3770.00,0.04988964,1
1505516182,21510921,3772.41,0.01449382,0
1505516177,21510912,3772.52,0.08388285,0
1505516176,21510910,3772.51,0.44750000,1
1505516176,21510906,3772.51,0.39000000,1
1505516175,21510894,3772.51,0.06000000,0
1505516166,21510879,3770.00,0.04071618,1
1505516161,21510871,3770.00,0.04000000,1
1505516159,21510866,3770.05,0.01326200,0
1505516157,21510865,3772.52,0.08044704,0
1505516157,21510864,3772.51,0.06000000,0
1505516153,21510860,3772.50,0.03900000,0
1505516151,21510859,3772.52,0.05600000,0
1505516151,21510858,3772.51,0.00300000,0
1505516150,21510856,3772.51,0.02000000,0
1505516150,21510855,3772.51,0.00700000,0
1505516148,21510852,3770.06,6.08222427,1
1505516148,21510851,3770.06,0.20000000,1
1505516145,21510850,3772.51,0.05000000,0
1505516138,21510844,3772.52,0.00545140,0
1505516138,21510843,3772.51,0.04096418,0
1505516137,21510841,3772.51,0.03903582,0
1505516126,21510822,3771.26,0.02000000,0
1505516125,21510821,3771.26,0.50000000,0
1505516122,21510815,3770.00,0.32039418,0
1505516118,21510809,3770.00,0.03103000,0
1505516115,21510807,3770.00,0.04000000,0
1505516114,21510805,3770.00,0.23000000,0
1505516113,21510803,3770.00,0.03000000,0
1505516112,21510802,3770.00,0.03000000,0
1505516109,21510801,3770.00,0.24814082,0
1505516106,21510794,3770.00,0.07043500,0
1505516084,21510779,3769.99,0.00481744,1
1505516083,21510777,3769.00,0.00683973,0
1505516080,21510774,3768.99,0.02000000,0
1505516067,21510758,3768.93,0.11000000,0
1505516054,21510707,3758.81,0.17000000,1
1505516049,21510692,3769.00,0.09316027,0
1505516046,21510690,3763.10,0.36078623,1
1505516036,21510676,3763.10,0.51505721,1
1505516033,21510659,3763.10,0.33992720,1
1505516031,21510649,3763.10,0.20162185,1
1505516029,21510635,3765.00,0.77914307,0
1505516029,21510632,3763.09,0.34495589,1
1505516028,21510630,3765.00,4.32015693,0
1505516027,21510624,3765.00,4.90070000,0
1505516027,21510622,3763.90,0.09930000,0
1505516025,21510614,3761.12,0.22500480,0
1505516022,21510602,3761.12,0.04087878,1
1505516020,21510593,3761.12,0.10200000,0
1505516020,21510591,3760.00,0.03471700,0
1505516019,21510585,3758.77,0.28684119,1
1505516016,21510583,3760.00,1.35528300,0
1505516016,21510582,3759.99,0.13671700,0
1505516010,21510580,3756.68,1.94859123,0
1505516010,21510579,3756.67,0.08668227,0
1505516009,21510578,3756.67,0.00500000,0
1505515987,21510570,3756.68,0.02442848,0
1505515985,21510569,3754.00,0.09316569,0
1505515985,21510568,3754.00,0.06111348,0
1505515985,21510567,3754.00,0.11607618,0
1505515984,21510564,3754.00,0.03082800,0
1505515978,21510559,3754.00,0.08624933,0
1505515974,21510550,3754.00,0.11674804,0
1505515954,21510532,3754.00,0.08330059,0
1505515953,21510531,3754.00,0.00400000,0
1505515946,21510525,3754.00,0.01549923,0
1505515936,21510513,3754.00,0.12902607,0
1505515930,21510491,3754.00,0.15587639,0
1505515928,21510486,3753.99,0.13800783,0
1505515923,21510481,3754.00,0.10811700,0
1505515911,21510476,3749.01,0.29853624,1
1505515911,21510475,3749.01,0.00136376,1
1505515906,21510474,3749.01,0.11777700,0
1505515891,21510472,3749.00,1.00000000,1
1505515865,21510468,3749.00,0.00265693,1
1505515862,21510467,3749.00,0.11790000,1
1505515844,21510461,3749.36,0.00613000,1
1505515838,21510454,3744.92,4.00000000,0
1505515837,21510453,3744.00,0.05000000,0
1505515837,21510452,3744.00,0.05000000,0
1505515834,21510450,3742.33,0.09010000,0
1505515833,21510449,3742.32,0.01698828,0
1505515809,21510442,3743.25,0.00136586,0
1505515791,21510440,3743.26,0.07760027,0
1505515787,21510439,3743.96,0.02000000,1
1505515779,21510436,3743.89,0.00136561,0
1505515760,21510421,3744.08,0.52000000,0
1505515760,21510420,3731.39,1.53136778,1
1505515754,21510419,3730.02,0.82668773,1
1505515754,21510418,3733.90,0.01541700,1
1505515754,21510417,3739.77,0.00136713,1
1505515749,21510410,3744.86,0.00298306,0
1505515748,21510408,3739.77,0.01734474,1
1505515746,21510406,3736.53,0.00719776,0
1505515735,21510401,3732.00,0.94863470,0
1505515723,21510398,3727.00,0.20000000,1
1505515723,21510397,3727.01,0.01855642,1
1505515722,21510394,3732.00,0.04029079,0
1505515719,21510393,3732.00,0.00136998,0
1505515714,21510388,3732.00,0.00970453,0
1505515712,21510380,3727.16,0.57446288,1
1505515700,21510356,3732.14,0.12287547,1
1505515688,21510343,3734.38,0.00136910,0
1505515687,21510338,3734.38,0.12287180,1
1505515686,21510337,3734.38,0.06143456,1
1505515685,21510335,3734.00,0.38019213,0
1505515684,21510333,3734.00,0.00060779,1
1505515684,21510332,3734.00,0.20382791,1
1505515683,21510331,3734.00,0.20092570,1
1505515681,21510325,3734.11,2.54675144,0
1505515679,21510324,3745.14,0.00300000,0
1505515674,21510299,3734.01,0.05955895,1
1505515668,21510294,3745.15,0.01820731,0
1505515661,21510287,3740.27,0.00136695,1
1505515651,21510280,3745.14,0.50075000,0
1505515643,21510277,3740.29,0.12127012,0
1505515643,21510276,3740.27,0.37947988,0
1505515629,21510273,3740.06,0.00136518,0
1505515629,21510272,3740.06,0.25901570,1
1505515628,21510271,3740.06,0.24901570,1
1505515628,21510270,3740.06,0.24901570,1
1505515628,21510269,3740.06,0.22901570,1
1505515628,21510268,3740.06,0.22901570,1
1505515628,21510267,3740.06,0.21901570,1
1505515628,21510266,3740.06,0.14292761,1
1505515626,21510265,3745.13,0.02450382,0
1505515611,21510262,3745.14,0.01746498,1
1505515604,21510260,3740.06,0.02000000,1
1505515598,21510259,3747.56,0.00136429,0
1505515593,21510258,3740.06,0.03525519,1
1505515591,21510255,3740.19,0.00136698,1
1505515578,21510220,3740.20,0.56000000,1
1505515576,21510218,3748.08,0.39196494,0
1505515564,21510206,3740.23,0.04534499,1
1505515538,21510193,3748.54,0.00136393,0
1505515537,21510192,3748.53,1.00000000,0
1505515536,21510191,3748.53,0.00700000,0
1505515514,21510183,3740.15,0.26321170,1
1505515512,21510182,3748.92,0.79000000,1
1505515511,21510181,3748.93,0.18191200,0
1505515510,21510180,3748.93,0.06705000,0
1505515507,21510176,3748.93,0.00136379,0
1505515503,21510174,3748.92,0.56901570,1
1505515502,21510173,3740.06,0.02625290,1
1505515502,21510172,3740.06,0.22443570,1
1505515502,21510171,3740.06,0.18029570,1
1505515502,21510170,3748.92,0.56901570,1
1505515501,21510168,3748.92,0.25901570,1
1505515498,21510167,3748.90,0.02000000,1
1505515485,21510163,3749.21,0.14000000,1
1505515484,21510160,3740.06,0.02414000,1
1505515481,21510159,3749.24,0.03008413,0
1505515481,21510158,3745.28,0.04055274,0
1505515478,21510156,3733.99,0.00136702,0
1505515475,21510155,3733.11,2.45454751,0
1505515473,21510154,3734.00,0.01605249,1
1505515464,21510148,3734.00,0.02100000,0
1505515451,21510143,3740.12,0.01038210,0
1505515451,21510142,3740.10,0.02500000,0
1505515448,21510141,3740.10,0.00136701,1
1505515448,21510140,3723.44,0.39882014,1
1505515448,21510139,3723.44,0.90000000,1
1505515448,21510138,3724.00,0.00200000,1
1505515447,21510137,3724.00,0.00200000,1
1505515447,21510136,3724.40,0.02037000,1
1505515447,21510135,3729.53,0.01837228,1
1505515447,21510134,3731.39,0.00695524,1
1505515447,21510133,3735.49,0.23956734,1
1505515426,21510130,3736.92,0.04566629,1
1505515423,21510129,3736.90,0.01863182,0
1505515423,21510128,3736.87,0.20521189,0
1505515422,21510127,3736.91,0.00136818,1
1505515412,21510105,3731.39,0.96836124,0
1505515412,21510101,3732.13,0.03163876,1
1505515409,21510098,3732.14,0.56000000,1
1505515405,21510092,3745.16,0.23053201,0
1505515405,21510089,3732.13,0.03376199,0
1505515405,21510085,3732.13,0.01623801,0
1505515399,21510078,3729.53,1.29401788,0
1505515399,21510076,3729.53,0.15598212,1
1505515396,21510074,3734.00,0.05500000,1
1505515389,21510069,3746.10,0.00136482,1
1505515388,21510063,3746.11,0.17825443,1
1505515388,21510062,3746.11,0.13900000,0
1505515386,21510059,3746.10,0.15424800,0
1505515386,21510058,3746.10,0.15425000,0
1505515386,21510056,3745.28,0.03341992,1
1505515385,21510055,3745.28,0.08909161,0
1505515383,21510051,3746.10,0.15424800,1
1505515375,21510047,3744.00,0.09000000,1
1505515357,21510038,3749.78,0.00136348,0
1505515334,21510025,3749.97,0.01029409,1
1505515333,21510024,3749.98,0.01960000,0
1505515328,21510021,3740.00,0.29933000,1
1505515327,21510020,3740.00,0.29933000,1
1505515327,21510019,3740.00,0.25369443,1
1505515327,21510018,3749.98,0.00136341,0
1505515323,21510015,3749.98,0.21000000,0
1505515323,21510014,3749.91,0.01000000,0
1505515322,21510012,3740.00,0.00563557,1
1505515322,21510011,3740.00,0.04649000,1
1505515317,21510006,3740.01,0.02000000,0
1505515315,21510001,3749.99,0.09326770,0
1505515304,21509994,3740.01,0.85000000,1
1505515302,21509993,3740.01,0.65473359,1
1505515297,21509987,3750.01,0.74825532,0
1505515296,21509985,3749.97,0.00136340,0
1505515292,21509983,3744.00,0.28065000,1
1505515290,21509982,3744.00,0.21058000,1
1505515290,21509981,3744.01,0.19000000,1
1505515290,21509980,3749.98,0.13742153,1
1505515286,21509974,3750.01,0.09985456,0
1505515285,21509973,3749.98,0.02512877,1
1505515284,21509970,3756.62,0.09355426,1
1505515282,21509959,3749.98,0.02138550,1
1505515282,21509958,3749.98,0.04186420,1
1505515281,21509957,3750.00,0.00136340,1
1505515280,21509956,3752.96,0.20380000,1
1505515277,21509953,3756.68,0.02698029,0
1505515275,21509950,3756.62,0.26555787,0
1505515273,21509947,3752.96,0.02200000,1
1505515268,21509938,3752.08,0.02134549,1
1505515268,21509937,3750.00,0.11898401,1
1505515266,21509936,3750.00,0.08568433,0
1505515266,21509935,3749.99,0.02135473,0
1505515265,21509932,3750.00,0.10737900,0
1505515263,21509930,3750.00,0.10791000,0
1505515262,21509928,3744.00,0.03000000,1
1505515262,21509926,3750.00,0.02100000,0
1505515256,21509924,3750.00,0.26602667,0
1505515253,21509922,3744.00,0.15350936,0
1505515252,21509918,3744.00,0.84649064,0
1505515251,21509917,3743.87,0.01357784,0
1505515249,21509915,3742.00,0.01345936,0
1505515249,21509914,3742.00,0.00854064,0
1505515240,21509910,3740.00,3.80525305,0
1505515236,21509908,3740.00,0.00136705,0
1505515234,21509906,3740.00,0.13457990,0
1505515234,21509905,3740.00,0.10894010,0
1505515230,21509899,3740.00,0.23352000,0
1505515226,21509895,3739.99,0.32240000,0
1505515223,21509888,3740.00,0.05041000,0
1505515220,21509881,3740.00,0.47394900,0
1505515218,21509878,3740.00,0.13318090,0
1505515218,21509877,3739.99,0.16000000,0
1505515206,21509868,3739.96,0.00136706,0
1505515176,21509843,3743.83,0.00136565,0
1505515149,21509822,3728.73,0.71750000,1
1505515146,21509820,3745.95,0.00136487,0
1505515145,21509819,3745.95,3.00000000,0
1505515145,21509818,3745.95,0.02249500,0
1505515132,21509810,3749.99,2.45150000,0
1505515118,21509797,3749.97,0.02238336,0
1505515116,21509796,3749.99,0.00136340,0
1505515092,21509783,3756.68,0.03767027,0
1505515092,21509782,3752.65,0.23000000,0
1505515092,21509781,3750.02,0.00200000,0
1505515092,21509780,3750.02,0.00200000,0
1505515092,21509779,3750.02,0.00063661,0
1505515071,21509772,3750.02,0.00136339,0
1505515065,21509769,3751.33,0.05310597,0
1505515062,21509767,3756.68,0.74577686,0
1505515062,21509766,3756.63,0.97727784,0
1505515038,21509750,3740.03,0.02000000,0
1505515031,21509749,3759.93,0.69789907,0
1505515031,21509748,3759.93,0.25000000,0
1505515020,21509744,3740.00,5.71080000,0
1505515018,21509743,3740.00,0.03920000,0
1505515018,21509742,3740.73,0.25000000,1
1505515018,21509741,3744.29,4.00000000,1
1505515015,21509736,3751.68,1.73250000,0
1505515015,21509735,3751.65,0.00136279,0
1505515013,21509733,3751.68,0.01960000,0
1505515012,21509729,3747.17,0.53863553,0
1505515011,21509728,3747.18,0.00136443,1
1505515011,21509727,3747.18,0.00000004,1
1505515008,21509726,3760.00,0.03920000,0
1505515003,21509723,3760.00,0.01960000,0
1505514998,21509722,3750.03,1.71290000,0
1505514998,21509721,3750.03,0.03920000,0
1505514996,21509720,3750.01,0.17854835,0
1505514996,21509718,3750.02,0.20000000,1
1505514993,21509717,3761.12,0.01960000,0
1505514989,21509716,3761.12,0.01960000,0
1505514986,21509712,3761.09,0.00135937,0
1505514984,21509709,3761.12,0.01960000,0
1505514981,21509704,3751.68,0.09885275,1
1505514981,21509702,3751.68,0.13900000,1
1505514981,21509701,3751.68,0.17214725,1
1505514978,21509698,3763.90,0.03920000,0
1505514978,21509695,3751.68,0.02785275,1
1505514976,21509689,3761.12,0.16080000,0
1505514968,21509676,3761.12,0.03920000,0
1505514964,21509672,3760.84,0.01960000,0
1505514963,21509671,3760.75,0.02000000,0
1505514960,21509664,3750.01,0.01999734,1
1505514958,21509652,3760.83,0.03920000,0
1505514954,21509641,3760.92,0.01960000,0
1505514953,21509634,3750.00,0.00500000,0
1505514948,21509622,3747.18,0.05384316,0
1505514945,21509606,3749.98,0.01741308,1
1505514945,21509603,3747.18,0.03643285,0
1505514941,21509597,3742.33,0.02081524,1
1505514938,21509590,3742.33,5.00000000,0
1505514937,21509586,3742.32,0.75000000,1
1505514936,21509585,3742.32,0.25000000,0
1505514930,21509581,3730.96,1.99862964,0
1505514920,21509574,3730.96,0.00137036,0
1505514913,21509571,3730.95,0.15934569,0
1505514909,21509568,3724.00,0.15726978,0
1505514908,21509567,3720.00,0.57364468,1
1505514907,21509566,3720.01,0.22635532,1
1505514907,21509565,3720.01,0.20000000,1
1505514904,21509561,3724.00,0.03106800,0
1505514897,21509554,3720.00,4.00000000,1
1505514897,21509553,3720.12,1.00000000,1
1505514890,21509543,3724.00,0.00137292,0
1505514886,21509542,3724.00,0.01028930,0
1505514873,21509502,3723.97,0.22498057,0
1505514863,21509495,3720.00,2.67810000,1
1505514861,21509494,3723.99,0.04653896,0
1505514861,21509493,3719.07,0.31573590,0
1505514860,21509490,3719.07,0.00137474,0
1505514855,21509486,3719.03,0.29158270,0
1505514855,21509485,3719.03,0.02510228,0
1505514850,21509482,3719.04,0.05343825,0
1505514846,21509474,3719.04,0.08968000,0
1505514844,21509466,3719.07,0.02000000,0
1505514839,21509459,3719.07,0.18265637,0
1505514832,21509453,3719.07,0.48000000,0
1505514831,21509452,3719.05,0.00137475,1
1505514828,21509448,3719.05,0.02681759,0
1505514820,21509430,3719.05,0.13955104,0
1505514819,21509429,3719.04,0.86044896,0
1505514818,21509427,3719.04,0.06003500,0
1505514817,21509426,3712.02,0.16700000,1
1505514814,21509413,3719.05,0.03008192,0
1505514813,21509409,3716.74,0.04141960,1
1505514812,21509405,3711.99,0.02113950,1
1505514812,21509404,3712.01,0.47886050,1
1505514812,21509403,3719.05,0.00310787,0
1505514811,21509402,3719.05,0.09388369,0
1505514811,21509401,3719.05,0.07946840,0
1505514811,21509400,3719.05,0.03607093,0
1505514810,21509399,3719.06,0.11323291,1
1505514810,21509398,3719.07,0.08468768,0
1505514810,21509397,3719.07,0.45186092,0
1505514809,21509396,3719.07,0.08066533,0
1505514809,21509395,3719.07,0.04489561,0
1505514809,21509393,3719.07,0.04054590,0
1505514808,21509390,3719.07,0.12232662,0
1505514804,21509382,3719.07,0.00315000,0
1505514804,21509381,3719.07,0.17210093,1
1505514802,21509380,3719.05,0.00137475,1
1505514802,21509378,3724.96,0.01780256,0
1505514801,21509375,3719.07,0.01000312,0
1505514800,21509374,3719.07,0.02946182,0
1505514798,21509369,3719.07,0.01406660,0
1505514796,21509362,3719.06,0.01405530,0
1505514795,21509360,3719.06,0.27709682,0
1505514795,21509359,3719.06,0.25000000,0
1505514794,21509358,3719.04,0.45974306,0
1505514794,21509357,3719.04,0.01408010,0
1505514793,21509354,3719.07,0.16594821,0
1505514792,21509353,3719.07,0.01536309,0
1505514791,21509348,3719.07,0.01408010,0
1505514790,21509340,3719.06,0.01408010,0
1505514788,21509332,3719.06,0.00698480,0
1505514787,21509330,3719.07,0.07000000,0
1505514784,21509327,3724.95,0.14973900,0
1505514783,21509325,3724.95,0.05000000,0
1505514778,21509324,3719.42,4.56760000,1
1505514774,21509322,3729.91,0.00066670,1
1505514771,21509321,3730.08,0.95953706,0
1505514771,21509320,3729.91,0.05000000,1
1505514770,21509319,3730.08,0.00137068,0
1505514767,21509314,3720.00,4.67567866,0
1505514765,21509313,3724.80,4.37260000,1
1505514764,21509312,3725.15,0.36517473,1
1505514764,21509311,3725.16,0.58654661,1
1505514763,21509310,3736.09,0.09974270,0
1505514746,21509295,3736.16,0.08432441,0
1505514745,21509289,3736.16,0.00713796,0
1505514739,21509274,3731.00,0.02000000,1
1505514739,21509271,3736.16,0.00136845,0
1505514728,21509255,3730.96,0.40000000,0
1505514722,21509253,3747.12,0.07000000,1
1505514719,21509252,3737.00,0.00200000,1
1505514709,21509246,3747.12,0.00136444,0
1505514707,21509245,3737.09,0.80000000,0
1505514707,21509244,3737.09,0.20000000,1
1505514701,21509235,3747.15,0.07837303,0
1505514697,21509228,3737.07,0.04799222,1
1505514696,21509227,3747.15,4.08909785,0
1505514696,21509225,3747.11,0.91090215,0
1505514696,21509224,3737.07,0.02051175,1
1505514694,21509220,3737.06,0.14000000,1
1505514683,21509210,3747.18,0.00200000,0
1505514680,21509206,3747.18,0.06000000,0
1505514679,21509202,3747.18,0.00136443,0
1505514666,21509174,3747.18,0.01000000,0
1505514665,21509167,3736.11,0.01941788,1
1505514664,21509165,3736.11,0.03655139,1
1505514654,21509148,3747.18,0.02292744,0
1505514654,21509147,3747.18,0.08192333,0
1505514653,21509143,3747.18,1.44827310,0
1505514650,21509139,3746.02,0.01337396,0
1505514650,21509137,3746.02,0.00136485,1
1505514648,21509133,3746.02,0.05385678,1
1505514647,21509126,3747.09,0.08909785,1
1505514643,21509124,3736.05,0.10000000,0
1505514643,21509122,3736.05,0.22216246,0
1505514632,21509102,3730.00,0.00588643,1
1505514626,21509076,3730.00,0.90522023,1
1505514626,21509075,3730.01,0.42977977,1
1505514623,21509063,3730.00,0.15500000,1
1505514620,21509052,3739.80,0.00136712,1
1505514614,21509034,3739.84,0.04097302,0
1505514613,21509024,3730.00,0.13867829,1
1505514611,21509014,3728.08,0.01246700,0
1505514610,21509010,3728.08,0.55000000,0
1505514605,21508986,3728.08,0.07933300,0
1505514604,21508982,3722.12,0.04125383,0
1505514604,21508980,3721.00,0.12566442,0
1505514604,21508975,3721.00,0.00934100,0
1505514593,21508936,3716.00,2.55941172,0
1505514593,21508935,3716.00,2.20382800,0
1505514588,21508931,3716.00,0.00137587,0
1505514581,21508922,3711.99,4.00342437,0
1505514581,21508921,3711.98,1.98217659,0
1505514581,21508919,3711.98,0.51000000,0
1505514579,21508917,3711.98,0.03107374,0
1505514579,21508916,3711.98,0.00766571,0
1505514578,21508911,3711.98,0.15488396,0
1505514574,21508904,3711.98,0.38328555,0
1505514571,21508893,3711.99,0.11758880,0
1505514571,21508891,3711.99,0.32168542,0
1505514569,21508880,3711.99,0.00781896,0
1505514567,21508875,3711.00,0.00415408,1
1505514567,21508874,3711.00,6.11870081,0
1505514566,21508873,3710.99,2.19714511,0
1505514566,21508869,3708.20,0.08553300,1
1505514566,21508868,3708.43,0.01946700,1
1505514560,21508855,3699.04,0.02641700,0
1505514559,21508851,3699.04,9.97358300,1
1505514559,21508850,3710.99,0.00137773,0
1505514558,21508849,3699.04,0.49000000,1
1505514557,21508842,3699.00,0.30440000,1
1505514556,21508838,3699.00,0.03769700,1
1505514556,21508836,3711.99,0.06090000,0
1505514555,21508835,3699.03,1.41000000,1
1505514555,21508833,3711.30,0.36000000,1
1505514555,21508828,3699.03,0.68065700,1
1505514555,21508827,3699.03,0.06544094,1
1505514555,21508826,3699.04,0.21356083,1
1505514549,21508800,3711.99,0.48858245,0
1505514549,21508798,3711.55,0.01216755,0
1505514542,21508791,3698.20,0.03861090,1
1505514534,21508759,3698.26,0.01463017,1
1505514534,21508758,3712.95,0.01305421,1
1505514533,21508755,3712.95,0.20000000,1
1505514533,21508754,3712.95,0.02500000,0
1505514533,21508751,3698.19,0.05500000,1
1505514532,21508745,3712.96,0.40135370,0
1505514532,21508741,3698.19,0.72862149,1
1505514532,21508739,3698.20,0.10000000,1
1505514532,21508738,3712.95,0.21137800,0
1505514531,21508737,3712.95,0.28937200,0
1505514530,21508734,3698.19,0.11331643,1
1505514529,21508722,3698.19,1.76862300,1
1505514529,21508721,3712.95,0.00137700,1
1505514528,21508715,3698.19,0.26445760,1
1505514528,21508714,3698.25,0.50075000,1
1505514527,21508705,3698.20,0.22581478,1
1505514527,21508704,3698.22,0.02671607,1
1505514526,21508700,3712.96,0.04095668,0
1505514526,21508699,3712.93,0.50075000,0
1505514525,21508694,3698.20,0.12205800,1
1505514525,21508692,3698.20,0.13902200,1
1505514525,21508690,3698.20,0.02829200,1
1505514525,21508688,3698.20,0.09000000,1
1505514524,21508682,3712.95,0.01172670,0
1505514523,21508671,3712.95,0.02671607,1
1505514521,21508656,3712.96,0.40984998,0
1505514518,21508640,3712.96,0.50075000,0
1505514516,21508629,3712.96,0.25934153,0
1505514516,21508625,3712.82,0.07962308,0
1505514516,21508624,3712.80,0.02500000,0
1505514515,21508617,3698.19,1.67831800,1
1505514514,21508614,3712.82,0.41075000,0
1505514514,21508613,3712.80,0.09000000,0
1505514514,21508612,3698.20,0.18656539,1
1505514513,21508610,3698.19,0.21556659,1
1505514513,21508609,3698.25,0.48217772,1
1505514512,21508602,3712.80,0.01000000,1
1505514511,21508589,3712.81,0.40075000,0
1505514511,21508586,3712.72,0.10000000,0
1505514510,21508579,3698.19,0.43862636,1
1505514509,21508576,3698.19,0.02789825,1
1505514508,21508572,3712.72,0.01048213,1
1505514504,21508550,3712.71,0.03651400,0
1505514502,21508539,3698.19,0.02249473,1
1505514502,21508538,3700.00,0.00138182,1
1505514499,21508525,3702.00,0.11657065,1
1505514498,21508524,3702.00,1.42739571,1
1505514496,21508508,3712.80,0.05579603,0
1505514496,21508506,3700.00,3.83876441,0
1505514496,21508505,3700.00,0.12620559,0
1505514495,21508500,3699.99,1.73300000,0
1505514493,21508492,3700.00,0.03503000,0
1505514492,21508488,3698.19,0.08788562,1
1505514492,21508487,3698.19,0.19731900,1
1505514491,21508482,3698.19,0.37280828,1
1505514491,21508481,3700.02,0.70400872,1
1505514491,21508474,3700.02,2.89568545,1
1505514490,21508469,3698.19,0.24126011,1
1505514489,21508467,3698.20,0.82382893,1
1505514489,21508466,3700.00,0.04013296,1
1505514489,21508465,3700.00,0.34173816,1
1505514489,21508464,3700.01,0.13900000,1
1505514489,21508460,3712.80,0.55921784,1
1505514488,21508453,3712.70,0.01688060,0
1505514487,21508448,3710.32,0.01997880,0
1505514487,21508445,3709.94,0.02200000,0
1505514485,21508436,3700.90,0.00565000,1
1505514484,21508427,3710.00,2.39849584,1
1505514483,21508426,3710.00,0.11009040,1
1505514483,21508423,3712.70,0.01688060,1
1505514482,21508418,3710.35,0.01997940,0
1505514482,21508415,3710.00,7.00000000,1
1505514480,21508406,3710.00,1.30605693,1
1505514479,21508397,3710.00,0.06025309,1
1505514479,21508395,3710.00,0.16173700,1
1505514478,21508389,3710.00,0.63890680,1
1505514478,21508383,3710.00,2.00000000,1
1505514476,21508374,3710.00,0.32445994,1
1505514475,21508372,3716.00,0.03924016,0
1505514474,21508369,3700.00,0.03554779,1
1505514474,21508367,3700.00,0.20000000,1
1505514474,21508365,3700.00,0.87464321,1
1505514474,21508364,3700.00,4.26269193,1
1505514474,21508363,3700.00,0.00510000,1
1505514474,21508361,3700.00,0.01000000,1
1505514474,21508359,3700.24,1.00000000,1
1505514474,21508358,3700.44,0.31543546,1
1505514473,21508357,3700.90,0.61517300,1
1505514473,21508356,3701.00,1.00000000,1
1505514473,21508354,3701.01,0.11000000,1
1505514473,21508352,3702.50,0.23026333,1
1505514473,21508350,3702.50,0.12000000,1
1505514473,21508349,3702.56,0.13900000,1
1505514473,21508348,3707.85,0.00137890,1
1505514473,21508347,3708.00,0.10000000,1
1505514471,21508343,3716.00,0.03924000,0
1505514467,21508328,3716.00,0.00137587,0
1505514461,21508308,3715.99,1.19407000,0
1505514460,21508304,3716.00,0.01075000,0
1505514456,21508289,3715.90,0.01032292,0
1505514452,21508274,3716.00,0.07804832,0
1505514450,21508271,3716.00,2.00000000,0
1505514447,21508263,3716.00,1.98809181,0
1505514447,21508261,3715.96,0.01190819,0
1505514447,21508257,3715.96,0.11309181,1
1505514445,21508252,3715.99,0.84555201,0
1505514444,21508250,3715.99,1.56572216,0
1505514444,21508248,3715.99,0.43427784,0
1505514443,21508237,3716.00,0.06640373,0
1505514442,21508233,3715.96,0.18559873,1
1505514442,21508232,3715.96,0.51440127,1
1505514441,21508230,3716.00,0.08478272,0
1505514440,21508226,3716.00,0.12449831,0
1505514439,21508216,3715.93,0.03939045,0
1505514435,21508202,3707.85,1.31695690,0
1505514433,21508185,3712.83,0.04515693,1
1505514431,21508168,3717.09,0.07772712,0
1505514431,21508167,3706.26,0.06116377,0
1505514431,21508166,3706.26,0.08585702,0
1505514430,21508156,3706.26,0.08475397,0
1505514429,21508152,3702.51,0.02839167,1
1505514429,21508146,3702.51,1.76800000,1
1505514427,21508144,3712.80,0.08472866,1
1505514427,21508139,3717.09,0.05500000,0
1505514426,21508137,3717.09,0.03794345,0
1505514426,21508136,3712.83,1.17411990,0
1505514426,21508134,3712.83,0.07548294,0
1505514425,21508125,3712.83,0.12790512,0
1505514422,21508110,3717.10,0.28835887,0
1505514422,21508109,3712.84,0.02500000,0
1505514422,21508108,3702.50,0.11154189,0
1505514421,21508104,3702.50,0.08499857,0
1505514419,21508095,3701.01,0.05496471,1
1505514418,21508088,3702.50,1.68349658,0
1505514418,21508086,3702.50,0.27496082,0
1505514418,21508083,3701.02,0.04154260,0
1505514416,21508076,3702.50,0.04291248,0
1505514415,21508067,3702.50,0.68212670,0
1505514413,21508062,3703.02,0.08548254,1
1505514413,21508055,3701.01,1.46862295,0
1505514412,21508052,3712.84,0.00137705,1
1505514410,21508044,3712.84,0.90983245,1
1505514410,21508042,3712.84,0.10448055,1
1505514409,21508039,3703.00,0.03597700,0
1505514408,21508032,3703.00,0.60604965,0
1505514408,21508031,3703.00,1.07595035,1
1505514406,21508024,3703.00,1.92404965,1
1505514406,21508023,3704.41,0.04137513,1
