date,tid,price,amount,type
1505520079,21517328,0.06979899,0.30938843,1
1505520066,21517313,0.06976195,0.09071523,0
1505520066,21517311,0.06976195,0.10476029,0
1505520066,21517310,0.06976195,1.79217448,0
1505520065,21517308,0.06976265,7.60664517,1
1505520065,21517307,0.06976265,0.73344183,1
1505520064,21517305,0.06976196,1.60477000,0
1505520036,21517278,0.06976279,2.29098627,0
1505520036,21517277,0.06976279,0.30801373,0
1505520036,21517276,0.06976279,0.27100000,0
1505520032,21517272,0.06976280,5.07208300,0
1505519997,21517233,0.06969998,11.56348300,0
1505519987,21517227,0.06964303,0.02047371,1
1505519987,21517226,0.06970000,0.10476029,1
1505519968,21517217,0.06970000,0.22991392,1
1505519944,21517205,0.06970000,0.22999500,1
1505519933,21517200,0.06970001,0.23000000,1
1505519932,21517190,0.06970000,0.62979700,1
1505519931,21517172,0.06970000,0.48348100,1
1505519919,21517166,0.06970000,0.19207000,1
1505519902,21517147,0.06970000,0.22998279,1
1505519884,21517140,0.06981702,4.30000000,0
1505519568,21516906,0.06971000,0.27100000,1
1505519568,21516904,0.06971004,0.97306535,1
1505519556,21516886,0.06971003,3.70238592,1
1505519473,21516792,0.06971999,1.16687200,0
1505519471,21516790,0.06971999,0.71447519,0
1505519471,21516788,0.06971000,0.28343481,0
1505519469,21516786,0.06971999,0.28571400,0
1505519385,21516738,0.06981957,7.34320984,0
1505519358,21516703,0.06968005,0.82826700,1
1505519346,21516694,0.06986000,0.99999976,1
1505519344,21516693,0.06967000,0.00000024,0
1505519337,21516684,0.06964000,0.28343481,1
1505519324,21516675,0.06962007,1.02644800,1
1505519285,21516650,0.06958000,0.39020000,0
1505519285,21516649,0.06957000,0.14062369,0
1505519284,21516646,0.06957000,0.13137631,0
1505519266,21516612,0.06967000,0.13001414,0
1505519266,21516611,0.06966999,0.00000024,0
1505519184,21516540,0.06966999,5.81006998,0
1505519184,21516539,0.06966999,0.55807302,0
1505519184,21516537,0.06966018,0.86772381,1
1505519171,21516530,0.06966018,0.99484700,1
1505519153,21516511,0.06964104,1.21750700,0
1505519152,21516504,0.06965004,1.65249300,1
1505519152,21516503,0.06965004,1.21750700,1
1505519152,21516502,0.06966000,0.39020000,1
1505519152,21516498,0.06966019,0.39020000,1
1505519121,21516475,0.06968100,1.97992000,1
1505519115,21516469,0.06968103,3.26020000,1
1505519102,21516453,0.06984737,0.02808150,0
1505519102,21516452,0.06984734,0.27191850,0
1505519095,21516438,0.06966857,0.27200000,0
1505519095,21516437,0.06968000,0.62745884,1
1505519095,21516436,0.06968000,1.36019116,1
1505519095,21516434,0.06972000,0.00007790,1
1505519094,21516430,0.06972000,0.83016352,1
1505519043,21516385,0.06972000,0.26491682,1
1505519035,21516378,0.06972000,0.54033276,1
1505519002,21516366,0.06972000,0.23224000,1
1505518994,21516362,0.06972000,0.23226900,1
1505518924,21516313,0.06975301,0.36591970,1
1505518921,21516304,0.06975301,0.23224805,1
1505518906,21516292,0.06975301,0.70734000,1
1505518690,21516201,0.06990000,8.60976300,0
1505518690,21516200,0.06986394,3.44389700,0
1505518690,21516199,0.06986000,1.98765000,0
1505518690,21516198,0.06985000,0.27100000,0
1505518683,21516185,0.06986400,0.00012439,0
1505518683,21516184,0.06986400,1.54755229,1
1505518682,21516182,0.06986394,1.98851196,1
1505518682,21516179,0.06986394,6.46381136,0
1505518559,21516064,0.06979100,1.98765000,0
1505518542,21516033,0.06974287,0.97188429,0
1505518541,21516027,0.06974287,0.17000000,0
1505518526,21515989,0.06974952,3.75625072,0
1505518516,21515970,0.06974987,3.97368482,0
1505518514,21515963,0.06974987,1.98765000,0
1505518509,21515955,0.06967094,2.15886200,1
1505518508,21515954,0.06967095,1.98765000,1
1505518507,21515947,0.06974987,3.75386709,0
1505518505,21515941,0.06974987,1.57388263,0
1505518504,21515940,0.06988000,0.41373308,1
1505518496,21515925,0.06967800,1.98765000,0
1505518493,21515924,0.06965414,4.24392394,0
1505518490,21515913,0.06965433,1.98765000,0
1505518489,21515909,0.06965433,13.08981502,0
1505518489,21515908,0.06965445,4.14833510,1
1505518488,21515905,0.06965446,23.42942710,0
1505518486,21515899,0.06965446,1.57057290,0
1505518485,21515897,0.06964000,0.38950000,0
1505518481,21515851,0.06965460,1.89788595,0
1505518479,21515847,0.06965473,2.02302126,1
1505518300,21515651,0.06964500,1.08000000,1
1505518290,21515604,0.06964500,1.43247200,1
1505518289,21515596,0.06964503,1.16148000,1
1505518289,21515593,0.06967000,0.27100000,1
1505518256,21515531,0.06969029,0.46900000,1
1505518241,21515509,0.06971800,0.07489000,1
1505518241,21515507,0.06971800,1.07000000,1
1505518231,21515483,0.06970900,0.21252170,1
1505518231,21515481,0.06984000,0.00000030,1
1505518211,21515434,0.06984000,1.23420800,1
1505518208,21515422,0.06984000,0.08236000,0
1505518208,21515419,0.06984997,1.96767031,0
1505518208,21515417,0.06984996,7.04796577,0
1505518205,21515407,0.06984998,4.69567712,0
1505518112,21515320,0.06967000,0.08236000,1
1505518088,21515288,0.06965000,0.38950000,1
1505518087,21515286,0.06965003,0.21269100,1
1505518043,21515187,0.06983400,1.98764998,0
1505518043,21515186,0.06983397,14.46398602,0
1505518026,21515102,0.06942040,1.58708611,1
1505518026,21515101,0.06942040,8.10703611,1
1505518024,21515094,0.06942015,3.63660678,1
1505518024,21515093,0.06942026,0.47241718,1
1505518022,21515083,0.06956350,0.00139000,0
1505518021,21515073,0.06979300,1.98765000,1
1505518015,21515024,0.06976799,25.00000000,0
1505518014,21515020,0.06976813,22.27000000,1
1505518014,21515018,0.06976816,14.46369587,1
1505518013,21515011,0.06976800,2.73000000,0
1505518012,21515003,0.06976800,1.98765000,1
1505518011,21514999,0.06984527,15.41731500,1
1505518011,21514992,0.06984527,7.11200000,1
1505518009,21514975,0.06984501,0.00000010,1
1505518009,21514973,0.06984502,0.95866534,1
1505518008,21514968,0.06984501,1.51202000,1
1505517999,21514916,0.06997998,9.33511872,0
1505517997,21514900,0.06980000,0.02297647,0
1505517997,21514896,0.06980000,0.38892353,0
1505517995,21514881,0.06991900,0.13660255,1
1505517995,21514880,0.06991900,0.42239600,1
1505517994,21514875,0.06991900,0.08940000,1
1505517993,21514873,0.06991900,1.19344700,1
1505517983,21514834,0.06999099,10.18017423,0
1505517982,21514825,0.06991899,2.56529200,1
1505517982,21514823,0.06991899,11.90000000,1
1505517979,21514802,0.06991650,0.00000500,0
1505517975,21514781,0.06991650,4.99999500,0
1505517973,21514765,0.06991649,4.99999500,0
1505517972,21514760,0.06991649,10.63929300,0
1505517955,21514706,0.06979600,0.10000000,1
1505517944,21514681,0.06992000,0.13574169,1
1505517943,21514680,0.06994399,0.61754000,1
1505517942,21514678,0.06992987,10.90700000,0
1505517937,21514663,0.06992000,0.31026000,0
1505517937,21514661,0.06991000,0.01193475,0
1505517937,21514657,0.06991000,0.25806525,0
1505517875,21514564,0.06967203,0.00029015,1
1505517875,21514563,0.06971025,0.41502685,1
1505517867,21514558,0.06992995,5.95680844,0
1505517837,21514526,0.06971000,0.31026000,1
1505517837,21514525,0.06971000,0.27000000,1
1505517808,21514471,0.06976700,1.16255427,1
1505517808,21514469,0.06976701,0.82648573,1
1505517794,21514431,0.06999998,0.49098632,0
1505517793,21514426,0.06977600,0.75561500,1
1505517747,21514294,0.06997988,4.52875300,0
1505517740,21514266,0.06997987,0.55721333,0
1505517740,21514263,0.06997980,0.21598065,0
1505517740,21514261,0.06997000,0.26900000,0
1505517740,21514259,0.06996997,14.46398602,0
1505517706,21514155,0.06970600,0.84100000,1
1505517705,21514154,0.06972000,0.19900000,1
1505517696,21514131,0.06970600,0.10000000,1
1505517680,21514091,0.06971800,0.12773106,1
1505517680,21514090,0.06975301,0.16200394,1
1505517677,21514082,0.06975302,1.05000000,1
1505517664,21514001,0.06975300,1.04000000,1
1505517663,21513998,0.06971803,6.51402177,1
1505517663,21513997,0.06971805,13.50402623,1
1505517646,21513902,0.06999996,8.33745757,0
1505517646,21513901,0.06999995,3.59958410,0
1505517646,21513900,0.06997500,1.98765000,0
1505517646,21513899,0.06987095,0.29706833,0
1505517626,21513833,0.06979300,0.12248302,1
1505517620,21513820,0.06979299,0.20700000,1
1505517619,21513818,0.06980000,0.26002877,0
1505517618,21513815,0.06979300,0.24411148,1
1505517607,21513783,0.06979299,1.98765000,0
1505517593,21513726,0.06974900,0.00006839,0
1505517591,21513719,0.06974900,1.98758161,0
1505517583,21513686,0.06972200,0.95565906,0
1505517566,21513608,0.06968196,1.00388400,0
1505517564,21513593,0.06968196,0.59953300,0
1505517562,21513571,0.06968197,0.59439552,0
1505517557,21513543,0.06973398,1.34148000,0
1505517557,21513542,0.06968200,1.98765000,0
1505517557,21513541,0.06963990,2.87000000,0
1505517557,21513540,0.06963988,7.42900000,0
1505517529,21513433,0.06953000,1.10012281,0
1505517529,21513431,0.06952000,0.09153200,0
1505517515,21513404,0.06952000,0.20000000,0
1505517495,21513352,0.06955163,0.64640430,0
1505517488,21513333,0.06955164,0.08738221,1
1505517408,21513209,0.06972400,0.26391200,1
1505517309,21513123,0.06998000,0.20002857,0
1505517304,21513111,0.06989077,0.19999500,0
1505517270,21513073,0.06988999,11.24711700,0
1505517266,21513064,0.06989000,0.29706800,0
1505517264,21513062,0.06989959,1.19453000,0
1505517217,21513002,0.06989076,0.10046922,0
1505517216,21513000,0.06976300,1.98765000,0
1505517186,21512930,0.06964700,1.98765000,0
1505517165,21512860,0.06942022,32.73288667,1
1505517164,21512859,0.06942023,1.05035851,1
1505517164,21512858,0.06947200,0.20000000,1
1505517164,21512857,0.06954100,1.98765000,1
1505517159,21512823,0.06957928,1.03332565,1
1505517158,21512819,0.06957928,10.59429604,1
1505517156,21512812,0.06957927,0.59681451,1
1505517154,21512809,0.06957913,0.59771300,1
1505517148,21512787,0.06957911,0.59797200,1
1505517145,21512775,0.06957908,2.18443534,1
1505517091,21512599,0.06975000,0.72040400,0
1505517066,21512562,0.06972300,1.98765000,1
1505517066,21512561,0.06975000,0.27000000,1
1505517066,21512560,0.06975841,0.46159018,1
1505517066,21512558,0.06976000,0.38860000,1
1505517031,21512451,0.06974000,1.38306600,1
1505517029,21512446,0.06974000,0.60458394,1
1505517029,21512444,0.06975000,0.32840606,1
1505516994,21512337,0.06988000,1.33684972,1
1505516981,21512310,0.06979300,0.31189500,1
1505516970,21512300,0.06979300,0.73300000,1
1505516970,21512299,0.06988000,0.13700000,1
1505516962,21512287,0.06988360,2.02649537,1
1505516962,21512286,0.06988360,0.87000000,1
1505516955,21512271,0.06989285,0.69532148,0
1505516954,21512261,0.06989285,0.07135966,0
1505516943,21512250,0.06989287,17.65167061,0
1505516942,21512245,0.06989287,13.05903456,0
1505516942,21512244,0.06988361,1.00075299,0
1505516940,21512239,0.06988361,6.89033620,0
1505516940,21512237,0.06988360,1.00074780,0
1505516940,21512236,0.06988360,1.89578200,0
1505516939,21512231,0.06988360,11.90047020,0
1505516939,21512229,0.06985600,1.98765000,0
1505516939,21512225,0.06978600,0.90887480,0
1505516939,21512222,0.06978600,0.91818048,0
1505516938,21512218,0.06978600,1.98764472,0
1505516938,21512213,0.06984000,1.18530000,1
1505516925,21512151,0.06978500,1.01083900,1
1505516919,21512122,0.06975000,0.22896394,1
1505516915,21512094,0.06975600,1.30521684,1
1505516914,21512080,0.06975600,0.68243316,1
1505516914,21512076,0.06988000,0.00006394,1
1505516911,21512065,0.06988000,0.22890000,1
1505516904,21512052,0.06988496,0.47570500,0
1505516900,21512048,0.06976301,0.10000000,1
1505516863,21511949,0.06991932,9.77778000,0
1505516863,21511948,0.06989300,1.98765000,0
1505516845,21511920,0.06981000,1.00241721,0
1505516843,21511917,0.06980997,1.19208600,0
1505516839,21511914,0.06982000,0.55642691,1
1505516839,21511913,0.06982000,0.55737000,1
1505516835,21511907,0.06982000,0.87385309,1
1505516835,21511906,0.06991000,0.00312772,1
1505516831,21511894,0.06991000,0.33057228,1
1505516823,21511886,0.06991961,4.82220000,0
1505516817,21511877,0.06991961,0.45321336,0
1505516810,21511850,0.06975000,0.33233800,1
1505516809,21511848,0.06991963,3.93515541,0
1505516809,21511847,0.06990000,2.39823000,0
1505516809,21511846,0.06989999,1.58481425,0
1505516804,21511825,0.06989989,1.14746400,0
1505516781,21511791,0.06975000,0.32593200,1
1505516764,21511779,0.06975000,0.88436000,1
1505516764,21511778,0.06977700,1.98765000,1
1505516757,21511775,0.06976904,0.80881400,1
1505516732,21511752,0.06985700,1.72398700,0
1505516732,21511751,0.06985699,0.26366300,0
1505516725,21511738,0.06979795,0.70000000,0
1505516725,21511737,0.06979795,0.64777500,0
1505516711,21511715,0.06979795,1.51868100,0
1505516705,21511705,0.06979795,0.70354400,0
1505516681,21511664,0.06979799,1.52609986,0
1505516680,21511662,0.06979799,0.45298187,0
1505516659,21511642,0.06976193,10.00000000,0
1505516645,21511626,0.06975600,1.98764962,0
1505516645,21511625,0.06971544,0.23662338,0
1505516527,21511473,0.06965996,0.38305045,0
1505516527,21511472,0.06965995,0.09069055,0
1505516527,21511471,0.06965000,0.27000000,0
1505516519,21511452,0.06965997,1.49716700,0
1505516503,21511417,0.06964982,0.42036064,1
1505516503,21511414,0.06964982,0.93184000,1
1505516489,21511388,0.06964982,0.16939770,0
1505516475,21511380,0.06949100,0.30420500,1
1505516462,21511370,0.06946900,1.33296856,0
1505516458,21511367,0.06948000,0.27000000,1
1505516457,21511366,0.06952997,0.38468144,1
1505516447,21511343,0.06961072,0.15947000,0
1505516447,21511342,0.06953000,1.98765000,0
1505516444,21511335,0.06961076,2.27158871,0
1505516444,21511334,0.06943800,0.00000542,0
1505516438,21511317,0.06943800,1.98764458,0
1505516406,21511255,0.06940100,1.98765000,0
1505516388,21511221,0.06938000,1.98765000,0
1505516349,21511199,0.06936799,0.35803000,0
1505516345,21511194,0.06936797,0.08045000,0
1505516282,21511105,0.06933800,0.16513639,0
1505516266,21511081,0.06918001,6.13100000,1
1505516227,21511020,0.06918000,0.24371900,1
1505516168,21510883,0.06936100,0.41250357,0
1505516160,21510867,0.06931700,1.98765000,0
1505516148,21510854,0.06930800,1.97993034,0
1505516148,21510853,0.06930799,1.98765000,0
1505516060,21510740,0.06914900,0.30273900,1
1505516060,21510737,0.06914900,0.39170000,1
1505516040,21510679,0.06943697,0.75691307,0
1505516035,21510673,0.06918000,2.03722849,1
1505516035,21510672,0.06919000,0.92641834,1
1505516034,21510671,0.06919000,1.02487849,1
1505516034,21510670,0.06919001,0.29984034,1
1505516034,21510667,0.06933570,0.62657800,1
1505516029,21510641,0.06919000,0.03635317,1
1505516029,21510639,0.06919201,2.87000000,1
1505516029,21510636,0.06923619,0.09364683,1
1505516024,21510610,0.06923622,3.01319010,1
1505516024,21510609,0.06924822,0.23662338,1
1505515942,21510523,0.06934700,0.57774900,1
1505515936,21510514,0.06931000,0.36099500,1
1505515933,21510504,0.06939900,0.42192300,1
1505515932,21510502,0.06939900,1.56572700,1
1505515929,21510489,0.06934003,2.93057400,1
1505515929,21510488,0.06943700,1.98765000,1
1505515923,21510482,0.06960897,0.22892231,0
1505515917,21510479,0.06944000,1.82029700,1
1505515858,21510466,0.06961000,0.17134326,0
1505515858,21510465,0.06958000,0.16031574,0
1505515858,21510464,0.06950974,0.08816000,0
1505515839,21510456,0.06962000,0.08801982,0
1505515837,21510451,0.06950974,0.26404000,0
1505515826,21510448,0.06951000,0.13233025,0
1505515825,21510447,0.06951722,0.13766975,1
1505515801,21510441,0.06955000,0.22908426,0
1505515703,21510362,0.06951343,0.26403767,1
1505515587,21510254,0.06966994,4.62543700,0
1505515587,21510253,0.06958000,1.00595900,0
1505515569,21510211,0.06967997,0.98855200,1
1505515567,21510210,0.06967997,4.68251000,1
1505515566,21510207,0.06967997,0.38940000,0
1505515510,21510179,0.06956043,0.49060000,1
1505515510,21510178,0.06956043,1.98765000,1
1505515510,21510177,0.06957000,0.38940000,1
1505515505,21510175,0.06959900,1.98765000,1
1505515493,21510166,0.06956043,0.88235000,1
1505515493,21510165,0.06963000,0.27000000,1
1505515491,21510164,0.06964500,1.98765000,1
1505515456,21510145,0.06974767,0.22995555,0
1505515406,21510095,0.06974200,0.61493790,0
1505515405,21510088,0.06970000,0.10197500,0
1505515390,21510071,0.06969997,0.83911138,0
1505515380,21510049,0.06967999,0.10025111,0
1505515270,21509943,0.06955414,0.30706700,1
1505515268,21509940,0.06955401,1.71124400,1
1505515227,21509896,0.06970000,0.28702500,0
1505515128,21509804,0.06960643,4.37544089,1
1505515127,21509803,0.06960644,0.10025111,1
1505514956,21509645,0.06970000,0.89714827,0
1505514955,21509644,0.06970000,1.08764031,1
1505514954,21509642,0.06970000,2.87000000,1
1505514952,21509632,0.06970000,1.08054500,1
1505514951,21509630,0.06970000,0.77263100,1
1505514947,21509613,0.06970000,2.42758900,1
1505514945,21509608,0.06970000,1.30567500,1
1505514941,21509594,0.06970000,1.18124000,1
1505514938,21509589,0.06970000,2.68163200,1
1505514930,21509580,0.06970000,0.13810000,1
1505514922,21509576,0.06970423,3.18024400,1
1505514847,21509475,0.06972803,0.20198800,1
1505514844,21509467,0.06990982,1.54227500,0
1505514825,21509441,0.06990990,0.69653800,0
1505514816,21509422,0.06985000,1.98765000,0
1505514795,21509361,0.06975233,10.55483000,1
1505514791,21509347,0.06990996,0.24098448,1
1505514791,21509344,0.06990999,2.99994009,1
1505514790,21509341,0.06990995,0.00003226,0
1505514790,21509339,0.06990982,2.06914000,0
1505514789,21509337,0.06990995,2.86996774,0
1505514756,21509305,0.06975037,3.29366000,1
1505514752,21509303,0.06975036,2.06914800,1
1505514751,21509302,0.06976000,0.38900000,1
1505514750,21509299,0.06975039,1.00184700,1
1505514733,21509267,0.06992499,0.21554123,0
1505514732,21509266,0.06988000,0.11506432,0
1505514707,21509243,0.06987984,0.68675100,0
1505514697,21509229,0.06987985,0.68675081,0
1505514678,21509195,0.06968504,3.17555400,0
1505514676,21509194,0.06968503,0.38940000,1
1505514676,21509193,0.06968502,3.24781697,1
1505514664,21509164,0.06972800,0.22503082,1
1505514648,21509132,0.06974000,1.98765000,1
1505514648,21509131,0.06974000,0.81215211,1
1505514647,21509130,0.06975000,0.38940000,1
1505514613,21509027,0.06979600,1.98765000,1
1505514579,21508915,0.06983900,1.98765000,1
1505514569,21508882,0.06998998,1.21169405,0
1505514569,21508881,0.06997000,0.38820000,0
1505514568,21508879,0.06982600,1.98765000,1
1505514568,21508878,0.06984000,0.38820000,1
1505514563,21508865,0.07000280,5.00637541,0
1505514563,21508864,0.07000272,2.87000000,0
1505514563,21508863,0.06999000,0.38720000,0
1505514556,21508837,0.07000265,3.08749576,0
1505514543,21508792,0.06989501,0.22700001,1
1505514542,21508790,0.07000288,4.53314000,0
1505514521,21508650,0.06989500,1.56559000,1
1505514513,21508607,0.06990200,1.68914000,1
1505514505,21508556,0.06986000,0.29851000,1
1505514505,21508551,0.06986000,0.08869000,1
1505514488,21508452,0.07003000,1.98661907,0
1505514488,21508450,0.07000000,0.42429679,0
1505514477,21508378,0.06987000,0.15362016,1
1505514469,21508335,0.06997874,0.00012392,1
1505514468,21508331,0.06998000,1.98765000,0
1505514467,21508327,0.06997874,0.15359608,1
1505514459,21508294,0.06999974,2.02309000,0
1505514456,21508288,0.06987960,0.00002529,0
1505514455,21508281,0.06987960,0.14769231,0
1505514447,21508260,0.06997887,17.20664900,0
1505514442,21508236,0.06997900,1.22868900,0
1505514441,21508227,0.06999984,1.97765000,0
1505514436,21508205,0.07000000,0.80439200,0
1505514436,21508204,0.06987951,0.27459100,0
1505514431,21508160,0.06985000,0.22817248,1
1505514403,21507988,0.06987954,0.95047000,1
1505514402,21507978,0.06987951,3.44310000,1
1505514402,21507975,0.07000000,2.10441383,0
1505514401,21507971,0.06987951,3.41467300,1
1505514400,21507959,0.06987937,0.19306400,0
1505514399,21507956,0.06987938,2.87000000,1
1505514398,21507944,0.07000000,0.91277679,0
1505514396,21507926,0.06987937,0.25118100,1
1505514389,21507880,0.06987923,4.41580000,1
1505514366,21507788,0.06987913,7.32007139,1
1505514363,21507781,0.06987900,0.19005364,1
1505514363,21507780,0.06987900,1.98765000,0
1505514363,21507779,0.06987899,0.38762887,0
1505514351,21507752,0.06987399,0.81272310,0
1505514348,21507743,0.06987400,0.78729814,0
1505514348,21507742,0.06987400,1.20035186,0
1505514348,21507740,0.06978258,0.00000014,0
1505514346,21507723,0.06978001,2.86987189,1
1505514343,21507708,0.06978532,0.75920839,1
1505514343,21507705,0.06978531,0.69026361,0
1505514341,21507700,0.06978000,0.38780000,0
1505514321,21507637,0.06980900,0.00008392,1
1505514318,21507621,0.06980900,1.98756608,1
1505514309,21507590,0.06982600,1.29798929,1
1505514309,21507587,0.06984000,0.38780000,1
1505514305,21507569,0.06982600,0.68954258,1
1505514303,21507561,0.06999889,0.25000000,0
1505514295,21507529,0.06985404,0.68962826,0
1505514285,21507488,0.06985404,0.61542500,1
1505514284,21507485,0.06985404,0.34670300,1
1505514283,21507482,0.06985407,0.61971100,1
1505514245,21507388,0.07000000,9.24112260,0
1505514245,21507386,0.06996780,2.01817140,0
1505514214,21507265,0.06985300,0.77582800,1
1505514211,21507260,0.06985800,1.54990000,1
1505514148,21507161,0.06997200,0.57321666,0
1505514148,21507159,0.06989299,0.31009234,0
1505514108,21507134,0.06989400,1.98765000,0
1505514097,21507113,0.06983986,3.22754900,0
1505514090,21507104,0.06983985,3.63727600,0
1505514090,21507103,0.06983985,0.10596400,0
1505514089,21507102,0.06983985,2.64675400,0
1505514081,21507090,0.06983987,2.30302400,0
1505514077,21507082,0.06983988,0.93259435,0
1505514065,21507058,0.06983978,1.82680000,0
1505514063,21507053,0.06983978,2.64675400,0
1505514059,21507050,0.06983979,10.83858200,0
1505514053,21507045,0.06984000,0.38760000,0
1505513956,21506927,0.06970000,2.00000000,1
1505513939,21506896,0.06975700,0.86070216,1
1505513916,21506823,0.06979107,1.24043000,1
1505513906,21506787,0.06979032,2.87000000,1
1505513874,21506640,0.06992992,1.70845300,0
1505513871,21506611,0.06992993,2.56321500,1
1505513868,21506596,0.06992996,4.31959128,0
1505513852,21506488,0.06999993,15.78106000,0
1505513852,21506486,0.06994300,1.98765000,0
1505513841,21506446,0.06976802,0.39979400,1
1505513822,21506385,0.06975101,0.38787100,1
1505513821,21506378,0.06974004,6.29028159,0
1505513821,21506377,0.06974004,2.87000000,1
1505513821,21506376,0.06975100,1.98765000,1
1505513820,21506375,0.06975104,1.80595841,1
1505513820,21506374,0.06976000,0.38760000,1
1505513804,21506325,0.06988700,1.50865000,1
1505513792,21506257,0.06988700,0.47900000,0
1505513764,21506200,0.06983700,1.57513416,0
1505513764,21506199,0.06982000,0.14351584,0
1505513764,21506198,0.06980000,0.26900000,0
1505513622,21506066,0.06966059,0.65730500,1
1505513609,21506057,0.06957316,0.28360200,1
1505513609,21506054,0.06957316,0.91270152,1
1505513609,21506053,0.06959300,1.98765000,1
1505513608,21506052,0.06965000,0.10700000,1
1505513608,21506051,0.06965008,1.56817848,1
1505513605,21506047,0.06965007,2.47875000,1
1505513559,21505998,0.06959001,0.03651584,0
1505513558,21505997,0.06959001,0.28571432,0
1505513553,21505984,0.06976995,0.68477547,0
1505513542,21505967,0.06957011,0.38740000,1
1505513537,21505947,0.06958003,1.39806497,0
1505513534,21505943,0.06957008,3.21548700,1
1505513534,21505941,0.06960000,0.26900000,1
1505513534,21505940,0.06963200,0.20000000,1
1505513500,21505864,0.06957012,1.00000000,1
1505513464,21505805,0.06971584,1.13482580,0
1505513446,21505758,0.06961393,9.57537105,0
1505513441,21505704,0.06961400,1.98765000,1
1505513428,21505679,0.06963300,1.98765000,1
1505513421,21505673,0.06964032,2.87000000,1
1505513383,21505509,0.06965413,1.98765000,1
1505513375,21505485,0.06982000,0.78798338,0
1505513364,21505449,0.06982497,2.87000000,0
1505513328,21505348,0.06972600,0.49991395,1
1505513312,21505319,0.06984968,0.38629203,0
1505513310,21505315,0.06984968,0.95630000,0
1505513305,21505295,0.06984969,2.22540097,0
1505513305,21505293,0.06970340,0.00005003,0
1505513301,21505268,0.06970340,0.54338797,0
1505513299,21505260,0.06970340,0.18914300,0
1505513297,21505257,0.06984977,0.73206825,1
1505513296,21505255,0.06984980,0.72432000,1
1505513267,21505216,0.06985300,1.06639700,0
1505513222,21505157,0.06973600,1.71630400,0
1505513222,21505156,0.06973600,0.27134600,1
1505513146,21505047,0.06962000,0.38740000,1
1505513049,21504908,0.06959020,1.09438400,0
1505513024,21504872,0.06965499,5.97800691,0
1505513024,21504871,0.06965499,3.15653009,0
1505512998,21504839,0.06964600,1.98765000,0
1505512993,21504828,0.06960607,2.21145000,0
1505512992,21504826,0.06960400,1.98765000,0
1505512989,21504819,0.06960000,0.38810000,0
1505512980,21504794,0.06960000,1.98765000,0
1505512980,21504792,0.06955921,0.07838743,0
1505512978,21504789,0.06955921,0.73100000,0
1505512978,21504787,0.06955000,0.26900000,0
1505512912,21504732,0.06954997,2.87000000,0
1505512846,21504661,0.06958800,0.81069581,1
1505512841,21504636,0.06930636,2.28640834,0
1505512841,21504634,0.06930636,2.44002836,0
1505512840,21504632,0.06930636,0.31119330,1
1505512840,21504630,0.06959500,1.98765000,1
1505512766,21504552,0.06961711,0.99274446,1
1505512754,21504531,0.06961404,1.98778000,1
1505512754,21504529,0.06962000,0.00013361,1
1505512752,21504523,0.06962000,0.38796639,1
1505512742,21504508,0.06973200,1.98765000,0
1505512733,21504501,0.06972000,1.98765000,0
1505512733,21504500,0.06970000,0.00000020,0
1505512733,21504499,0.06970000,34.46054500,0
1505512714,21504477,0.06970000,7.80846484,0
1505512713,21504465,0.06970000,0.31562410,0
1505512615,21504301,0.06962664,1.32591491,0
1505512264,21503862,0.06962475,0.10000000,1
1505512264,21503858,0.06984976,3.97885200,0
1505512254,21503842,0.06984973,2.97325981,0
1505512232,21503822,0.06962318,0.10000000,1
1505512182,21503750,0.06966800,0.35683200,1
1505512182,21503749,0.06969000,0.26900000,1
1505512182,21503748,0.06972004,2.87000000,1
1505512180,21503744,0.06972007,1.47215000,1
1505512166,21503708,0.06971999,0.49300000,1
1505512165,21503707,0.06972000,1.49465000,1
1505512164,21503702,0.06972000,0.10000000,1
1505512163,21503700,0.06972000,1.27535000,1
1505512159,21503678,0.06984009,3.10926245,1
1505512159,21503676,0.06984009,11.59877692,1
1505512158,21503669,0.06984005,0.68952000,1
1505512158,21503662,0.06972000,0.26900000,0
1505512156,21503642,0.06958500,1.98765000,0
1505512154,21503627,0.06955349,2.24965486,0
1505512154,21503625,0.06955346,0.14913684,0
1505512153,21503624,0.06955345,1.92968681,0
1505512140,21503581,0.06955346,5.92581900,0
1505512136,21503577,0.06941369,1.44306941,1
1505512136,21503576,0.06941370,0.62442059,1
1505512136,21503575,0.06941370,14.75100000,1
1505512107,21503477,0.06941350,1.55480447,1
1505512076,21503360,0.06941300,1.98751675,1
1505512072,21503355,0.06941309,0.36205034,1
1505512040,21503306,0.06951401,1.42078700,1
1505512038,21503296,0.06951400,0.76685273,1
1505512034,21503291,0.06954687,0.00440108,1
1505512034,21503290,0.06955000,0.11538892,1
1505512032,21503285,0.06955000,0.15361108,1
1505512027,21503261,0.06953803,5.14107400,1
1505512006,21503144,0.06953600,1.98765000,0
1505511983,21503063,0.06952000,0.52558939,0
1505511974,21503021,0.06949800,0.82364865,0
1505511939,21502902,0.06941800,0.07295000,0
1505511909,21502823,0.06936093,2.87000000,0
1505511901,21502794,0.06936094,1.47347455,0
1505511900,21502788,0.06936091,7.07083714,0
1505511863,21502655,0.06929987,0.98661500,1
1505511863,21502654,0.06930000,2.18048873,1
1505511862,21502652,0.06929070,2.87000000,0
1505511850,21502625,0.06930000,0.46078747,1
1505511838,21502598,0.06930000,4.02176191,1
1505511838,21502596,0.06930001,1.22919109,1
1505511833,21502582,0.06930000,1.21924600,1
1505511829,21502573,0.06930013,2.44980340,1
1505511829,21502571,0.06930016,4.02039600,1
1505511810,21502547,0.06942962,7.20143400,0
1505511807,21502543,0.06942972,4.02039600,0
1505511804,21502541,0.06942991,4.50037500,0
1505511761,21502504,0.06930000,8.41133593,1
1505511761,21502503,0.06930000,25.49156224,1
1505511761,21502502,0.06930001,0.57847683,1
1505511687,21502444,0.06942000,0.26951737,0
1505511687,21502443,0.06942000,0.38870000,0
1505511671,21502383,0.06930007,0.04795535,1
1505511671,21502382,0.06942800,1.98765000,1
1505511666,21502359,0.06938000,1.34076636,1
1505511666,21502356,0.06938001,0.65009942,1
1505511641,21502336,0.06947900,1.66725382,1
1505511635,21502327,0.06946400,0.32039618,0
1505511490,21502155,0.06955033,7.56848200,1
1505511490,21502153,0.06957000,0.38870000,1
1505511466,21502130,0.06965300,1.98765000,1
1505511459,21502126,0.06965600,1.98764986,1
1505511458,21502125,0.06965603,7.07083714,1
1505511364,21501963,0.07005985,2.68279000,0
1505511356,21501956,0.06979500,1.98765000,0
1505511354,21501947,0.07007186,2.56109497,0
1505511352,21501938,0.06979200,1.98765000,0
1505511352,21501937,0.06979199,0.15143288,0
1505511352,21501936,0.06955033,15.55842945,0
1505511351,21501934,0.06955033,4.93157055,1
1505511347,21501929,0.06979199,0.07146981,0
1505511340,21501917,0.06975864,0.65535600,0
1505511339,21501916,0.06975864,7.07083714,0
1505511313,21501883,0.06974796,2.00773900,0
1505511313,21501881,0.06973900,1.98765000,0
1505511313,21501880,0.06973897,3.87715300,0
1505511222,21501630,0.06957013,3.87715300,1
1505511208,21501607,0.06979735,0.58895390,1
1505511208,21501604,0.06979735,6.68330000,0
1505511208,21501603,0.06979732,1.70368000,0
1505511185,21501551,0.06961369,0.89999500,1
1505511180,21501495,0.06961368,3.16602571,1
1505511177,21501486,0.06961367,1.70478800,1
1505511175,21501481,0.06961366,1.70368000,1
1505511151,21501404,0.06961319,0.37926000,1
1505511149,21501398,0.06975418,1.76462968,0
1505511148,21501395,0.06975418,2.01314244,0
1505511148,21501392,0.06975059,0.22290337,0
1505511148,21501390,0.06975057,1.06156651,0
1505511142,21501378,0.06961315,1.73503853,1
1505511134,21501365,0.06956027,6.68329781,1
1505511132,21501357,0.06974100,0.00011813,1
1505511132,21501356,0.06974100,1.98753187,1
1505511124,21501332,0.06956014,5.08402686,1
1505511124,21501330,0.06975000,0.22300000,1
1505511124,21501328,0.06975100,1.98765000,1
1505511123,21501321,0.06975418,2.01326709,1
1505511122,21501316,0.06975420,2.87000000,0
1505511120,21501297,0.06975423,1.06156651,1
1505511071,21501184,0.06990200,1.44501200,0
1505511062,21501153,0.06990000,1.00000000,0
1505511058,21501145,0.06970033,1.24289220,1
1505511058,21501144,0.06983600,0.37870153,1
1505511055,21501126,0.06989000,1.62159373,0
1505511055,21501124,0.06983600,1.32586339,0
1505511054,21501120,0.06983600,0.66164865,0
1505511040,21501067,0.06983600,0.19309300,0
1505511036,21501051,0.06989009,0.29528026,0
1505511028,21500997,0.06982600,0.93048800,0
1505511021,21500958,0.06978399,1.98765000,0
1505511008,21500918,0.06982000,0.22348263,0
1505511007,21500915,0.06978400,0.04651737,0
1505511006,21500913,0.06978400,1.94113263,0
1505511003,21500904,0.06978400,6.90903015,1
1505511003,21500901,0.06978324,0.69032351,0
1505510986,21500856,0.06964075,2.80161720,1
1505510985,21500848,0.06964075,3.38427500,1
1505510984,21500842,0.06964075,1.79830500,1
1505510972,21500806,0.06964077,1.76139951,1
1505510971,21500799,0.06964070,0.63143000,1
1505510951,21500747,0.06964066,1.22753495,1
1505510949,21500736,0.06964069,0.16045298,1
1505510911,21500645,0.06964033,3.89446461,1
1505510909,21500636,0.06964036,1.40954200,1
1505510899,21500604,0.06964033,6.89624299,1
1505510899,21500603,0.06964034,0.00014004,1
1505510898,21500599,0.06964034,0.17724196,1
1505510892,21500583,0.06964036,1.78941470,1
1505510886,21500550,0.06964028,1.59290140,1
1505510886,21500549,0.06964029,0.00010785,1
1505510885,21500542,0.06964029,0.19589451,1
1505510881,21500529,0.06964028,1.67091517,1
1505510880,21500524,0.06964028,3.73127503,1
1505510873,21500490,0.06964027,1.78822096,1
1505510842,21500343,0.06964015,0.19137704,0
1505510841,21500339,0.06965000,0.00012605,1
1505510840,21500336,0.06965000,0.26987395,1
1505510807,21500202,0.06975200,0.38532385,0
1505510807,21500200,0.06975198,1.60232615,0
1505510806,21500196,0.06975198,0.57826700,0
1505510798,21500149,0.06974000,0.26900000,0
1505510779,21500095,0.06975100,1.98764986,0
1505510779,21500092,0.06975097,7.07083714,0
1505510765,21500054,0.06971702,1.98765000,1
1505510763,21500049,0.06971702,0.24286000,1
1505510757,21500028,0.06971701,1.88765000,1
1505510757,21500027,0.06981699,0.10000000,1
1505510709,21499868,0.06972200,1.98765000,1
1505510695,21499793,0.06974200,0.00000002,1
1505510694,21499790,0.06974203,1.55927298,1
1505510640,21499485,0.06981700,0.71476609,1
1505510640,21499482,0.06982074,0.10123491,1
1505510640,21499478,0.06982077,2.04810116,1
1505510525,21499073,0.06997699,4.90150200,0
1505510525,21499072,0.06995000,0.38650000,0
1505510497,21498982,0.06990916,0.80732000,1
1505510488,21498944,0.06994000,1.01587268,0
1505510488,21498943,0.06994000,0.25999500,0
1505510482,21498923,0.06990902,3.61440584,1
1505510479,21498908,0.06994000,1.06344000,0
1505510464,21498878,0.06990903,0.93615000,1
1505510460,21498861,0.06989009,0.82465532,1
1505510460,21498859,0.06991703,0.13352268,1
1505510460,21498858,0.06994000,0.97177732,1
1505510460,21498857,0.06994000,0.13352268,1
1505510459,21498856,0.06994000,0.88235000,1
1505510450,21498833,0.06995003,1.42979700,1
1505510297,21498709,0.07009800,0.13814900,0
1505510288,21498695,0.06996300,1.98765000,0
1505510279,21498677,0.07010996,5.85909000,0
1505510273,21498664,0.06996000,1.98765000,0
1505510273,21498663,0.06995798,3.86410474,0
1505510273,21498662,0.06995794,0.22991136,0
1505510243,21498621,0.06987900,1.98764500,0
1505510239,21498614,0.06987897,1.98765000,0
1505510200,21498571,0.06977900,1.65606913,1
1505510189,21498566,0.06982503,2.09999500,1
1505510174,21498556,0.06981903,0.17785100,1
1505510161,21498542,0.07005085,1.50517334,1
1505510161,21498540,0.07005085,3.49482666,0
1505510142,21498524,0.06989300,1.98765000,1
1505510141,21498522,0.06989306,1.98765000,1
1505510128,21498478,0.06990501,0.47059760,1
1505510128,21498475,0.06990501,0.59119900,1
1505510128,21498473,0.06991300,1.98765000,1
1505510128,21498470,0.06994000,0.26900000,1
1505510119,21498447,0.06995007,0.54568766,1
1505510031,21498231,0.06998800,1.98765000,1
1505510024,21498214,0.07010385,0.20000000,0
1505510005,21498191,0.07007796,1.98765000,0
1505510002,21498185,0.07007800,1.98765000,1
1505510002,21498184,0.07007808,1.78214885,1
1505509981,21498126,0.07010200,0.10000000,1
1505509976,21498117,0.07010203,1.16148900,1
1505509974,21498109,0.07020998,0.22902002,1
1505509973,21498107,0.07020998,0.10000000,1
1505509924,21498003,0.07024974,1.77779400,1
1505509923,21498002,0.07009900,1.08390300,0
1505509923,21498001,0.07009900,0.90374700,0
1505509922,21497985,0.07008000,0.13830300,0
1505509861,21497806,0.07005935,48.53163051,0
1505509861,21497803,0.07005934,2.06493749,0
1505509857,21497795,0.07000300,0.00003794,0
1505509855,21497786,0.07000300,1.98761206,0
1505509853,21497785,0.07005935,16.49337498,0
1505509852,21497784,0.07005934,2.45339108,0
1505509852,21497783,0.06999500,0.00003794,0
1505509845,21497768,0.06999500,1.98761206,0
1505509796,21497664,0.06997000,0.22837005,0
1505509739,21497582,0.06990699,0.59096540,0
1505509739,21497579,0.06990700,1.39654200,0
1505509735,21497565,0.06990700,0.59110800,0
1505509708,21497519,0.06987500,0.46380200,0
1505509661,21497425,0.06986400,1.98764986,0
1505509661,21497424,0.06984794,2.77400000,0
1505509661,21497423,0.06984793,0.22632114,0
1505509655,21497395,0.06984794,0.09600000,0
1505509633,21497335,0.06984795,0.10000000,0
1505509631,21497328,0.06984795,0.10000000,0
1505509629,21497323,0.06984795,0.10000000,0
1505509627,21497310,0.06984795,0.10000000,0
1505509626,21497304,0.06984795,0.10000000,0
1505509622,21497261,0.06984796,0.10000000,0
1505509622,21497254,0.06984796,1.00000000,0
1505509620,21497252,0.06984796,0.10000000,0
1505509619,21497251,0.06984797,0.10000000,0
1505509616,21497244,0.06984797,0.10000000,0
1505509615,21497238,0.06984798,0.10000000,0
1505509613,21497233,0.06984798,0.10000000,0
1505509611,21497227,0.06984799,0.10000000,0
1505509609,21497218,0.06984799,0.10000000,0
1505509590,21497141,0.06978000,0.13069700,0
1505509558,21496991,0.06986499,1.98765000,0
1505509556,21496974,0.06986499,9.86989301,0
1505509550,21496922,0.06986500,1.87576900,1
1505509549,21496920,0.06986100,1.98765000,1
1505509548,21496915,0.06986502,0.09003460,1
1505509546,21496897,0.06986500,0.85571800,1
1505509546,21496890,0.06986500,1.13193200,1
1505509542,21496845,0.06989000,0.26900000,1
1505509542,21496842,0.06990017,1.87576881,1
1505509541,21496831,0.06990020,1.87576900,1
1505509535,21496750,0.07006783,0.08720021,0
1505509534,21496747,0.07006771,0.95769000,0
1505509534,21496744,0.07006768,2.64143122,0
1505509533,21496734,0.06991005,10.57379000,0
1505509518,21496644,0.06991005,0.86391013,1
1505509505,21496538,0.06991007,0.58635100,1
1505509479,21496455,0.07004488,0.23015917,0
1505509468,21496427,0.06990087,0.71549139,1
1505509432,21496360,0.07004599,1.98765000,0
1505509430,21496354,0.07004500,1.94367900,1
1505509426,21496341,0.07004493,5.01463200,0
1505509414,21496310,0.06989211,0.43986400,1
1505509381,21496193,0.06989016,0.95769490,1
1505509373,21496137,0.06982004,0.22986241,1
1505509365,21496076,0.06995300,1.98765000,0
1505509359,21496064,0.06995000,1.98765000,0
1505509359,21496063,0.06992000,0.26900000,0
1505509332,21495983,0.06991700,0.79539200,1
1505509332,21495978,0.06990000,1.19225800,0
1505509327,21495970,0.06990000,1.00000000,1
1505509327,21495969,0.06993200,0.68151200,1
1505509325,21495962,0.06993200,1.30613800,1
1505509322,21495954,0.06996122,6.14451600,1
1505509316,21495938,0.07000699,0.92632100,1
1505509311,21495920,0.06996100,1.98752205,1
1505509310,21495918,0.07000699,2.87000000,1
1505509292,21495869,0.07007500,1.98765000,0
1505509283,21495850,0.07001880,0.65869600,0
1505509283,21495849,0.07000690,0.99550300,0
1505509242,21495796,0.07007289,3.27953100,0
1505509188,21495742,0.06992419,2.87000000,1
1505509159,21495649,0.06992400,1.69998500,1
1505509155,21495643,0.06991832,0.40953100,1
1505509141,21495625,0.07010099,1.10000000,0
1505509109,21495613,0.06997600,0.93137463,1
1505509107,21495610,0.06999954,0.10450263,1
1505509084,21495597,0.07010484,3.51987586,1
1505509083,21495594,0.07010481,1.48012414,0
1505509062,21495566,0.07002954,0.10173000,0
1505509056,21495561,0.07002904,4.60661700,0
1505509056,21495560,0.07002891,14.83283000,0
1505509046,21495546,0.07002971,2.42439800,1
1505509042,21495542,0.07002971,1.50000000,0
1505509040,21495538,0.07002987,0.78000000,0
1505509037,21495536,0.07003000,0.14260041,0
1505508989,21495469,0.07012000,1.60000000,1
1505508974,21495445,0.07003800,1.36301000,1
1505508962,21495414,0.07004600,1.21800589,1
1505508962,21495413,0.07006000,0.14260000,1
1505508843,21495246,0.07020997,0.98409600,0
1505508749,21495103,0.07012000,0.38509959,0
1505508749,21495102,0.07011999,0.81408041,0
1505508728,21495083,0.06999000,1.78905295,1
1505508728,21495079,0.07008997,0.18591459,1
1505508727,21495074,0.07008997,0.90000000,1
1505508725,21495067,0.07008997,0.90408541,1
1505508716,21495057,0.07014994,1.98765000,1
1505508706,21495047,0.07007999,2.70990728,0
1505508706,21495046,0.06999282,0.36399500,0
1505508697,21495036,0.07008996,5.35017555,0
1505508696,21495034,0.07008996,0.52348600,0
1505508688,21495022,0.07010299,1.98765000,0
1505508667,21494991,0.07002000,0.26900000,1
1505508666,21494987,0.07001302,1.79919100,0
1505508665,21494985,0.07001302,2.18876500,0
1505508665,21494984,0.07001303,4.69755700,1
1505508662,21494975,0.07001302,2.18876500,1
1505508647,21494965,0.07001011,0.40601753,0
1505508646,21494961,0.07001011,4.38563480,1
1505508481,21494826,0.07016996,4.00001000,0
1505508476,21494823,0.07017976,1.86829600,0
1505508424,21494711,0.07006700,1.98764500,0
1505508414,21494696,0.06997600,1.98765000,0
1505508407,21494668,0.06990701,0.42807472,0
1505508406,21494664,0.06990701,0.38565988,0
1505508405,21494658,0.06990701,1.15929048,0
1505508403,21494655,0.06990701,1.07347376,0
1505508402,21494653,0.06990701,0.38510000,0
1505508402,21494651,0.06990702,1.11671216,1
1505508401,21494646,0.07035978,5.46278000,0
1505508400,21494643,0.07036979,12.12760583,0
1505508400,21494642,0.07035992,3.29526969,0
1505508400,21494640,0.07035991,2.87000000,0
1505508399,21494638,0.07035990,1.10952428,0
1505508399,21494637,0.07035990,0.58399000,0
1505508399,21494636,0.07010700,1.98765000,0
1505508398,21494635,0.06994000,0.26900000,0
1505508396,21494623,0.07010697,0.38562480,0
1505508395,21494622,0.06995003,0.00003093,0
1505508384,21494589,0.07009200,0.81674900,1
1505508384,21494588,0.07010000,0.26900000,1
1505508382,21494578,0.07009200,0.90184806,0
1505508382,21494577,0.07009200,1.08580194,0
1505508379,21494565,0.07011200,0.11662718,0
1505508379,21494564,0.07009000,0.26900000,0
1505508374,21494538,0.07010199,2.25911400,0
1505508374,21494536,0.07010198,3.13900000,0
1505508368,21494501,0.06995003,0.11108800,0
1505508367,21494498,0.06990200,1.98765000,0
1505508367,21494497,0.06990200,2.86999886,0
1505508366,21494480,0.06990200,1.98765000,1
1505508365,21494478,0.06993000,0.26900000,1
1505508365,21494476,0.06993006,6.54288114,1
1505508354,21494430,0.06999400,0.53102469,1
1505508353,21494427,0.07009000,0.77125700,0
1505508350,21494420,0.06999400,0.95329331,1
1505508349,21494418,0.07019400,1.98765000,0
1505508349,21494416,0.07016399,0.84275911,0
1505508349,21494415,0.07010000,2.00000000,0
1505508349,21494414,0.07009007,5.77162414,0
1505508349,21494413,0.07009004,11.10300000,0
1505508348,21494410,0.06970136,0.48300449,0
1505508346,21494395,0.07008000,0.23107176,0
1505508346,21494393,0.07008000,0.14220500,0
1505508344,21494372,0.07009000,0.81381600,0
1505508343,21494367,0.06930000,2.97994059,1
1505508343,21494365,0.06930001,11.54969283,1
1505508343,21494364,0.06930014,25.00000000,1
1505508342,21494349,0.07009000,0.81381600,0
1505508341,21494342,0.07000083,0.43000000,0
1505508341,21494340,0.07000083,1.45131000,0
1505508341,21494335,0.06930001,43.32212141,1
1505508340,21494332,0.06959910,0.00000501,1
1505508340,21494331,0.06959910,0.88337200,1
1505508340,21494330,0.06959910,0.55716734,1
1505508340,21494329,0.06959911,0.21036046,1
1505508340,21494327,0.06989608,15.64729871,1
1505508340,21494325,0.06990000,1.67250000,1
1505508340,21494324,0.06990000,2.00000000,1
1505508340,21494322,0.06996400,1.98765000,1
1505508339,21494320,0.07000000,0.14249999,1
1505508339,21494319,0.07000081,2.45000000,1
1505508339,21494316,0.07000082,25.99300000,1
1505508339,21494311,0.07000082,1.04937897,1
1505508339,21494308,0.07000082,0.42279300,1
1505508339,21494303,0.07000083,0.41658700,0
1505508335,21494265,0.07000082,2.44720700,1
1505508332,21494234,0.07017986,2.00370000,0
1505508332,21494230,0.07017973,0.45287000,0
1505508331,21494221,0.07017973,1.72430000,0
1505508330,21494208,0.07000081,1.17187500,1
1505508329,21494202,0.07017987,0.45287300,0
1505508328,21494192,0.07000081,24.28586460,1
1505508328,21494190,0.07007200,1.98765000,1
1505508326,21494179,0.07000081,1.11879425,1
1505508326,21494178,0.07000082,0.23680390,1
1505508325,21494177,0.07009000,1.98765000,1
1505508325,21494176,0.07009005,1.18288485,1
1505508325,21494174,0.07009007,1.14488600,0
1505508323,21494164,0.07019009,2.63189000,0
1505508321,21494156,0.07014701,1.14488589,1
1505508196,21494003,0.07020000,0.23107176,1
1505508102,21493905,0.07020900,0.07823500,1
1505508102,21493901,0.07026000,0.14220000,1
1505508067,21493840,0.07030000,0.00000500,0
1505508064,21493833,0.07021003,0.15432700,1
1505508061,21493827,0.07029974,0.15432679,1
1505508055,21493809,0.07030000,1.66319500,0
1505507988,21493741,0.07028200,1.68859632,0
1505507988,21493739,0.07028191,7.07083714,0
1505507913,21493642,0.07011141,1.58366271,1
1505507913,21493641,0.07011144,2.16322716,1
1505507730,21493339,0.07015400,1.98765000,0
1505507718,21493308,0.07011300,1.19271700,0
1505507717,21493300,0.07011300,0.79493300,0
1505507709,21493285,0.07012097,1.07496800,1
1505507705,21493280,0.07007000,0.23142100,0
1505507666,21493220,0.07003027,0.42684416,0
1505507666,21493219,0.06999000,0.23142100,1
1505507666,21493218,0.06999003,0.28610500,1
1505507661,21493198,0.07008500,1.52702900,0
1505507660,21493197,0.07002000,0.23142100,0
1505507645,21493133,0.07021978,1.04480816,0
1505507645,21493131,0.07007900,0.93898184,0
1505507645,21493128,0.07007900,1.04866816,0
1505507645,21493127,0.07003028,0.22991484,0
1505507643,21493120,0.07003027,1.75096900,0
1505507616,21492957,0.07003027,0.48328905,1
1505507616,21492955,0.07003027,1.73480500,1
1505507615,21492950,0.07002000,1.98765000,1
1505507604,21492915,0.07003027,0.22991500,1
1505507596,21492904,0.07003027,0.23389491,1
1505507586,21492887,0.07003028,0.21096500,1
1505507544,21492801,0.07003027,0.50091500,1
1505507521,21492761,0.07018397,0.21781600,0
1505507461,21492715,0.07015900,0.30000000,0
1505507446,21492686,0.06999800,0.85994070,1
1505507446,21492685,0.06999801,0.10739930,1
1505507410,21492643,0.07016599,2.87000000,0
1505507410,21492641,0.07014400,1.98765000,0
1505507402,21492630,0.07016597,0.11174000,0
1505507389,21492617,0.07006600,1.98550800,0
1505507312,21492350,0.07003999,1.98765000,0
1505507286,21492328,0.06991201,3.53912000,1
1505507191,21492244,0.06996400,1.71776071,1
1505507190,21492242,0.06996000,0.26976640,0
1505507188,21492237,0.06999009,0.00015928,1
1505507187,21492236,0.06999009,1.05575022,1
1505507187,21492235,0.06999009,1.81409050,1
1505507187,21492234,0.06999012,1.05583338,1
1505507171,21492198,0.07014997,1.05583338,0
1505507167,21492183,0.06999000,1.98765000,1
1505507151,21492121,0.06999300,0.85656200,1
1505507148,21492100,0.07000000,1.66320000,1
1505507148,21492093,0.07001700,0.22121714,1
1505507110,21492050,0.07006200,1.98765000,1
1505507033,21491869,0.07016300,1.60245000,0
1505507033,21491868,0.07015000,0.38520000,0
1505506955,21491737,0.07002429,5.80162948,1
1505506924,21491707,0.07005900,1.55939925,0
1505506923,21491703,0.07005900,0.43060075,0
1505506923,21491702,0.07005900,0.00006125,0
1505506922,21491701,0.07005900,0.88228875,0
1505506920,21491695,0.07005900,1.98765000,1
1505506907,21491683,0.07006000,1.98765000,1
1505506907,21491682,0.07010000,11.73021469,1
1505506907,21491681,0.07010032,4.93564927,1
1505506840,21491589,0.07012000,0.67514200,1
1505506840,21491588,0.07012000,1.92000000,1
1505506833,21491582,0.07011023,0.95677948,1
1505506829,21491576,0.07011020,1.91314100,1
1505506829,21491575,0.07012000,0.38520000,1
1505506819,21491563,0.07012003,0.95719125,1
1505506795,21491512,0.07025799,0.65966056,0
1505506795,21491510,0.07025799,0.69044124,0
1505506795,21491508,0.07025799,2.87000000,0
1505506783,21491465,0.07010213,0.54547000,1
1505506783,21491459,0.07010216,0.22121714,1
1505506776,21491446,0.07026299,0.41765074,0
1505506776,21491444,0.07026299,0.14676926,0
1505506776,21491442,0.07026295,2.87000000,0
1505506775,21491438,0.07004300,1.44218000,0
1505506774,21491432,0.07010000,1.00000000,1
1505506769,21491410,0.07026293,7.07083714,0
1505506759,21491377,0.07018638,1.21784806,1
1505506758,21491369,0.07018000,0.38510000,0
1505506753,21491351,0.07018635,1.98765000,0
1505506751,21491342,0.07027600,0.00008174,1
1505506750,21491340,0.07027600,1.24406626,1
1505506748,21491336,0.07027600,0.74350200,1
1505506747,21491335,0.07029000,0.38510000,1
1505506742,21491315,0.07018639,3.62276958,1
1505506742,21491314,0.07030401,0.42267042,1
1505506741,21491311,0.07030401,0.30610858,0
1505506738,21491299,0.07030400,0.25896800,1
1505506736,21491290,0.07030400,0.61944900,1
1505506734,21491276,0.07030400,0.92895900,1
1505506734,21491273,0.07030401,0.18045100,1
1505506720,21491199,0.07030001,1.36700000,1
1505506718,21491194,0.07030006,1.71370200,1
1505506699,21491093,0.07045289,0.77688241,0
1505506698,21491091,0.07045000,0.18045659,0
1505506689,21491043,0.07023900,0.10000000,1
1505506689,21491041,0.07026000,0.18045659,1
1505506677,21491000,0.07045295,24.97084175,0
1505506677,21490997,0.07040000,7.92863524,1
1505506676,21490995,0.07040000,1.60399924,1
1505506675,21490993,0.07040000,11.68022792,0
1505506675,21490992,0.07040000,4.00824037,0
1505506675,21490990,0.07040000,13.08749578,0
1505506636,21490889,0.07040000,5.11098100,0
1505506635,21490888,0.07038900,1.98765000,0
1505506633,21490877,0.07040000,4.34072500,0
1505506632,21490876,0.07039000,0.38400000,0
1505506631,21490874,0.07035800,1.98765000,0
1505506616,21490825,0.07035200,1.98764500,0
1505506612,21490808,0.07032700,1.98765000,0
1505506608,21490787,0.07032697,2.73600000,0
1505506599,21490765,0.07032500,1.98763942,0
1505506599,21490764,0.07029499,0.00000558,0
1505506597,21490755,0.07029499,1.26478900,0
1505506589,21490738,0.07029496,1.81806900,0
1505506577,21490701,0.07029872,1.36428000,0
1505506571,21490679,0.07029869,2.00025064,0
1505506520,21490593,0.07012902,1.65611330,1
1505506520,21490592,0.07014900,0.00011532,1
1505506518,21490583,0.07014900,1.98753468,1
1505506513,21490562,0.07018100,1.90619000,0
1505506511,21490558,0.07018100,0.08146000,1
1505506511,21490557,0.07018100,1.90619000,1
1505506511,21490555,0.07020000,0.38400000,1
1505506510,21490550,0.07020000,3.21202592,1
1505506510,21490547,0.07021000,0.38400000,1
1505506506,21490505,0.07020000,1.98765000,1
1505506504,21490489,0.07020000,6.09655200,1
1505506501,21490472,0.07024315,1.65228000,1
1505506480,21490421,0.07024315,3.01000000,0
1505506444,21490268,0.07024600,1.98765000,1
1505506444,21490267,0.07024609,3.45893454,1
1505506422,21490186,0.07039990,0.15356265,0
1505506422,21490184,0.07039986,0.35403800,0
1505506416,21490164,0.07040000,13.77149700,0
1505506409,21490152,0.07040000,24.18987007,0
1505506409,21490151,0.07039800,1.98765000,0
1505506409,21490150,0.07039799,0.36992193,0
1505506405,21490147,0.07039321,1.35789000,0
1505506403,21490140,0.07040000,50.41914861,0
1505506403,21490138,0.07039999,2.82477629,0
1505506403,21490137,0.07039324,2.35761510,0
1505506400,21490131,0.07039200,1.98765000,0
1505506396,21490126,0.07022603,0.35403800,1
1505506384,21490099,0.07022106,0.05506421,0
1505506384,21490097,0.07022574,0.73844579,1
1505506381,21490092,0.07039987,0.74931500,0
1505506375,21490073,0.07022107,6.67900334,1
1505506374,21490071,0.07022110,0.21062700,1
1505506374,21490070,0.07024000,1.98765000,1
1505506361,21490038,0.07039997,2.23177900,0
1505506355,21490021,0.07039990,0.41299900,0
1505506354,21490014,0.07026301,0.36533995,1
1505506346,21489997,0.07026304,5.92147960,1
1505506342,21489937,0.07030015,2.68810000,0
1505506337,21489906,0.07030015,0.18190000,1
1505506322,21489882,0.07039999,0.40000000,0
1505506317,21489871,0.07040000,2.41796051,0
1505506316,21489869,0.07040000,0.88000000,0
1505506315,21489868,0.07040000,0.88000000,0
1505506314,21489867,0.07039400,0.88235000,1
1505506307,21489864,0.07040000,4.07000000,0
1505506304,21489861,0.07040000,0.52601800,0
1505506303,21489860,0.07040000,0.34573769,0
1505506303,21489859,0.07039999,0.47879031,0
1505506302,21489856,0.07039999,1.64074000,0
1505506294,21489851,0.07039400,1.98765000,0
1505506286,21489845,0.07040000,61.27290902,0
1505506286,21489844,0.07039999,2.51825384,0
1505506286,21489843,0.07039397,7.07083714,0
1505506255,21489772,0.07023101,1.41236600,1
1505506245,21489755,0.07023100,0.55677000,1
1505506241,21489747,0.07023023,1.39804582,1
1505506241,21489746,0.07023024,0.61945700,1
1505506202,21489650,0.07039997,0.50000000,1
1505506199,21489648,0.07022800,0.81119200,1
1505506186,21489634,0.07039397,0.26400000,0
1505506156,21489576,0.07038900,1.45579295,0
1505506137,21489535,0.07022074,1.38766949,1
1505506092,21489460,0.07036800,0.41313367,0
1505506073,21489424,0.07032000,0.02171531,1
1505506073,21489421,0.07032000,0.36178469,0
1505506073,21489420,0.07032000,0.02171531,0
1505506072,21489419,0.07030000,1.00000000,0
1505506072,21489418,0.07026191,0.00000012,0
1505506072,21489417,0.07026178,0.71353000,0
1505506058,21489390,0.07026191,11.66993597,0
1505506058,21489389,0.07026191,0.46991403,0
1505506027,21489336,0.07022000,0.74534100,1
1505506026,21489334,0.07022000,2.87000000,1
1505506025,21489331,0.07022000,2.87000000,1
1505506013,21489309,0.07022000,0.49676200,1
1505506010,21489306,0.07022000,3.64265000,1
1505506001,21489293,0.07022000,0.71670000,1
1505505994,21489283,0.07022000,40.65674700,1
1505505989,21489273,0.07022013,0.80275200,1
1505505960,21489233,0.07006577,0.71352741,1
1505505910,21489151,0.07021997,2.00000000,0
1505505892,21489091,0.07005929,0.53909080,0
1505505891,21489089,0.07005929,2.87000000,1
1505505864,21489032,0.07005901,1.83402451,1
1505505864,21489031,0.07005902,0.10005651,1
1505505845,21488985,0.07005900,0.05401231,1
1505505845,21488982,0.07010000,0.52769855,1
1505505792,21488784,0.07010000,0.26299500,1
1505505790,21488778,0.07010000,1.64624254,1
1505505784,21488748,0.07010001,0.55342714,1
1505505781,21488731,0.07026200,0.50000000,0
1505505773,21488687,0.07010050,0.33823917,0
1505505773,21488683,0.07010066,1.74039105,1
1505505722,21488580,0.07010014,2.87000000,1
1505505722,21488578,0.07010017,2.15730139,1
1505505722,21488569,0.07026237,3.17313895,1
1505505720,21488563,0.07026237,1.74039105,0
1505505711,21488522,0.07026249,6.55941000,1
1505505707,21488497,0.07028400,0.02042013,0
1505505707,21488495,0.07026233,1.64587000,0
1505505696,21488419,0.07026279,4.36834375,0
1505505693,21488400,0.07010000,9.23300000,1
1505505688,21488391,0.07026306,1.64587125,0
1505505668,21488303,0.07009702,0.10000000,1
1505505663,21488274,0.07026983,0.50000000,0
1505505651,21488217,0.07024200,0.71513700,1
1505505649,21488215,0.07024200,0.22973000,1
1505505642,21488198,0.07021799,6.12649400,1
1505505642,21488196,0.07023000,0.38350000,1
1505505640,21488184,0.07021818,7.05940700,1
1505505636,21488175,0.07031731,2.03898900,1
1505505635,21488173,0.07024700,0.89063907,0
1505505635,21488171,0.07026280,1.09701093,1
1505505634,21488167,0.07031731,0.82336920,1
1505505634,21488166,0.07031731,1.09693893,1
1505505626,21488099,0.07038995,0.23754093,0
1505505624,21488076,0.07038013,1.98765000,1
1505505621,21488055,0.07038993,1.51773883,0
1505505621,21488053,0.07038000,0.38296827,0
1505505621,21488052,0.07021800,0.00000508,0
1505505620,21488046,0.07021800,1.14277866,0
1505505616,21488019,0.07021800,0.84486626,0
1505505616,21488017,0.07021799,0.30620857,0
1505505600,21487938,0.07026396,10.92142420,0
1505505600,21487935,0.07026393,3.23333663,0
1505505596,21487909,0.07005200,1.38762265,1
1505505596,21487908,0.07005201,0.93993132,1
1505505589,21487896,0.07004890,1.85863949,1
1505505545,21487714,0.07022599,0.65233683,0
1505505532,21487676,0.07022072,1.52030866,0
1505505532,21487675,0.07022072,0.20381200,0
1505505531,21487674,0.07022069,5.69614000,0
1505505486,21487599,0.07006500,0.64862200,1
1505505475,21487564,0.07012600,1.33902800,1
1505505474,21487559,0.07012600,0.64862200,1
1505505465,21487537,0.07015100,1.98765000,1
1505505457,21487520,0.07016200,1.98765286,0
1505505457,21487518,0.07016200,0.20151714,1
1505505456,21487514,0.07016200,1.60525000,1
1505505456,21487513,0.07017000,0.38240000,1
1505505455,21487509,0.07016200,0.18088286,1
1505505455,21487508,0.07016211,7.07083714,1
1505505438,21487476,0.07021100,1.98765000,1
1505505428,21487442,0.07020797,0.77385301,0
1505505427,21487438,0.07020798,0.26648500,1
1505505419,21487379,0.07035000,0.38113173,0
1505505417,21487371,0.07015020,53.67351100,1
1505505417,21487369,0.07015020,1.98764500,1
1505505416,21487367,0.07020000,0.38170000,1
1505505416,21487365,0.07022300,1.98765000,1
1505505411,21487333,0.07019001,2.77939250,1
1505505411,21487332,0.07024557,2.08576052,1
1505505411,21487331,0.07024900,1.98765000,1
1505505411,21487330,0.07024901,8.19234698,1
1505505411,21487328,0.07024901,2.77939200,1
1505505391,21487265,0.07029986,1.73796870,1
1505505390,21487262,0.07029986,4.00571132,0
1505505389,21487260,0.07029986,2.91073480,0
1505505388,21487258,0.07029986,4.58208593,0
1505505383,21487242,0.07029986,8.41020837,0
1505505382,21487235,0.07029986,9.19482627,0
1505505381,21487234,0.07029986,4.58208593,0
1505505375,21487205,0.07029986,5.67572240,0
1505505372,21487195,0.07029986,0.97169779,0
1505505369,21487180,0.07029986,0.70246228,0
1505505369,21487179,0.07029986,12.55314021,0
1505505365,21487143,0.07029986,1.12164300,0
1505505364,21487135,0.07029986,13.52184200,0
1505505362,21487130,0.07029987,2.39683970,1
1505505362,21487127,0.07029987,1.60316030,0
1505505357,21487116,0.07029992,13.77064495,1
1505505356,21487111,0.07029991,1.12164805,0
1505505350,21487092,0.07029992,5.01237360,0
1505505349,21487089,0.07029992,0.54299731,0
1505505348,21487086,0.07012011,0.60661786,1
1505505345,21487079,0.07029993,0.43501000,0
1505505340,21487064,0.07030000,0.71406425,0
1505505340,21487063,0.07023595,0.26649000,0
1505505330,21487036,0.07022400,1.73166808,1
1505505322,21487019,0.07022800,1.46586994,1
1505505322,21487012,0.07038582,0.52051151,0
1505505321,21487008,0.07022800,0.52178006,1
1505505318,21487005,0.07038583,0.43755694,0
1505505307,21486971,0.07022703,1.86910938,1
1505505300,21486952,0.07038596,0.43764216,0
1505505276,21486895,0.07039970,0.46739090,0
1505505276,21486893,0.07038600,1.98765000,0
1505505276,21486892,0.07038587,0.95405000,0
1505505267,21486866,0.07026000,1.98765000,1
1505505257,21486832,0.07028400,1.98765000,1
1505505256,21486826,0.07039998,9.09037190,0
1505505248,21486796,0.07039999,0.02010272,1
1505505246,21486792,0.07040000,7.90362216,0
1505505242,21486765,0.07040000,0.27818181,0
1505505241,21486758,0.07040000,8.81275568,0
1505505240,21486755,0.07039999,1.69699728,0
1505505233,21486739,0.07003012,1.73796870,1
1505505232,21486737,0.07024800,1.98765000,1
1505505232,21486736,0.07027304,0.75567482,1
1505505215,21486679,0.07026200,0.27441000,1
1505505207,21486654,0.07040000,16.59949178,0
1505505207,21486653,0.07039999,2.40533991,0
1505505201,21486645,0.07022500,1.20000000,1
1505505196,21486637,0.07039000,2.87000000,0
1505505196,21486635,0.07039000,1.98765000,0
1505505196,21486634,0.07038000,0.14274836,0
1505505187,21486605,0.07040000,3.09360589,0
1505505187,21486604,0.07040000,1.65300000,0
1505505187,21486603,0.07039999,2.85782959,0
1505505187,21486602,0.07038900,1.98765000,0
1505505187,21486601,0.07034805,0.00295522,0
1505505187,21486600,0.07034805,1.42210205,0
1505505187,21486598,0.07034680,0.00000026,0
1505505187,21486596,0.07034680,0.00190413,0
1505505186,21486595,0.07034680,2.51819892,0
1505505185,21486587,0.07034675,2.11045706,0
1505505185,21486585,0.07034672,6.88756723,0
1505505179,21486566,0.07018820,0.95405200,1
1505505176,21486557,0.07018807,1.98765000,1
1505505169,21486526,0.07018805,0.95405171,1
1505505166,21486516,0.07018807,6.88756723,1
1505505165,21486507,0.07034680,0.89451695,0
1505505165,21486504,0.07028820,0.00000501,0
1505505155,21486453,0.07028600,0.14334021,0
1505505154,21486452,0.07028600,0.26706500,0
1505505149,21486409,0.07028600,0.00000026,1
1505505147,21486399,0.07028600,3.41462000,1
1505505129,21486260,0.07028820,0.88337200,0
1505505102,21486074,0.07028095,0.26292500,1
1505505099,21486040,0.07028095,2.91020000,0
1505505096,21486027,0.07028820,0.55716734,0
1505505096,21486026,0.07028100,1.98765000,0
1505505095,21486023,0.07028093,1.18412266,0
1505505095,21486022,0.07018596,0.27441000,0
1505505086,21485955,0.07008116,1.18412266,1
1505505084,21485937,0.07020000,13.39857813,0
1505505068,21485875,0.07020000,5.15319944,0
1505505068,21485873,0.07019999,1.17640132,0
1505505068,21485871,0.07019999,8.97720724,0
1505505068,21485869,0.07017699,2.87000000,0
1505505055,21485807,0.07020000,3.83048400,0
1505505054,21485803,0.07017700,1.98765000,0
1505505053,21485801,0.07017697,4.08011300,0
1505505047,21485765,0.07007703,1.08042300,0
1505505033,21485734,0.07007707,4.08011300,1
1505504992,21485595,0.07008900,1.67358000,1
1505504991,21485589,0.07008900,0.31406782,0
1505504991,21485587,0.07008897,1.31464318,0
1505504981,21485534,0.07001700,0.00311600,0
1505504980,21485523,0.07001700,0.21810114,0
1505504966,21485447,0.07001700,1.36012500,0
1505504963,21485435,0.07001700,0.15503833,0
1505504954,21485408,0.07001700,1.69219046,0
1505504954,21485406,0.07001699,0.50707060,0
1505504954,21485401,0.07001699,0.30873000,0
1505504953,21485395,0.07001699,0.15648994,0
1505504946,21485359,0.07001699,0.14426990,0
1505504944,21485314,0.07001697,1.00786482,0
1505504940,21485269,0.07000000,3.42857093,1
1505504938,21485267,0.07000015,2.02875800,1
1505504934,21485250,0.07012890,0.96291006,0
1505504932,21485224,0.07012890,1.48707846,0
1505504932,21485223,0.07008990,0.00000060,0
1505504880,21484969,0.07008990,0.14426979,0
1505504880,21484968,0.07002600,0.00000021,0
1505504877,21484966,0.07002600,1.98764979,0
1505504877,21484965,0.06990900,0.00139021,0
1505504858,21484879,0.07002900,1.98764979,1
1505504851,21484834,0.07001200,0.00000021,0
1505504846,21484809,0.07001200,2.80158043,0
1505504846,21484808,0.07001200,0.62718818,0
1505504846,21484807,0.07000000,0.47045739,0
1505504837,21484780,0.07000000,2.91301600,0
1505504833,21484766,0.07000000,1.01732857,0
1505504815,21484721,0.06983407,1.25569494,1
1505504814,21484709,0.06999597,2.80158064,1
1505504812,21484706,0.07000000,0.14270000,0
1505504810,21484694,0.06999597,0.62718818,1
1505504803,21484661,0.07000000,0.45649804,0
1505504803,21484659,0.07000000,2.00000000,0
1505504803,21484657,0.07000000,1.05678496,0
1505504798,21484641,0.06987004,0.07899261,1
1505504794,21484619,0.06999581,1.50000000,0
1505504788,21484582,0.06986003,0.28564264,1
1505504787,21484577,0.07000000,0.94321504,0
1505504787,21484575,0.06999585,1.25148790,0
1505504782,21484554,0.06986003,1.79375000,1
1505504691,21484383,0.06975604,0.97083700,1
1505504690,21484380,0.06975603,1.01681300,1
1505504648,21484285,0.06990088,1.01670300,1
1505504642,21484261,0.06990088,0.33751028,0
1505504642,21484260,0.06990087,1.84199017,0
1505504623,21484202,0.06990091,0.29727200,0
1505504620,21484181,0.06990093,1.69020352,0
1505504620,21484178,0.06980000,0.00000548,0
1505504612,21484158,0.06966003,0.23466393,1
1505504578,21484091,0.06979000,0.38255164,0
1505504574,21484082,0.06980000,13.80369500,0
1505504563,21484074,0.06979997,3.16938400,0
1505504541,21484056,0.06979000,0.00007385,1
1505504540,21484054,0.06979000,0.27466686,1
1505504513,21483987,0.06979000,0.14264000,1
1505504510,21483977,0.06979000,0.38261929,1
1505504510,21483976,0.06979000,0.10000000,1
1505504500,21483939,0.06954028,1.34739200,1
1505504497,21483918,0.06954027,9.42687015,1
1505504494,21483905,0.06954025,1.27311764,1
1505504477,21483843,0.06980000,2.47773700,0
1505504471,21483838,0.06954000,0.38260000,1
1505504470,21483827,0.06979000,0.49779000,1
1505504468,21483820,0.06980000,0.13457700,0
1505504468,21483819,0.06979000,3.00000000,0
1505504468,21483818,0.06978999,0.49999500,0
1505504468,21483815,0.06971466,0.10000000,0
1505504464,21483797,0.06953005,0.13639000,1
1505504455,21483781,0.06980000,10.08750100,0
1505504455,21483780,0.06953001,0.13611249,1
1505504452,21483772,0.06980000,15.77327801,0
1505504451,21483771,0.06979999,0.49987988,0
1505504451,21483770,0.06975466,0.14285611,0
1505504447,21483761,0.06952015,3.74795470,1
1505504441,21483749,0.06973717,109.41799362,0
1505504440,21483744,0.06973717,1.85053238,0
1505504440,21483743,0.06973717,111.95487900,0
1505504440,21483742,0.06973711,1.84613062,0
1505504440,21483740,0.06972300,1.98765000,0
1505504439,21483729,0.06973711,1.56444300,0
1505504439,21483728,0.06971000,0.25438000,0
1505504402,21483652,0.06950000,5.00000000,0
1505504402,21483651,0.06950000,29.49379411,0
1505504402,21483650,0.06949999,38.57853059,0
1505504393,21483641,0.06949997,2.87052268,0
1505504384,21483635,0.06949999,0.17408635,0
1505504373,21483617,0.06933003,0.20000000,1
1505504360,21483595,0.06931001,0.59073533,1
1505504331,21483527,0.06948000,0.45796382,0
1505504330,21483525,0.06947997,0.72141153,0
1505504327,21483511,0.06920319,0.72141153,1
1505504322,21483505,0.06946996,1.17954408,0
1505504314,21483478,0.06946995,0.73096000,1
1505504310,21483469,0.06946995,0.77177089,0
1505504310,21483468,0.06946989,1.39628368,0
1505504282,21483385,0.06942000,0.30000000,0
1505504265,21483346,0.06941997,0.14397261,0
1505504253,21483304,0.06916049,0.20072100,1
1505504224,21483217,0.06913912,0.58564991,1
1505504224,21483215,0.06937993,0.16823009,1
1505504221,21483207,0.06937000,0.76000000,0
1505504221,21483206,0.06937000,2.11611991,0
1505504219,21483203,0.06937990,0.75388009,1
1505504217,21483191,0.06937993,0.71000065,0
1505504216,21483190,0.06937000,0.38300000,0
1505504210,21483127,0.06937993,1.11548109,0
1505504209,21483124,0.06910103,0.73746000,1
1505504209,21483123,0.06911000,0.38300000,1
1505504208,21483120,0.06937990,1.62045491,0
1505504200,21483112,0.06900057,2.37434029,1
1505504200,21483111,0.06920000,1.98765000,1
1505504180,21483053,0.06936304,5.83699682,1
1505504163,21482987,0.06908000,0.38400000,0
1505504159,21482970,0.06902803,1.24408041,1
1505504138,21482909,0.06928972,0.82441177,0
1505504118,21482825,0.06907102,0.65767700,1
1505504115,21482809,0.06907095,0.42133700,1
1505504098,21482746,0.06908003,3.55965118,1
1505504057,21482594,0.06910403,1.20000000,1
1505504030,21482524,0.06949999,35.42640006,0
1505504030,21482523,0.06948355,1.77584667,0
1505504030,21482522,0.06946999,0.27531893,0
1505504030,21482520,0.06946996,0.97467500,1
1505504029,21482518,0.06946996,3.07781400,1
1505504029,21482517,0.06924000,3.08051625,0
1505504029,21482513,0.06923298,1.37659467,0
1505504029,21482511,0.06923298,2.20051700,1
1505504028,21482510,0.06923298,1.27904800,1
1505504028,21482509,0.06923297,27.65000000,0
1505504028,21482508,0.06923297,10.54817138,1
1505504027,21482506,0.06922700,32.95100000,1
1505504026,21482505,0.06922700,1.98765000,0
1505503971,21482372,0.06907300,0.29706658,1
1505503942,21482292,0.06923981,0.16324000,0
1505503936,21482277,0.06908700,0.56206900,1
1505503918,21482231,0.06909005,0.93501089,1
1505503874,21482155,0.06923285,1.84942400,0
1505503825,21482107,0.06906003,0.38420000,1
1505503751,21482010,0.06916283,0.90386614,0
1505503742,21481999,0.06899003,2.43989900,1
1505503741,21481994,0.06916298,1.00000000,0
1505503683,21481931,0.06911400,0.16443478,0
1505503683,21481930,0.06911400,0.33556500,1
1505503681,21481928,0.06903757,0.00000022,0
1505503667,21481900,0.06903757,0.34910633,0
1505503667,21481899,0.06903757,1.45390000,0
1505503667,21481898,0.06903757,0.51013345,0
1505503666,21481897,0.06899890,0.00000022,0
1505503654,21481886,0.06899890,1.29497400,0
1505503652,21481884,0.06899890,2.31314000,0
1505503643,21481870,0.06906800,1.98765000,0
1505503641,21481869,0.06903758,7.07083714,1
1505503641,21481868,0.06903758,1.18742705,0
1505503617,21481807,0.06895307,1.00310000,0
1505503615,21481800,0.06900000,0.51013345,1
1505503603,21481761,0.06900000,11.48986655,1
1505503602,21481760,0.06900001,2.87000000,1
1505503602,21481759,0.06903500,1.98764545,1
1505503602,21481758,0.06900003,0.00000455,0
1505503593,21481740,0.06900003,12.84900000,1
1505503593,21481739,0.06904100,1.98765000,1
1505503593,21481738,0.06904103,1.26426545,1
1505503570,21481687,0.06918100,1.15384831,0
1505503564,21481666,0.06907300,0.20000000,1
1505503526,21481591,0.06921980,0.72053531,0
1505503511,21481559,0.06908043,6.30298300,1
1505503509,21481557,0.06908040,0.18949700,1
1505503459,21481407,0.06920998,0.21428993,0
1505503458,21481403,0.06920000,0.10000000,0
1505503445,21481377,0.06921000,0.80000000,1
1505503443,21481375,0.06919860,0.20000000,0
1505503401,21481259,0.06919860,0.20000000,0
1505503381,21481232,0.06920497,3.53818000,0
1505503325,21481156,0.06904730,3.76230400,1
1505503320,21481150,0.06920990,0.91615466,1
1505503320,21481147,0.06920990,2.39237834,0
1505503320,21481146,0.06920990,0.91615466,0
1505503257,21481029,0.06902203,0.50000000,1
1505503235,21480974,0.06919992,2.03300695,0
1505503217,21480929,0.06904000,0.10000000,1
1505503216,21480924,0.06923700,1.68366018,0
1505503214,21480915,0.06923697,4.22916169,0
1505503207,21480902,0.06902503,2.80853300,1
1505503186,21480851,0.06906200,0.80084562,1
1505503183,21480839,0.06906200,0.37509326,1
1505503183,21480838,0.06906200,0.81163824,1
1505503183,21480837,0.06906201,0.55138600,1
1505503182,21480836,0.06906203,0.00000041,1
1505503182,21480831,0.06906203,1.42939659,0
1505503179,21480821,0.06906203,1.04367917,1
1505503111,21480648,0.06923959,1.33056240,0
1505503081,21480601,0.06903197,4.51599200,1
1505503028,21480537,0.06924000,0.54645682,0
1505503005,21480498,0.06923285,4.49832559,0
1505503003,21480493,0.06923282,2.04632559,0
1505502999,21480480,0.06902896,0.49923000,0
1505502999,21480477,0.06910000,0.00077000,1
1505502996,21480476,0.06910000,0.10400000,1
1505502992,21480472,0.06910000,0.50000000,1
1505502987,21480464,0.06919057,0.50000000,1
1505502984,21480454,0.06919057,4.47919420,0
1505502979,21480435,0.06910000,2.22125197,0
1505502978,21480434,0.06910000,0.20000000,0
1505502976,21480427,0.06910000,0.50000000,0
1505502975,21480421,0.06909997,3.30000000,0
1505502972,21480418,0.06910000,1.38357600,0
1505502970,21480412,0.06910000,3.88485409,0
1505502970,21480411,0.06909999,1.28889410,0
1505502966,21480404,0.06909999,0.14026000,0
1505502962,21480397,0.06895311,0.26319137,1
1505502962,21480395,0.06909000,0.54711111,1
1505502960,21480387,0.06910000,0.66247467,0
1505502954,21480364,0.06910000,2.28716353,0
1505502952,21480356,0.06910000,0.69950055,0
1505502952,21480355,0.06909999,2.00487045,0
1505502948,21480347,0.06909997,1.98765000,0
1505502944,21480335,0.06877079,1.21518418,0
1505502944,21480334,0.06877080,1.15026000,0
1505502943,21480333,0.06886500,1.98765000,1
1505502943,21480332,0.06886500,6.90083714,0
1505502943,21480331,0.06886500,1.98765000,0
1505502942,21480330,0.06901500,2.34511122,1
1505502942,21480329,0.06901500,1.26300300,1
1505502942,21480327,0.06906799,0.60100318,1
1505502940,21480325,0.06923992,0.13893809,0
1505502940,21480324,0.06923992,4.16036319,1
1505502938,21480315,0.06923992,2.38183559,1
1505502938,21480314,0.06923992,1.98765000,1
1505502937,21480312,0.06923992,9.04900000,0
1505502937,21480311,0.06912700,2.34511122,0
1505502936,21480310,0.06912700,1.26300300,0
1505502932,21480287,0.06908600,1.98765000,0
1505502915,21480189,0.06894497,0.25000000,1
1505502903,21480136,0.06894700,0.27948334,1
1505502881,21480046,0.06895300,0.94123300,1
1505502845,21479892,0.06911395,1.50000000,0
1505502842,21479887,0.06911398,0.13155601,1
1505502841,21479886,0.06911398,1.06844399,0
1505502753,21479734,0.06886007,0.17000000,1
1505502746,21479722,0.06902000,1.98765000,0
1505502739,21479714,0.06901500,1.98765000,0
1505502738,21479713,0.06901497,1.76435497,0
1505502669,21479652,0.06888000,0.27400000,0
1505502660,21479625,0.06889000,0.22341700,0
1505502642,21479564,0.06871021,1.06844399,1
1505502641,21479562,0.06871020,1.06882700,1
1505502629,21479533,0.06890400,1.98765000,0
1505502618,21479517,0.06882700,1.20767159,0
1505502617,21479516,0.06882700,0.50000000,0
1505502617,21479514,0.06882700,0.27997841,0
1505502601,21479488,0.06888994,0.70000000,0
1505502592,21479474,0.06880500,0.01989000,0
1505502592,21479473,0.06880487,1.96776000,0
1505502589,21479459,0.06879195,4.63355319,0
1505502589,21479458,0.06879196,4.63355300,0
1505502580,21479448,0.06879200,1.14977800,0
1505502575,21479441,0.06876000,0.38570000,0
1505502539,21479368,0.06878997,0.22300944,0
1505502529,21479341,0.06880096,0.74208600,0
1505502510,21479281,0.06869741,1.02525600,0
1505502510,21479278,0.06869740,0.38570000,0
1505502501,21479253,0.06865000,1.60195000,1
1505502501,21479252,0.06866000,0.38570000,1
1505502500,21479247,0.06881710,0.74103892,1
1505502498,21479232,0.06872000,0.27400000,0
1505502498,21479231,0.06866025,2.37335000,1
1505502496,21479229,0.06866003,0.15831000,0
1505502496,21479228,0.06872000,0.27400000,1
1505502413,21478952,0.06879884,2.14210882,0
1505502402,21478922,0.06875000,0.27400000,0
1505502397,21478905,0.06874997,1.00894899,0
1505502371,21478834,0.06854014,0.35130999,1
1505502355,21478750,0.06865401,1.67120300,1
1505502353,21478736,0.06865401,11.01216000,1
1505502353,21478735,0.06865401,2.03787700,1
1505502351,21478730,0.06868951,8.06127287,0
1505502351,21478729,0.06868000,0.35176913,0
1505502349,21478722,0.06865401,0.47619943,1
1505502349,21478721,0.06865401,15.46216306,1
1505502349,21478720,0.06868937,2.87000000,1
1505502349,21478718,0.06868938,0.00013394,1
1505502343,21478681,0.06868938,2.86986606,1
1505502341,21478671,0.06868921,0.93382149,0
1505502341,21478669,0.06868925,0.10001294,1
1505502339,21478661,0.06868924,1.03393402,0
1505502339,21478658,0.06868921,1.83606598,1
1505502339,21478656,0.06868924,1.03393402,1
1505502322,21478585,0.06868900,1.27241707,1
1505502322,21478583,0.06868901,0.27387400,1
1505502312,21478564,0.06872800,0.09362634,1
1505502297,21478545,0.06872403,1.96606598,1
1505502280,21478501,0.06886000,1.98765000,1
1505502208,21478383,0.06905939,3.00000000,0
1505502201,21478377,0.06885000,1.98765000,1
1505502197,21478372,0.06885500,0.68537000,1
1505502191,21478362,0.06885500,0.68559100,1
1505502187,21478353,0.06890000,0.35176913,1
1505502183,21478345,0.06889000,1.44996900,1
1505502182,21478343,0.06889000,0.45745400,1
1505502169,21478329,0.06889700,0.05886912,1
1505502169,21478328,0.06889703,1.92878130,1
1505502168,21478327,0.06894982,2.12049158,1
1505502148,21478291,0.06891100,0.73029900,1
1505502143,21478285,0.06895000,1.22765000,1
1505502142,21478284,0.06895000,0.76000000,1
1505502128,21478243,0.06906896,0.59051916,0
1505502126,21478236,0.06886903,5.73257500,1
1505502126,21478233,0.06892000,0.27400000,1
1505502113,21478200,0.06907900,1.98765000,0
1505502104,21478180,0.06897646,0.12106216,0
1505502103,21478176,0.06907298,2.87000000,1
1505502103,21478174,0.06906000,0.27300000,0
1505502103,21478173,0.06900900,1.43999000,0
1505502102,21478170,0.06901097,0.54766000,1
1505502094,21478104,0.06901093,0.25829600,1
1505502092,21478099,0.06901093,7.07083714,0
1505502083,21478087,0.06881602,0.44000000,1
1505502078,21478062,0.06901600,0.70740800,1
1505502077,21478060,0.06901600,1.98765000,0
1505502077,21478058,0.06900256,0.27300000,0
1505502073,21478045,0.06881601,0.63608600,1
1505502071,21478014,0.06881601,3.48784720,1
1505502067,21477997,0.06881200,1.03653019,1
1505502064,21477991,0.06901200,7.07083714,1
1505502064,21477989,0.06901200,0.47049000,1
1505502063,21477988,0.06901200,1.11181704,0
1505502063,21477986,0.06901200,0.87583296,0
1505502021,21477894,0.06890400,1.00000000,0
1505502006,21477872,0.06889800,0.98228466,1
1505502006,21477871,0.06890000,0.27300000,1
1505502000,21477848,0.06892800,3.62697307,1
1505501991,21477829,0.06892900,1.98765000,1
1505501984,21477816,0.06892903,6.62389361,1
1505501969,21477803,0.06895500,0.07850978,1
1505501950,21477787,0.06896100,1.98765000,1
1505501950,21477785,0.06896103,0.44694353,1
1505501950,21477784,0.06900000,0.70740800,1
1505501946,21477780,0.06900000,0.44573900,1
1505501907,21477741,0.06900000,0.44685300,1
1505501880,21477719,0.06909976,2.11097694,0
1505501734,21477516,0.06904193,1.04668964,0
1505501733,21477514,0.06911716,1.78765286,1
1505501732,21477509,0.06911716,7.07083714,1
1505501732,21477507,0.06911716,0.20000000,0
1505501713,21477470,0.06890997,2.17671283,1
1505501701,21477451,0.06891000,1.98760598,0
1505501690,21477428,0.06891000,1.98761148,0
1505501688,21477414,0.06881000,0.07071055,0
1505501683,21477398,0.06881000,0.42163929,0
1505501682,21477394,0.06881000,1.86471300,0
1505501673,21477366,0.06881000,1.28565900,0
1505501673,21477364,0.06880999,0.42811100,0
1505501669,21477354,0.06877900,1.98765000,0
1505501662,21477335,0.06870000,0.27387988,0
1505501659,21477325,0.06871000,1.98765000,0
1505501652,21477314,0.06866800,1.98765000,0
1505501643,21477281,0.06866499,1.98764500,0
1505501515,21477176,0.06851002,11.24503500,1
1505501503,21477148,0.06852000,0.27300000,1
1505501484,21477141,0.06854004,0.52595110,1
1505501484,21477140,0.06854007,2.69750890,1
1505501459,21477112,0.06854514,0.73467952,1
1505501446,21477091,0.06874978,3.10256812,0
1505501386,21477032,0.06865600,1.98765000,0
1505501382,21477027,0.06860900,1.41079200,0
1505501381,21477025,0.06860900,0.28300000,0
1505501380,21477020,0.06860900,0.29385800,0
1505501372,21477009,0.06869077,0.32950000,0
1505501372,21477008,0.06861000,0.00150000,0
1505501370,21477005,0.06861000,0.38500000,0
1505501365,21476990,0.06854000,0.27300000,0
1505501357,21476974,0.06850901,0.26930765,1
1505501355,21476969,0.06850901,0.45833535,1
1505501354,21476968,0.06855300,0.18100000,0
1505501353,21476965,0.06850901,0.45833541,1
1505501352,21476961,0.06850900,0.45833541,1
1505501337,21476883,0.06855300,0.25305435,1
1505501328,21476848,0.06850016,2.87000000,1
1505501328,21476846,0.06862300,0.13987700,1
1505501326,21476841,0.06862300,1.84777300,1
1505501318,21476827,0.06851000,0.38650000,1
1505501310,21476805,0.06863000,3.64272184,1
1505501310,21476803,0.06864200,0.54042575,1
1505501310,21476796,0.06864200,1.44722425,1
1505501301,21476774,0.06868000,0.27387988,1
1505501300,21476767,0.06868003,1.41785364,1
1505501274,21476712,0.06869003,1.45581535,1
1505501192,21476654,0.06870006,3.18585800,1
1505501171,21476624,0.06878600,0.27400000,1
1505501158,21476583,0.06879103,1.01118985,1
1505501008,21476390,0.06886300,1.98765000,0
1505500999,21476382,0.06890689,2.18704168,1
1505500999,21476381,0.06890688,3.85066526,0
1505500999,21476380,0.06884700,1.98765000,0
1505500999,21476379,0.06882000,0.14483290,0
1505500999,21476378,0.06881999,11.51121024,0
1505500985,21476372,0.06880997,0.36241332,0
1505500955,21476335,0.06880994,4.20903200,0
1505500945,21476308,0.06871000,1.98764958,1
1505500945,21476307,0.06880701,0.00000042,1
1505500938,21476289,0.06880701,3.43288100,1
1505500933,21476286,0.06880701,1.98765000,1
1505500924,21476265,0.06883100,0.99116345,1
1505500924,21476263,0.06883100,0.99648655,1
1505500924,21476258,0.06883103,4.75911700,1
1505500892,21476216,0.06888700,1.98765000,1
1505500883,21476208,0.06884000,1.98764500,1
1505500881,21476197,0.06890100,1.01162400,1
1505500879,21476196,0.06890100,0.77392606,1
1505500878,21476195,0.06890101,1.01162394,1
1505500876,21476194,0.06890103,1.99937000,1
1505500817,21476099,0.06900500,0.59198600,0
1505500814,21476095,0.06900500,0.14480000,0
1505500800,21476048,0.06899500,1.98765000,0
1505500781,21476003,0.06884600,0.00003290,0
1505500777,21475987,0.06884600,1.98761710,0
1505500770,21475956,0.06884000,1.98765000,0
1505500766,21475949,0.06881084,2.87000000,0
1505500723,21475832,0.06881099,0.68547206,0
1505500723,21475831,0.06881097,3.33719500,0
1505500717,21475801,0.06883387,4.41072222,0
1505500716,21475800,0.06883387,1.27172028,0
1505500716,21475799,0.06883386,0.44375400,0
1505500701,21475745,0.06868702,1.80978200,1
1505500697,21475732,0.06883390,0.23356000,0
1505500694,21475725,0.06868705,2.50734300,1
1505500685,21475697,0.06881000,0.17510500,1
1505500682,21475685,0.06881000,1.73626400,1
1505500676,21475646,0.06881000,0.07628100,1
1505500671,21475616,0.06868708,0.74245400,1
1505500671,21475614,0.06884000,1.06732800,1
1505500669,21475606,0.06884000,0.92032200,1
1505500668,21475601,0.06885000,1.91136935,1
1505500664,21475588,0.06885000,6.45622800,1
1505500664,21475587,0.06885000,3.45984365,1
1505500663,21475580,0.06885001,2.87000000,1
1505500663,21475577,0.06886000,0.27400000,1
1505500654,21475546,0.06888008,0.32095800,0
1505500647,21475523,0.06888001,0.10000000,1
1505500624,21475449,0.06888047,1.33729200,1
1505500508,21475086,0.06891716,1.51395750,1
1505500508,21475085,0.06891716,1.16154950,1
1505500484,21474997,0.06891703,1.69569009,1
1505500473,21474934,0.06898100,1.98765000,1
1505500460,21474869,0.06904400,0.40368486,1
1505500459,21474863,0.06904400,1.58392873,0
1505500459,21474860,0.06904400,0.40372127,0
1505500459,21474856,0.06901000,1.16160633,0
1505500458,21474854,0.06899820,0.00004782,0
1505500458,21474852,0.06899820,0.99995218,0
1505500443,21474768,0.06885408,0.42686156,0
1505500423,21474658,0.06901000,2.08216686,0
1505500423,21474657,0.06901000,0.38520000,0
1505500423,21474656,0.06900999,2.11314700,0
1505500423,21474654,0.06900996,2.37948614,0
1505500414,21474609,0.06885000,0.01137981,1
1505500413,21474608,0.06886000,0.22042219,1
1505500410,21474601,0.06886000,1.76722781,1
1505500410,21474599,0.06889000,3.24377319,1
1505500408,21474583,0.06900978,4.69135100,0
1505500349,21474341,0.06898595,0.23983528,0
1505500340,21474318,0.06889829,0.27639000,0
1505500339,21474311,0.06889000,0.38520000,0
1505500336,21474300,0.06885001,1.86933000,1
1505500300,21474142,0.06889830,1.01997160,1
1505500300,21474141,0.06889830,0.98049100,1
1505500292,21474106,0.06889853,2.93716527,1
1505500262,21473996,0.06892023,0.63500187,1
1505500251,21473962,0.06893000,0.38520000,1
1505500239,21473913,0.06891001,1.11300800,1
1505500235,21473888,0.06891003,3.49867000,1
1505500228,21473855,0.06903100,1.72691842,0
1505500228,21473852,0.06903100,0.25268357,0
1505500222,21473817,0.06912699,0.00804801,1
1505500221,21473814,0.06912000,0.38350000,0
1505500221,21473812,0.06911997,2.90562199,0
1505500212,21473735,0.06889830,0.98049632,1
1505500212,21473732,0.06891500,1.00715368,1
1505500211,21473724,0.06889833,0.98049632,0
1505500209,21473718,0.06889833,1.01082028,0
1505500207,21473711,0.06889835,1.39667699,1
1505500192,21473641,0.06912934,1.56586800,1
1505500191,21473637,0.06912929,2.48650500,0
1505500191,21473636,0.06912929,0.38349500,0
1505500190,21473632,0.06912926,1.14675700,0
1505500097,21473375,0.06904701,1.17810300,1
1505500091,21473366,0.06903700,1.20332500,0
1505500078,21473338,0.06901668,1.03080815,1
1505500077,21473335,0.06899000,0.38350000,1
1505500076,21473331,0.06924692,3.54050552,0
1505500074,21473327,0.06929998,1.79377483,0
1505500074,21473325,0.06929998,0.58765235,0
1505500072,21473307,0.06907984,2.87000000,0
1505500071,21473304,0.06900100,1.98765000,0
1505500060,21473281,0.06897899,1.58255200,0
1505500058,21473276,0.06897886,1.98765000,0
1505500042,21473224,0.06892000,1.53578500,1
1505500042,21473222,0.06892001,0.45186500,1
1505500036,21473205,0.06893002,0.06717081,0
1505500036,21473203,0.06892000,0.38470000,0
1505500033,21473194,0.06882014,53.17317236,1
1505500033,21473192,0.06882015,10.76506807,1
1505500033,21473191,0.06884000,3.00000000,1
1505500033,21473190,0.06892600,0.00013033,1
1505500028,21473149,0.06892600,1.98751967,1
1505500026,21473119,0.06893004,0.45187081,1
1505500025,21473113,0.06893007,3.11347592,1
1505499977,21472934,0.06909029,0.23600786,0
1505499963,21472852,0.06910235,2.17674293,0
1505499956,21472813,0.06910236,1.06497692,0
1505499891,21472591,0.06905360,0.99615400,0
1505499867,21472503,0.06898799,3.50475793,0
1505499858,21472481,0.06898800,1.95587767,0
1505499838,21472448,0.06895013,8.98135900,0
1505499838,21472447,0.06895013,5.76486100,0
1505499838,21472445,0.06895013,3.43144200,0
1505499834,21472443,0.06895010,2.87000000,0
1505499833,21472439,0.06895013,0.38470000,0
1505499832,21472434,0.06895014,2.87000000,1
1505499832,21472433,0.06895500,1.98765000,1
1505499829,21472427,0.06896103,1.81765500,1
1505499821,21472411,0.06896100,1.81765500,1
1505499821,21472410,0.06896100,0.16999500,1
1505499808,21472391,0.06912600,0.25969048,0
1505499805,21472376,0.06912589,3.50475793,0
1505499607,21471772,0.06896202,0.73013500,1
1505499598,21471726,0.06920990,2.14321000,1
1505499588,21471700,0.06922220,0.19999000,0
1505499588,21471696,0.06920000,0.00000500,0
1505499588,21471695,0.06920000,0.38219500,0
1505499584,21471684,0.06920994,5.36538900,1
1505499538,21471588,0.06893088,5.36538900,1
1505499522,21471507,0.06893071,2.48972000,1
1505499522,21471504,0.06894000,0.38220000,1
1505499502,21471409,0.06893065,5.21875800,0
1505499501,21471401,0.06893068,6.71675114,1
1505499485,21471343,0.06893032,0.35408600,1
1505499474,21471300,0.06918192,1.78020530,0
1505499474,21471298,0.06918192,4.56907870,0
1505499445,21471220,0.06905300,1.98750815,0
1505499439,21471209,0.06929998,9.81870287,0
1505499438,21471205,0.06929998,5.19255486,0
1505499436,21471194,0.06929999,2.97522675,0
1505499436,21471193,0.06905300,1.98765000,0
1505499435,21471191,0.06903388,1.51437199,0
1505499435,21471189,0.06903387,0.01018804,0
1505499434,21471185,0.06903387,0.10900794,0
1505499425,21471162,0.06947666,1.98506209,0
1505499425,21471161,0.06941382,0.20000000,0
1505499425,21471158,0.06931721,11.25039004,0
1505499425,21471156,0.06908794,0.46179716,0
1505499425,21471154,0.06903699,2.30898582,0
1505499425,21471153,0.06903388,2.87000000,0
1505499424,21471152,0.06903200,0.93587206,0
1505499424,21471150,0.06903199,1.98765000,0
1505499424,21471147,0.06903199,1.98765000,0
1505499424,21471144,0.06903199,0.56834400,0
1505499424,21471143,0.06903197,6.30874114,0
1505499421,21471117,0.06903200,1.05177794,0
1505499408,21471067,0.06903390,0.26209600,0
1505499370,21470967,0.06891400,0.01260000,0
1505499370,21470966,0.06889000,0.38240000,0
1505499366,21470955,0.06889997,0.50000000,0
1505499358,21470935,0.06887100,1.98765000,1
1505499350,21470904,0.06891400,1.98765000,1
1505499335,21470853,0.06891000,1.01235000,1
1505499335,21470852,0.06901600,1.98765000,1
1505499331,21470838,0.06901304,1.17084885,1
1505499330,21470836,0.06901802,2.87000000,1
1505499330,21470835,0.06902400,1.98765000,1
1505499330,21470834,0.06903000,0.38240000,1
1505499270,21470647,0.06904000,0.18943500,1
1505499254,21470611,0.06911550,2.87000000,1
1505499254,21470610,0.06911550,0.81704600,1
1505499254,21470609,0.06911550,0.85041600,1
1505499244,21470573,0.06911003,3.17901570,1
1505499231,21470516,0.06910024,1.14173600,1
1505499231,21470515,0.06910024,0.48599727,1
1505499231,21470512,0.06910024,1.14328691,1
1505499229,21470505,0.06910027,2.53179900,1
1505499189,21470361,0.06940897,1.98765000,0
1505499181,21470341,0.06942187,4.35066000,0
1505499179,21470336,0.06942187,1.98765000,0
1505499176,21470332,0.06926044,11.59085600,0
1505499173,21470321,0.06926054,4.75219700,1
1505499173,21470319,0.06926056,2.31864000,1
1505499172,21470315,0.06938795,3.72316470,1
1505499172,21470311,0.06934000,0.13000000,0
1505499172,21470310,0.06926057,0.21046608,0
1505499170,21470281,0.06918317,0.12000000,0
1505499161,21470223,0.06903726,0.28885900,1
1505499147,21470172,0.06915000,0.59474096,0
1505499142,21470146,0.06915000,0.58310918,0
1505499136,21470134,0.06903596,1.43890521,1
1505499135,21470133,0.06903596,0.14295205,1
1505499126,21470101,0.06903599,1.37798800,0
1505499119,21470076,0.06903600,1.43890500,0
1505499113,21470052,0.06908999,1.76011500,0
1505499111,21470033,0.06899985,1.14848000,0
1505499107,21470012,0.06899988,0.16192900,0
1505499107,21470011,0.06894000,0.27300000,0
1505499107,21470010,0.06887900,1.98765000,0
1505499101,21469990,0.06879800,0.87078071,0
1505499100,21469988,0.06879000,0.23760129,0
1505499100,21469986,0.06879000,0.14589871,0
1505499097,21469961,0.06879797,1.00811000,0
1505499095,21469950,0.06879800,0.55623300,0
1505499095,21469948,0.06870600,0.11922600,0
1505499075,21469849,0.06856015,0.31646408,1
1505499067,21469818,0.06878997,0.16205000,0
1505499032,21469650,0.06856008,13.98696124,1
1505499032,21469649,0.06856008,1.64151836,1
1505499030,21469606,0.06854708,0.57464286,1
1505499029,21469600,0.06856000,0.38350000,1
1505499029,21469597,0.06856007,7.07083714,1
1505499023,21469554,0.06900983,3.48180332,0
1505499023,21469552,0.06895395,0.07739000,0
1505499023,21469549,0.06895394,0.26312125,0
1505499023,21469548,0.06895393,1.45739300,0
1505499020,21469531,0.06895394,1.15388806,0
1505499020,21469530,0.06893999,0.45739300,0
1505499020,21469526,0.06876500,1.98765000,0
1505499018,21469511,0.06877300,0.97846542,0
1505499013,21469493,0.06877299,1.26251300,0
1505499001,21469433,0.06854600,1.98765000,1
1505499000,21469425,0.06876597,7.07083714,0
1505498985,21469369,0.06870600,0.11922600,1
1505498985,21469367,0.06870600,1.14328700,1
1505498979,21469358,0.06870600,0.72513700,1
1505498974,21469336,0.06870000,1.98764995,1
1505498974,21469335,0.06870003,4.53857705,1
1505498960,21469285,0.06880000,0.69185834,0
1505498958,21469275,0.06880000,1.29579166,0
1505498948,21469232,0.06895395,0.59390000,0
1505498947,21469230,0.06878700,1.98765000,0
1505498947,21469228,0.06877000,0.27300000,0
1505498947,21469226,0.06876994,0.82537800,0
1505498907,21469065,0.06876997,2.83703943,0
1505498864,21469002,0.06874600,0.32000000,0
1505498857,21468992,0.06874597,0.87615962,0
1505498838,21468939,0.06869300,1.98765000,1
1505498837,21468938,0.06877000,0.27300000,1
1505498780,21468842,0.06872002,2.99591000,1
1505498780,21468841,0.06890000,1.98765000,1
1505498777,21468838,0.06895000,1.00000000,1
1505498775,21468831,0.06895000,1.00000000,1
1505498746,21468753,0.06892701,0.47290800,1
1505498744,21468749,0.06892701,0.53025700,1
1505498744,21468748,0.06895001,1.94648200,1
1505498723,21468724,0.06905999,6.23637447,0
1505498721,21468723,0.06906000,0.23843000,0
1505498715,21468714,0.06907000,0.14327000,0
1505498701,21468701,0.06908993,0.63105852,1
1505498686,21468666,0.06909993,5.00000000,0
1505498670,21468651,0.06899003,1.59877700,1
1505498652,21468605,0.06902700,0.99293410,1
1505498608,21468539,0.06913000,1.98765000,1
1505498608,21468538,0.06913001,1.66295364,1
1505498498,21468379,0.06915613,1.03183500,0
1505498471,21468289,0.06926057,0.21054371,1
1505498463,21468204,0.06919003,0.31160380,1
1505498463,21468203,0.06917008,1.16627016,0
1505498462,21468199,0.06944800,1.68762200,0
1505498461,21468198,0.06944800,0.30000000,0
1505498450,21468177,0.06918007,1.90839569,1
1505498450,21468176,0.06919000,0.09160431,1
1505498447,21468159,0.06919000,0.29009569,1
1505498436,21468133,0.06931500,0.92180000,0
1505498436,21468132,0.06918002,0.29088300,1
1505498432,21468118,0.06931500,0.85600000,0
1505498428,21468102,0.06918003,0.40698888,1
1505498427,21468098,0.06932229,1.16636000,0
1505498423,21468080,0.06917007,0.96995852,0
1505498423,21468078,0.06917007,0.47062500,0
1505498414,21468051,0.06917007,0.86348600,1
1505498406,21468011,0.06925897,1.74126583,0
1505498405,21468009,0.06917349,0.24637917,0
1505498396,21467983,0.06917993,0.24788596,1
1505498394,21467976,0.06920200,0.00000500,0
1505498394,21467970,0.06920200,1.98764500,0
1505498379,21467876,0.06918000,1.98765000,0
1505498361,21467822,0.06896102,1.88913900,1
1505498359,21467807,0.06913355,5.39236100,0
1505498341,21467746,0.06913375,1.26999100,0
1505498341,21467745,0.06895032,0.23000900,0
1505498335,21467729,0.06905600,1.98765000,1
1505498330,21467711,0.06895001,0.22351800,1
1505498328,21467701,0.06895032,4.32453600,0
1505498325,21467694,0.06911600,1.98765000,1
1505498308,21467591,0.06895032,0.24612870,1
1505498307,21467588,0.06895035,1.12166130,1
1505498307,21467584,0.06913400,0.96995852,1
1505498302,21467554,0.06913400,1.01769148,1
1505498291,21467479,0.06913700,0.32779655,1
1505498291,21467478,0.06913700,0.29390439,1
1505498288,21467458,0.06913703,1.11619090,1
1505498282,21467432,0.06915200,1.98765000,1
1505498272,21467365,0.06915300,0.25016036,1
1505498249,21467286,0.06916703,2.87000000,1
1505498227,21467231,0.06932362,0.30000000,1
1505498220,21467217,0.06912201,0.19096000,0
1505498215,21467209,0.06911406,1.98787864,1
1505498206,21467173,0.06912197,6.79573084,0
1505498203,21467156,0.06912200,0.67685384,1
1505498203,21467155,0.06912200,1.31079616,1
1505498197,21467127,0.06911601,0.51967300,1
1505498195,21467119,0.06911601,0.13526469,1
1505498185,21467075,0.06911601,1.17019903,1
1505498185,21467074,0.06911601,1.98765000,1
1505498184,21467067,0.06911604,0.82458403,1
1505498184,21467065,0.06911604,0.56913300,1
1505498174,21467024,0.06912000,0.22351800,1
1505498170,21467006,0.06910504,14.50018000,1
1505498168,21466989,0.06910503,5.40412000,1
1505498151,21466899,0.06924999,1.98765000,0
1505498092,21466691,0.06914997,0.72934005,1
1505498090,21466675,0.06914997,1.92000000,0
1505498090,21466674,0.06914997,0.95877417,0
1505498089,21466672,0.06914997,1.91122583,0
1505498089,21466670,0.06914991,0.10092117,0
1505497993,21466528,0.06901800,1.98765000,0
1505497993,21466527,0.06899995,0.07634500,0
1505497992,21466523,0.06899995,0.12365500,0
1505497983,21466517,0.06896200,0.59678000,0
1505497978,21466509,0.06891900,1.98765000,0
1505497978,21466508,0.06891000,0.38340000,0
1505497947,21466420,0.06885800,1.98765000,0
1505497938,21466367,0.06886800,1.98765000,0
1505497929,21466307,0.06886000,0.27300000,0
1505497928,21466302,0.06886900,1.98765000,0
1505497901,21466185,0.06860003,0.38673883,1
1505497901,21466181,0.06860004,0.10092117,1
1505497899,21466177,0.06884997,6.99849000,0
1505497879,21466057,0.06860003,0.19999500,1
1505497873,21466031,0.06860001,0.57000500,1
1505497873,21466030,0.06860001,26.45071000,1
1505497873,21466029,0.06860050,0.80000000,1
1505497873,21466028,0.06861000,0.38340000,1
1505497872,21466027,0.06860001,14.40615269,1
1505497872,21466026,0.06860002,5.90275731,1
1505497871,21466025,0.06860002,0.80000000,1
1505497870,21466016,0.06893897,0.07234703,0
1505497849,21465928,0.06860000,0.27300000,1
1505497829,21465857,0.06872200,1.17560800,0
1505497817,21465808,0.06859001,0.11477400,0
1505497817,21465807,0.06858000,0.38420000,0
1505497815,21465799,0.06859001,0.13428498,0
1505497815,21465797,0.06859000,2.46259502,0
1505497815,21465795,0.06858000,0.27300000,0
1505497807,21465764,0.06859001,1.98866394,0
1505497806,21465760,0.06859001,0.88096002,0
1505497806,21465757,0.06859001,0.00025637,1
1505497806,21465755,0.06859001,2.86974363,1
1505497806,21465754,0.06872200,0.00013712,1
1505497805,21465748,0.06872200,1.98751288,1
1505497797,21465722,0.06883900,0.88096000,1
1505497796,21465721,0.06878900,1.98904000,0
1505497795,21465719,0.06859000,0.13000000,1
1505497795,21465716,0.06883901,2.87000000,1
1505497794,21465712,0.06872601,2.87000000,1
1505497793,21465711,0.06874000,0.27300000,1
1505497793,21465709,0.06883900,1.98765000,1
1505497771,21465650,0.06888500,1.98752401,1
1505497767,21465624,0.06889600,0.00000002,1
1505497767,21465621,0.06889600,1.98764998,1
1505497767,21465619,0.06889601,1.12196436,1
1505497767,21465616,0.06889604,3.39770566,1
1505497742,21465547,0.06892701,0.72874812,1
1505497734,21465475,0.06897300,0.27829400,1
1505497725,21465408,0.06893607,3.09396232,1
1505497696,21465340,0.06920613,0.00295000,0
1505497696,21465339,0.06906400,1.98765000,0
1505497692,21465326,0.06904200,1.98764500,0
1505497648,21465166,0.06894016,0.65599580,1
1505497647,21465161,0.06894016,1.80659922,1
1505497647,21465160,0.06894017,1.98761262,1
1505497643,21465147,0.06891606,0.50376400,1
1505497637,21465130,0.06891606,3.16343518,1
1505497625,21465103,0.06891607,0.28200000,0
1505497619,21465089,0.06891606,1.00928000,0
1505497610,21465063,0.06898599,1.98765000,0
1505497597,21465027,0.06892500,1.98765000,1
1505497592,21465017,0.06894200,0.32379400,1
1505497592,21465016,0.06894200,0.83192800,1
1505497591,21465012,0.06894201,0.83192800,1
1505497589,21465007,0.06894201,1.74283600,1
1505497586,21465004,0.06894200,0.83192800,1
1505497585,21464998,0.06891607,2.81260960,1
1505497585,21464995,0.06891607,1.00159715,1
1505497583,21464984,0.06891613,2.21581900,1
1505497583,21464983,0.06891613,0.35100000,1
1505497572,21464953,0.06896000,0.38400000,1
1505497571,21464947,0.06897000,0.38420000,1
1505497562,21464908,0.06896699,1.02939730,1
1505497562,21464905,0.06896000,2.87000000,0
1505497562,21464903,0.06896000,0.29357000,0
1505497528,21464795,0.06882799,2.86999500,0
1505497515,21464755,0.06882800,1.98765000,0
1505497503,21464719,0.06874900,1.98765000,0
1505497493,21464702,0.06869168,19.41907656,0
1505497493,21464701,0.06869167,5.59744800,1
1505497492,21464700,0.06869168,0.20000000,0
1505497491,21464696,0.06869167,3.10377600,0
1505497485,21464692,0.06869168,2.02483127,0
1505497484,21464691,0.06869168,77.70000000,0
1505497483,21464688,0.06869168,20.00000000,0
1505497480,21464686,0.06869168,0.23040413,0
1505497480,21464684,0.06869168,0.43653100,0
1505497475,21464681,0.06869168,1.29263500,0
1505497469,21464660,0.06869168,4.67534500,0
1505497465,21464654,0.06869168,19.43703700,0
1505497444,21464623,0.06869168,0.13728887,0
1505497438,21464600,0.06869168,25.00000000,0
1505497436,21464599,0.06869168,0.81577200,0
1505497435,21464598,0.06869168,0.19174800,0
1505497417,21464563,0.06869168,0.28993300,0
1505497416,21464559,0.06869168,0.28200000,0
1505497396,21464535,0.06869168,19.96841500,0
1505497396,21464533,0.06869168,0.41472271,0
1505497395,21464532,0.06869168,0.20200700,0
1505497382,21464508,0.06869168,16.74050800,0
1505497381,21464502,0.06869168,0.30000000,0
1505497373,21464485,0.06869168,0.31335100,0
1505497361,21464466,0.06869167,2.34341000,0
1505497353,21464455,0.06869168,0.31312000,0
1505497335,21464436,0.06869168,0.52055794,0
1505497332,21464429,0.06869168,0.48145000,0
1505497331,21464426,0.06869168,14.05330000,0
1505497330,21464422,0.06869168,7.95065200,0
1505497328,21464414,0.06869168,0.48134800,0
1505497326,21464411,0.06869168,7.94942900,0
1505497324,21464403,0.06869168,0.44469073,0
1505497324,21464400,0.06869168,3.22265800,0
1505497322,21464390,0.06869168,0.46285081,0
1505497317,21464378,0.06869168,0.87295300,0
1505497316,21464376,0.06869167,0.34517000,1
1505497292,21464329,0.06869168,0.30031000,0
1505497289,21464323,0.06869168,0.20000000,0
1505497261,21464272,0.06867000,2.46943425,0
1505497186,21464098,0.06852600,1.26401600,1
1505497186,21464096,0.06852601,0.72363400,1
1505497176,21464075,0.06853005,0.28564600,1
1505497116,21463992,0.06862897,2.40336000,0
1505497081,21463898,0.06862897,0.30000000,0
1505497067,21463847,0.06861200,1.98765000,0
1505497067,21463845,0.06858700,0.84837500,0
1505497055,21463791,0.06860500,0.84837500,0
1505497055,21463790,0.06858700,1.13927500,0
1505497044,21463752,0.06858697,0.28077405,0
1505497016,21463605,0.06855997,3.88959500,0
1505497016,21463604,0.06848000,0.10460000,0
1505497016,21463603,0.06848000,0.28200000,0
1505496951,21463468,0.06853681,0.19700000,0
1505496944,21463451,0.06853688,0.19700000,0
1505496943,21463450,0.06835707,0.49295700,1
1505496930,21463423,0.06835704,0.16390300,1
1505496928,21463413,0.06835702,0.25799100,1
1505496911,21463388,0.06835700,0.22269300,1
1505496905,21463364,0.06840000,1.06607081,1
1505496882,21463330,0.06840000,0.22248700,1
1505496879,21463325,0.06840001,0.21920412,0
1505496875,21463306,0.06840000,0.27400000,1
1505496873,21463299,0.06840000,0.33999500,1
1505496849,21463196,0.06840001,1.03443211,1
1505496847,21463190,0.06840000,0.37055400,1
1505496839,21463162,0.06840000,6.19455400,1
1505496818,21463047,0.06840011,0.20323959,1
1505496810,21463010,0.06840009,0.92990000,1
1505496796,21462949,0.06840004,2.78549000,1
1505496790,21462915,0.06840003,2.78549000,1
1505496788,21462896,0.06840003,1.01568670,1
1505496787,21462886,0.06840002,9.57964400,1
1505496786,21462882,0.06840002,0.64410800,1
1505496781,21462850,0.06840000,0.00140994,0
1505496780,21462847,0.06840000,0.38508392,0
1505496780,21462846,0.06839015,11.00472010,0
1505496780,21462842,0.06839011,6.21560369,1
1505496779,21462837,0.06840000,0.38660000,1
1505496778,21462825,0.06840007,7.07072921,1
1505496772,21462790,0.06859700,1.93313200,0
1505496765,21462754,0.06856700,1.22747600,0
1505496764,21462751,0.06856700,0.76017400,0
1505496764,21462749,0.06856699,1.22747600,0
1505496755,21462685,0.06855700,0.54223700,0
1505496755,21462682,0.06855697,2.54017000,0
1505496746,21462646,0.06854800,1.98765000,1
1505496733,21462599,0.06831014,2.26617000,1
1505496727,21462588,0.06856000,0.27400000,1
1505496727,21462585,0.06859200,1.98765000,1
1505496710,21462511,0.06869163,0.19986016,1
1505496673,21462385,0.06869168,10.06184000,0
1505496670,21462376,0.06869168,49.75825500,0
1505496658,21462334,0.06869168,14.73899200,0
1505496657,21462325,0.06869167,1.54642200,0
1505496657,21462323,0.06869167,0.37285400,0
1505496657,21462321,0.06869167,1.98765000,0
1505496655,21462294,0.06869167,1.06620200,0
1505496651,21462268,0.06854300,1.98765000,1
1505496651,21462265,0.06854303,0.27400000,1
1505496648,21462254,0.06869167,0.09187753,0
1505496640,21462206,0.06869167,0.08078000,0
1505496633,21462197,0.06869168,75.44700000,0
1505496626,21462168,0.06859201,0.50379300,1
1505496619,21462143,0.06859201,1.30000000,1
1505496609,21462118,0.06869168,0.13829914,0
1505496603,21462090,0.06869168,4.08218884,0
1505496603,21462089,0.06868797,2.87000000,0
1505496598,21462058,0.06857000,0.60806096,1
1505496598,21462056,0.06857001,2.59452904,1
1505496593,21462038,0.06864190,0.73337131,1
1505496571,21461894,0.06864190,19.51374479,0
1505496562,21461866,0.06864190,0.09089792,0
1505496547,21461821,0.06864190,30.37585800,0
1505496545,21461811,0.06864190,9.22764100,0
1505496529,21461771,0.06864190,40.48081067,0
1505496529,21461769,0.06864190,16.90725291,0
1505496527,21461762,0.06864190,5.72579800,0
1505496513,21461687,0.06864190,1.19147220,0
1505496513,21461676,0.06864190,0.10095874,0
1505496498,21461643,0.06864190,0.80315427,0
1505496481,21461569,0.06864190,3.94711421,0
1505496480,21461568,0.06864190,6.03254203,0
1505496480,21461566,0.06864189,2.87000000,0
1505496475,21461542,0.06864190,12.92893181,0
1505496470,21461522,0.06864190,7.53435007,0
1505496469,21461518,0.06864190,8.99037069,0
1505496469,21461515,0.06864190,11.40299312,0
1505496456,21461492,0.06864190,0.08415880,0
1505496454,21461486,0.06864190,0.24835887,0
1505496450,21461482,0.06848433,2.02762000,1
1505496448,21461476,0.06848433,0.74135113,1
1505496439,21461455,0.06864190,7.75137343,0
1505496438,21461450,0.06864188,0.32404838,1
1505496428,21461422,0.06848424,7.87471500,1
1505496415,21461379,0.06864190,51.35301800,0
1505496413,21461374,0.06864190,5.83269700,0
1505496413,21461373,0.06864190,1.72426127,0
1505496413,21461372,0.06864189,11.34966873,0
