date,tid,price,amount,type
1505520073,21517324,219.48,0.26416985,0
1505520073,21517320,219.48,0.26419159,0
1505520067,21517317,219.48,0.31005102,0
1505520058,21517300,219.48,0.06641000,0
1505520050,21517289,219.48,0.04663978,0
1505520050,21517288,219.46,0.00468043,0
1505520050,21517287,218.99,0.01501950,0
1505519919,21517165,218.99,0.19207000,0
1505519903,21517150,218.99,0.23001050,0
1505519834,21517098,218.98,1.13768136,0
1505519834,21517096,218.75,0.00029826,0
1505519809,21517078,219.08,0.21373308,1
1505519809,21517077,219.08,0.21237166,1
1505519799,21517069,219.08,0.00030600,1
1505519799,21517068,219.09,0.43712000,1
1505519708,21517009,219.13,4.45000000,1
1505519691,21516992,219.27,5.31280882,0
1505519691,21516991,219.26,0.97306535,0
1505519691,21516990,219.25,13.71412583,0
1505519630,21516967,219.11,0.70056136,1
1505519571,21516920,219.08,0.00106867,0
1505519570,21516915,219.08,0.21266441,0
1505519554,21516884,219.08,0.20000000,0
1505519539,21516879,218.77,0.00468043,0
1505519529,21516860,218.48,0.00122813,0
1505519529,21516859,218.48,0.05814435,0
1505519529,21516857,218.48,0.07323196,0
1505519527,21516852,218.48,0.57000000,0
1505519387,21516741,218.10,0.49000000,0
1505519386,21516739,218.10,2.51000000,0
1505519385,21516737,218.09,0.24718644,1
1505519385,21516736,218.09,2.26793214,1
1505519380,21516727,218.09,0.70383786,1
1505519379,21516726,218.09,0.33530000,0
1505519379,21516724,218.09,1.14293000,0
1505519333,21516683,218.20,0.06169000,0
1505519319,21516668,217.01,6.32602830,1
1505519319,21516667,217.09,0.33530000,1
1505519319,21516665,217.10,5.15733500,0
1505519319,21516664,217.10,2.09720300,0
1505519318,21516663,217.10,4.84627600,0
1505519318,21516662,217.65,0.09369957,1
1505519318,21516661,217.69,0.00122813,1
1505519316,21516659,217.71,1.14293000,1
1505519284,21516647,217.69,0.13137631,1
1505519283,21516645,217.69,0.57000000,0
1505519277,21516628,217.61,2.09720828,0
1505519277,21516627,217.56,0.17226417,0
1505519276,21516624,217.56,0.53507650,0
1505519276,21516622,217.56,4.45000000,0
1505519276,21516621,217.55,0.07142550,0
1505519276,21516620,217.55,2.19804700,0
1505519276,21516618,217.55,2.57680900,0
1505519208,21516596,217.01,0.70734067,0
1505519185,21516542,217.63,0.10156000,1
1505519185,21516541,217.63,0.70532555,1
1505519184,21516538,217.63,0.27371389,0
1505519183,21516536,217.63,0.86772381,0
1505519099,21516449,217.00,1.98000000,1
1505519098,21516445,217.00,2.47000000,1
1505519097,21516444,217.01,1.97992016,1
1505519097,21516443,217.10,0.00007984,1
1505519097,21516442,217.10,1.10216116,0
1505519096,21516441,217.10,1.36018600,0
1505519096,21516440,217.10,1.98765000,1
1505519096,21516439,217.10,0.00000284,1
1505519095,21516435,217.10,2.72000000,0
1505519095,21516433,217.10,1.73007716,0
1505519093,21516427,217.10,2.71992284,0
1505519093,21516426,217.10,1.73000000,0
1505519092,21516423,217.10,2.72000000,0
1505519091,21516421,217.10,2.45259673,0
1505519090,21516420,217.10,0.83016352,1
1505519090,21516419,217.11,1.16723975,1
1505518997,21516364,218.18,0.23224000,0
1505518994,21516363,218.17,0.23226900,0
1505518960,21516343,217.01,4.37430390,1
1505518959,21516342,217.02,3.67904175,1
1505518925,21516315,218.51,0.36591517,1
1505518924,21516312,217.08,0.14106453,0
1505518924,21516311,217.07,0.00008030,0
1505518924,21516310,217.07,0.36591970,0
1505518920,21516303,217.08,0.23224805,0
1505518919,21516302,217.08,0.33380000,1
1505518901,21516290,217.01,0.70734067,0
1505518899,21516288,217.01,0.77457902,1
1505518899,21516287,217.40,0.70841794,1
1505518899,21516286,217.44,0.70377332,1
1505518899,21516285,217.81,0.70254931,1
1505518898,21516283,217.94,0.70145775,1
1505518898,21516282,218.00,0.70341856,1
1505518898,21516281,218.07,0.70171428,1
1505518896,21516280,218.16,0.06790680,1
1505518844,21516250,218.16,0.63400000,1
1505518843,21516249,218.23,0.36600000,1
1505518719,21516206,219.00,6.68011957,1
1505518695,21516203,219.08,14.31231000,1
1505518686,21516195,219.19,0.80602679,0
1505518684,21516188,219.19,1.18283521,0
1505518684,21516187,219.18,0.36500000,0
1505518639,21516143,219.00,1.30432463,1
1505518578,21516083,218.75,0.70171428,1
1505518574,21516081,218.75,0.70040153,1
1505518572,21516077,218.79,0.36500000,1
1505518541,21516030,219.17,0.97143770,1
1505518540,21516026,219.17,0.17000000,1
1505518539,21516024,219.48,1.23000000,1
1505518539,21516022,219.48,0.00040200,1
1505518539,21516020,219.48,1.11255600,1
1505518538,21516019,219.48,1.93704200,1
1505518537,21516014,219.48,1.23000000,1
1505518537,21516013,219.48,3.04959847,1
1505518536,21516009,219.48,0.53000000,0
1505518536,21516008,219.47,0.70040153,0
1505518530,21515995,219.16,0.17000000,0
1505518529,21515992,218.85,0.16826000,1
1505518523,21515981,218.85,1.33379405,0
1505518499,21515932,218.48,0.41373308,0
1505518488,21515907,218.84,0.29769660,1
1505518488,21515906,218.85,4.15000000,0
1505518487,21515904,218.84,0.40230340,1
1505518487,21515901,218.84,0.70000000,1
1505518487,21515900,218.84,3.04420860,1
1505518482,21515891,218.84,0.70254931,1
1505518482,21515890,218.84,0.70190680,0
1505518482,21515888,218.83,0.00133529,0
1505518480,21515850,218.83,0.70000000,0
1505518480,21515849,218.83,1.25854225,1
1505518480,21515848,218.83,0.70145775,1
1505518477,21515845,218.83,1.96000000,0
1505518476,21515841,218.83,1.96000000,0
1505518476,21515840,218.69,1.11854621,1
1505518475,21515839,218.69,0.70000000,1
1505518475,21515838,218.69,0.14131331,1
1505518460,21515835,218.69,1.26003275,1
1505518459,21515833,218.69,2.34523538,0
1505518459,21515831,218.68,0.70341856,0
1505518453,21515825,218.21,0.17395046,1
1505518452,21515824,218.21,0.17000000,0
1505518452,21515822,218.21,0.40000000,0
1505518451,21515820,218.18,0.70000000,1
1505518451,21515819,218.18,0.04520859,1
1505518450,21515818,218.18,0.17316727,1
1505518450,21515815,218.18,0.22785082,1
1505518423,21515784,218.18,0.70377332,0
1505518422,21515783,218.11,1.14710368,1
1505518418,21515777,218.11,0.46997305,1
1505518418,21515776,218.11,0.60088231,1
1505518417,21515772,218.11,0.26316719,1
1505518417,21515771,218.11,0.20245966,1
1505518416,21515769,218.11,3.53912240,1
1505518415,21515768,218.10,0.70841794,0
1505518359,21515725,216.48,0.39257334,1
1505518359,21515724,216.48,0.31649909,1
1505518358,21515723,217.04,0.70724290,0
1505518350,21515718,217.05,0.33350000,1
1505518348,21515717,216.48,0.24713599,1
1505518348,21515716,216.48,0.46193644,1
1505518348,21515715,216.49,0.70903967,0
1505518346,21515713,217.10,0.26744744,0
1505518344,21515711,216.96,0.70703986,0
1505518344,21515710,216.96,0.00046382,1
1505518343,21515708,217.10,0.43960000,1
1505518340,21515703,216.98,0.37393847,1
1505518340,21515702,216.98,0.33350000,1
1505518330,21515696,216.98,0.70747107,1
1505518294,21515625,216.99,0.70750368,1
1505518286,21515583,216.99,0.70743847,1
1505518253,21515527,216.99,0.70740587,1
1505518243,21515518,216.96,0.70910518,1
1505518242,21515512,216.48,0.14543735,0
1505518241,21515510,216.48,0.56363508,0
1505518238,21515497,218.69,1.31656803,1
1505518237,21515495,218.68,1.21245499,0
1505518237,21515494,218.48,0.55000000,0
1505518220,21515453,216.37,1.21245499,1
1505518210,21515433,216.33,0.70956409,1
1505518210,21515432,218.85,0.09331324,0
1505518209,21515424,218.94,1.03952948,0
1505518208,21515420,218.94,1.04745423,0
1505518206,21515415,219.97,5.53594207,1
1505518206,21515414,219.97,0.46149621,1
1505518206,21515413,219.97,0.55000000,1
1505518206,21515410,219.96,0.21126822,1
1505518205,21515408,218.97,0.69887087,0
1505518205,21515406,218.97,0.22079026,0
1505518205,21515404,218.96,0.69880724,0
1505518205,21515403,218.96,0.69890269,0
1505518204,21515402,218.95,0.22168969,0
1505518204,21515401,218.95,4.69344803,1
1505518204,21515400,218.94,2.23000000,1
1505518203,21515399,218.85,0.22258912,0
1505518203,21515398,218.84,0.69918921,0
1505518203,21515396,218.82,0.69890269,0
1505518203,21515395,218.82,0.24112913,0
1505518203,21515394,218.82,0.90000000,1
1505518202,21515393,218.78,1.39965350,0
1505518202,21515392,218.78,0.70001824,0
1505518202,21515391,218.78,0.69934848,0
1505518202,21515390,218.78,0.70001824,0
1505518202,21515389,218.78,0.69976294,0
1505518201,21515386,218.56,0.56000000,0
1505518201,21515385,218.56,14.46398602,1
1505518201,21515384,218.55,0.70027372,0
1505518201,21515383,218.55,0.70076933,0
1505518201,21515382,218.55,0.69973408,0
1505518200,21515381,218.55,0.70024177,0
1505518200,21515380,218.00,0.51418921,0
1505518200,21515379,217.00,1.92005147,0
1505518199,21515378,216.90,0.07106482,0
1505518199,21515377,216.90,0.07110103,1
1505518199,21515375,216.89,0.70776466,1
1505518197,21515374,216.88,0.70966250,0
1505518181,21515369,216.86,0.63990920,0
1505518176,21515363,216.85,0.08340000,0
1505518156,21515352,216.87,0.25060000,0
1505518155,21515351,216.87,0.50000000,0
1505518142,21515341,216.90,0.63958332,0
1505518056,21515212,215.91,0.71101023,1
1505518054,21515210,216.00,0.09715814,0
1505518054,21515208,216.00,0.61349000,1
1505518048,21515200,215.90,0.66069688,1
1505518047,21515196,215.90,0.71101023,1
1505518045,21515193,215.89,0.71101023,1
1505518041,21515178,215.99,0.50000000,0
1505518041,21515176,215.52,0.16069688,0
1505518041,21515175,215.52,0.55153400,0
1505518041,21515172,214.57,51.00000000,1
1505518041,21515170,214.57,4.76654403,1
1505518041,21515168,214.57,0.21155700,1
1505518040,21515166,215.12,0.24936115,1
1505518040,21515165,215.12,0.82000075,0
1505518040,21515163,215.12,0.46296296,0
1505518040,21515159,215.52,0.02116258,1
1505518039,21515158,216.00,1.05924616,0
1505518039,21515157,216.00,1.17360797,0
1505518039,21515156,215.89,0.82000000,0
1505518038,21515152,215.52,0.68853273,1
1505518038,21515147,215.57,0.70985941,1
1505518038,21515145,216.23,0.31280692,1
1505518038,21515142,216.30,0.38783940,1
1505518038,21515141,216.32,1.10096154,1
1505518035,21515138,217.98,8.40930879,0
1505518035,21515137,217.90,0.51440000,0
1505518035,21515136,217.78,4.80622256,0
1505518032,21515123,217.78,0.70241722,0
1505518031,21515118,216.30,0.00194462,0
1505518030,21515115,216.29,0.50000000,1
1505518030,21515114,216.30,0.38697891,0
1505518028,21515110,216.29,0.70969531,1
1505518028,21515109,216.29,0.81384000,1
1505518028,21515107,216.30,0.33400000,1
1505518027,21515106,217.79,0.70251074,0
1505518027,21515103,217.79,0.70218942,0
1505518024,21515095,216.23,0.50000000,0
1505518023,21515090,216.29,0.71538425,1
1505518022,21515084,217.99,3.06416455,0
1505518022,21515081,216.28,0.33500000,0
1505518022,21515078,216.24,0.70985941,0
1505518020,21515069,214.57,10.00000000,1
1505518020,21515068,214.57,1.34773716,1
1505518020,21515067,214.57,1.89631700,0
1505518020,21515066,214.89,0.54000000,1
1505518019,21515063,215.00,2.00000000,1
1505518019,21515062,215.00,4.65000000,1
1505518019,21515059,215.00,0.10000000,1
1505518019,21515057,215.00,0.73000000,0
1505518019,21515055,215.00,0.02482457,0
1505518019,21515054,215.00,0.46234223,0
1505518018,21515050,215.01,15.86943030,1
1505518018,21515048,215.01,4.00000000,1
1505518018,21515047,215.01,45.39832146,1
1505518018,21515046,215.01,34.73224824,1
1505518018,21515044,215.12,1.74830886,1
1505518017,21515038,216.13,0.20000000,1
1505518017,21515035,216.24,0.00000538,1
1505518017,21515034,216.24,0.42133700,1
1505518017,21515033,216.24,0.23634018,1
1505518016,21515031,216.29,0.65780378,1
1505518016,21515029,216.30,0.08341073,1
1505518016,21515028,216.30,0.57421123,1
1505518015,21515026,216.72,0.24854795,1
1505518015,21515025,216.72,0.45786142,1
1505518015,21515022,216.95,0.70650675,1
1505518015,21515021,217.00,0.50000000,1
1505518014,21515019,217.07,1.16944860,1
1505518014,21515017,217.07,0.46068089,1
1505518014,21515016,217.27,1.16610701,0
1505518013,21515014,217.33,0.70081723,1
1505518013,21515012,217.52,0.62884725,1
1505518013,21515007,217.73,0.45000000,1
1505518012,21515004,218.00,0.10000000,1
1505518012,21515002,218.00,0.10000000,1
1505518012,21515001,218.00,0.31444634,1
1505518011,21514989,218.11,0.13571084,1
1505518005,21514962,218.20,0.07193799,1
1505518003,21514957,218.34,0.70084923,1
1505518003,21514956,218.34,0.70078524,1
1505518003,21514955,218.34,0.00227710,1
1505518003,21514954,218.34,0.69971358,1
1505518003,21514952,218.36,0.00110624,1
1505518003,21514951,218.36,0.69967900,1
1505518002,21514949,218.50,0.71136861,1
1505518002,21514947,218.50,2.78863139,1
1505518002,21514946,218.52,0.00305352,1
1505518002,21514943,218.52,0.00217832,1
1505518002,21514942,218.52,0.00166225,1
1505518001,21514941,218.52,0.00888452,1
1505518001,21514940,218.52,0.68449511,1
1505518001,21514939,218.53,0.70024177,1
1505518001,21514938,218.59,0.07139512,1
1505518000,21514933,218.59,0.62862312,1
1505518000,21514931,218.60,0.70001824,1
1505518000,21514929,218.63,0.47741837,1
1505518000,21514927,218.63,0.22240838,1
1505518000,21514926,218.63,0.00447150,1
1505518000,21514925,218.63,0.69535525,1
1505518000,21514923,218.64,0.00216251,1
1505517999,21514921,218.64,0.69760043,1
1505517999,21514919,218.73,0.00102244,1
1505517999,21514918,218.73,0.25788025,1
1505517999,21514917,218.73,0.44000000,1
1505517999,21514915,218.77,0.00219161,1
1505517999,21514913,218.77,0.00349697,1
1505517998,21514910,218.77,0.69365990,1
1505517998,21514908,218.79,0.00409558,1
1505517998,21514906,218.79,0.00307750,1
1505517998,21514904,218.79,0.69172961,1
1505517997,21514902,218.80,0.10000000,1
1505517997,21514899,218.80,0.14112913,1
1505517997,21514897,218.85,0.05847632,1
1505517997,21514893,218.85,0.00305646,1
1505517997,21514890,218.85,0.63765643,1
1505517995,21514885,218.95,0.69890269,1
1505517992,21514869,218.96,0.56316003,1
1505517992,21514868,218.97,0.13787965,1
1505517991,21514862,218.97,0.37652347,1
1505517991,21514861,218.97,0.18440412,1
1505517990,21514856,219.00,0.10000000,1
1505517987,21514844,219.02,13.02784232,1
1505517987,21514843,219.02,1.56870000,1
1505517984,21514835,219.02,24.01289000,1
1505517983,21514832,219.02,0.56459762,1
1505517983,21514830,219.02,4.45000000,1
1505517982,21514827,219.02,4.45000000,1
1505517981,21514821,219.02,16.77879526,1
1505517980,21514807,219.02,0.91783700,1
1505517979,21514803,219.02,0.77273400,1
1505517977,21514800,219.02,7.49010100,1
1505517977,21514799,219.02,4.83989900,1
1505517977,21514798,219.02,5.69385800,1
1505517977,21514797,219.02,1.80815800,1
1505517977,21514794,219.02,1.46714200,1
1505517976,21514789,219.02,12.15744580,1
1505517976,21514787,219.02,0.17255420,1
1505517975,21514783,219.02,4.99999500,1
1505517972,21514754,219.02,15.63928800,1
1505517971,21514751,219.02,1.06000000,1
1505517969,21514744,219.02,0.20273900,1
1505517969,21514742,219.02,19.43570000,1
1505517969,21514741,219.02,15.10938200,1
1505517968,21514740,219.02,2.51089800,1
1505517968,21514739,219.02,7.74983000,1
1505517966,21514734,219.02,1.06000000,1
1505517965,21514729,219.02,1.06000000,1
1505517964,21514727,219.02,1.93148395,1
1505517964,21514726,219.02,0.70084924,1
1505517960,21514722,219.02,1.11890200,1
1505517959,21514720,219.02,1.06000000,1
1505517959,21514716,219.02,1.18837861,1
1505517958,21514715,219.02,0.31003970,1
1505517956,21514711,219.02,17.99000000,1
1505517953,21514704,219.02,2.91476394,1
1505517949,21514696,219.02,0.43275700,1
1505517947,21514684,219.02,11.52454000,1
1505517941,21514676,219.02,1.00000000,1
1505517941,21514675,219.02,1.27474800,1
1505517941,21514674,219.02,19.14520600,1
1505517941,21514673,219.02,2.59730300,1
1505517938,21514671,219.02,0.02502283,1
1505517938,21514670,219.02,4.82558500,1
1505517938,21514669,219.02,1.05200000,1
1505517938,21514667,219.02,0.45793644,1
1505517938,21514666,219.02,1.55001598,1
1505517938,21514665,219.03,0.44998402,1
1505517937,21514659,219.02,0.25806525,1
1505517936,21514653,219.02,0.34810100,1
1505517933,21514649,219.02,0.14126103,1
1505517933,21514648,219.02,0.03889700,1
1505517933,21514646,219.02,4.45000000,1
1505517932,21514645,219.02,3.10010700,1
1505517931,21514643,219.02,2.25005800,1
1505517930,21514642,219.02,1.05000000,1
1505517928,21514640,219.02,0.92201621,1
1505517921,21514636,219.02,1.56860000,1
1505517920,21514635,219.02,1.12288100,1
1505517914,21514633,219.02,1.27134926,1
1505517910,21514632,219.02,1.99983042,1
1505517904,21514625,219.02,10.04950000,1
1505517904,21514624,219.28,0.95526268,0
1505517903,21514622,219.02,1.26449710,1
1505517903,21514621,219.02,2.37944972,1
1505517899,21514618,219.02,2.68546912,1
1505517899,21514616,219.02,3.24710088,1
1505517898,21514613,219.29,0.44945500,0
1505517893,21514601,219.02,0.97783709,1
1505517892,21514599,219.02,3.60000000,1
1505517890,21514592,219.02,4.05797000,1
1505517890,21514590,219.02,9.26756300,1
1505517888,21514585,219.02,0.79222510,1
1505517886,21514578,219.02,21.15953700,1
1505517881,21514569,219.02,40.27990000,1
1505517866,21514556,219.02,11.02656222,1
1505517863,21514553,219.02,5.59130471,1
1505517863,21514552,219.02,9.40769529,1
1505517863,21514551,219.02,0.05867700,1
1505517861,21514550,219.02,0.48606099,1
1505517859,21514547,219.02,0.02710100,1
1505517858,21514544,219.02,0.90000000,1
1505517856,21514543,219.02,1.24958886,1
1505517850,21514534,219.02,1.56820000,1
1505517831,21514519,219.02,0.05491439,1
1505517826,21514510,219.02,3.60000000,1
1505517826,21514509,219.02,0.38076000,1
1505517825,21514508,219.02,1.27898486,1
1505517822,21514502,219.02,0.21940820,1
1505517821,21514499,219.02,0.38074144,1
1505517820,21514495,219.02,2.46864121,1
1505517820,21514494,219.02,0.93226189,1
1505517818,21514486,219.02,0.92165095,1
1505517814,21514479,219.02,0.21882342,1
1505517811,21514474,219.02,0.21855052,1
1505517808,21514470,219.02,4.60414235,1
1505517808,21514468,219.03,0.98319865,1
1505517803,21514459,219.02,0.50000000,1
1505517802,21514454,219.02,0.21795724,1
1505517801,21514452,219.02,0.38096973,1
1505517799,21514446,219.02,0.59871241,1
1505517799,21514444,219.02,1.62192900,1
1505517795,21514435,219.02,0.21772334,1
1505517794,21514430,219.02,0.49098632,1
1505517791,21514420,219.02,16.80815000,1
1505517788,21514418,219.02,3.55321900,1
1505517783,21514404,219.02,1.08383000,1
1505517783,21514402,219.02,1.13000000,1
1505517783,21514399,219.07,0.48312994,0
1505517772,21514379,219.02,0.12000000,1
1505517771,21514376,219.02,1.12295600,1
1505517770,21514375,219.02,1.02000000,1
1505517756,21514348,219.02,0.73891745,1
1505517747,21514293,219.02,4.52875300,1
1505517745,21514286,219.02,15.50618000,1
1505517740,21514267,219.02,1.99949700,1
1505517740,21514264,219.02,0.12268888,1
1505517739,21514258,219.02,12.73039900,1
1505517739,21514256,219.02,6.53092926,1
1505517739,21514255,219.02,4.43506374,1
1505517739,21514253,219.02,1.58900000,1
1505517728,21514230,219.02,1.51926757,1
1505517728,21514227,219.02,0.70847400,1
1505517727,21514226,219.02,0.68872000,1
1505517724,21514214,219.02,0.39106801,1
1505517721,21514206,219.02,3.60000000,1
1505517718,21514200,219.02,1.57120000,1
1505517716,21514181,219.02,9.27704200,1
1505517716,21514180,219.02,4.98197900,1
1505517715,21514179,219.02,2.87908000,1
1505517713,21514176,219.02,0.26342490,1
1505517713,21514174,219.03,0.00000872,1
1505517712,21514171,219.03,0.33499128,1
1505517711,21514165,219.02,0.59840125,1
1505517710,21514163,219.02,0.70084923,1
1505517703,21514151,219.02,3.60000000,1
1505517702,21514149,219.02,0.21745941,1
1505517696,21514132,219.02,0.21663852,1
1505517696,21514128,219.02,0.30220980,1
1505517692,21514124,219.02,0.32968255,1
1505517689,21514119,219.02,0.59961000,1
1505517688,21514118,219.02,0.89845780,1
1505517685,21514103,219.02,0.21579054,1
1505517679,21514086,219.02,0.97379235,1
1505517675,21514073,219.02,1.40121700,1
1505517672,21514066,219.02,2.58216400,1
1505517671,21514055,219.17,0.20000000,0
1505517670,21514052,219.02,8.89268565,1
1505517669,21514040,219.02,0.35648100,1
1505517668,21514023,219.02,9.22081455,1
1505517665,21514002,219.02,0.31198060,1
1505517663,21513999,219.02,0.39073184,1
1505517663,21513994,219.02,0.54823650,1
1505517660,21513980,219.17,0.20000000,0
1505517658,21513976,219.02,0.28758739,1
1505517658,21513971,219.02,2.72794100,1
1505517654,21513960,219.02,1.48962800,1
1505517651,21513930,219.02,14.22176000,1
1505517649,21513926,219.02,6.57298500,1
1505517649,21513922,219.02,3.86314600,1
1505517648,21513916,219.02,0.83762364,1
1505517647,21513913,219.02,4.13244300,1
1505517647,21513911,219.02,1.60536416,1
1505517647,21513910,219.03,2.81746784,1
1505517647,21513907,219.03,2.79253216,1
1505517647,21513905,219.03,5.24561920,1
1505517643,21513887,219.03,1.04000000,1
1505517637,21513879,219.03,1.04000000,1
1505517636,21513876,219.03,1.33585500,1
1505517633,21513858,219.03,1.02973900,1
1505517629,21513845,219.03,1.00348600,1
1505517624,21513827,219.03,1.08135868,1
1505517620,21513821,219.03,0.87279509,1
1505517619,21513817,219.03,0.25991874,1
1505517618,21513814,219.03,3.92795400,1
1505517610,21513802,219.03,0.19209090,1
1505517609,21513801,219.03,0.30614674,1
1505517609,21513799,219.03,0.39033530,1
1505517608,21513790,219.03,0.28777000,1
1505517607,21513781,219.03,1.00331700,1
1505517606,21513776,219.03,1.98666850,1
1505517604,21513768,219.03,0.40702449,1
1505517598,21513739,219.03,3.27774530,1
1505517596,21513734,219.03,1.00000000,1
1505517592,21513721,219.03,1.98758161,1
1505517587,21513707,219.03,3.11547724,1
1505517586,21513700,219.03,5.56036400,1
1505517586,21513699,219.03,1.66697000,1
1505517585,21513696,219.03,0.28530321,1
1505517584,21513693,219.03,0.69881706,1
1505517582,21513681,219.03,0.12076480,1
1505517581,21513671,219.03,1.98765000,1
1505517580,21513667,219.03,0.59872500,1
1505517578,21513662,219.03,0.26508544,1
1505517575,21513654,219.03,0.12046553,1
1505517571,21513638,219.04,0.59809480,1
1505517571,21513636,219.04,0.39022867,1
1505517568,21513627,219.38,1.00126000,0
1505517568,21513622,219.03,3.24882455,1
1505517567,21513618,219.03,0.23960845,1
1505517566,21513609,219.03,1.00388400,1
1505517565,21513601,219.03,1.31307100,1
1505517563,21513579,219.03,0.70081723,1
1505517562,21513568,219.03,13.62813000,1
1505517560,21513548,219.03,0.23001411,1
1505517554,21513534,219.03,12.54062283,1
1505517554,21513533,219.03,3.48082948,1
1505517554,21513532,219.04,0.08000000,1
1505517553,21513525,219.37,0.14628374,0
1505517552,21513518,219.36,0.08547568,0
1505517550,21513508,219.03,41.54767494,1
1505517548,21513503,219.04,0.00076341,1
1505517548,21513499,219.04,0.42923659,0
1505517547,21513493,219.03,0.59533331,1
1505517546,21513488,219.04,1.57075146,1
1505517543,21513466,219.38,2.00063816,0
1505517533,21513441,219.03,4.45000000,1
1505517528,21513427,219.03,0.49950692,1
1505517513,21513401,219.03,1.16000000,1
1505517512,21513400,219.04,0.65407366,0
1505517512,21513399,219.04,0.34606330,0
1505517512,21513397,219.03,0.16000000,1
1505517512,21513395,219.03,0.33197286,1
1505517511,21513394,219.03,0.16000000,1
1505517510,21513391,219.03,0.16000000,1
1505517510,21513390,219.03,0.16000000,1
1505517509,21513388,219.03,0.16000000,1
1505517508,21513387,219.03,0.16000000,1
1505517508,21513386,219.03,1.00018249,1
1505517507,21513385,219.03,0.16000000,1
1505517507,21513384,219.03,0.16000000,1
1505517506,21513383,219.03,0.16000000,1
1505517505,21513381,219.03,0.16000000,1
1505517505,21513379,219.03,0.16000000,1
1505517504,21513378,219.03,0.16000000,1
1505517503,21513373,219.03,0.16000000,1
1505517502,21513372,219.03,0.16000000,1
1505517501,21513370,219.03,0.16000000,1
1505517500,21513367,219.03,0.16000000,1
1505517499,21513366,219.03,0.16000000,1
1505517499,21513363,219.03,0.16000000,1
1505517498,21513361,219.03,0.16000000,1
1505517497,21513359,219.03,0.16000000,1
1505517497,21513358,219.03,0.16000000,1
1505517496,21513354,219.03,0.16000000,1
1505517495,21513353,219.03,0.16000000,1
1505517494,21513351,219.03,0.16000000,1
1505517494,21513349,219.03,0.16000000,1
1505517493,21513348,219.03,0.16000000,1
1505517492,21513347,219.03,0.16000000,1
1505517492,21513344,219.03,0.16000000,1
1505517491,21513342,219.03,0.16000000,1
1505517490,21513339,219.03,0.16000000,1
1505517489,21513335,219.03,0.16000000,1
1505517489,21513334,219.03,0.16000000,1
1505517488,21513331,219.03,0.16000000,1
1505517487,21513328,219.03,0.16000000,1
1505517486,21513327,219.03,0.16000000,1
1505517486,21513326,219.03,0.16000000,1
1505517485,21513325,219.03,0.16000000,1
1505517484,21513323,219.03,0.16000000,1
1505517484,21513322,219.03,0.16000000,1
1505517483,21513321,219.03,0.16000000,1
1505517482,21513319,219.03,0.16000000,1
1505517482,21513318,219.03,0.16000000,1
1505517481,21513316,219.03,0.16000000,1
1505517480,21513314,219.03,0.16000000,1
1505517479,21513313,219.03,0.16000000,1
1505517479,21513312,219.03,0.16000000,1
1505517478,21513311,219.03,0.16000000,1
1505517477,21513310,219.03,0.16000000,1
1505517477,21513309,219.03,0.16000000,1
1505517476,21513308,219.03,0.16000000,1
1505517475,21513307,219.03,0.16000000,1
1505517475,21513304,219.03,0.16000000,1
1505517474,21513303,219.03,0.16000000,1
1505517473,21513302,219.03,0.16000000,1
1505517473,21513300,219.03,0.16000000,1
1505517472,21513298,219.03,0.16000000,1
1505517471,21513297,219.03,0.16000000,1
1505517470,21513296,219.03,0.16000000,1
1505517470,21513294,219.03,0.16000000,1
1505517469,21513293,219.03,0.16000000,1
1505517468,21513291,219.03,0.16000000,1
1505517467,21513289,219.03,0.16000000,1
1505517467,21513288,219.03,0.16000000,1
1505517466,21513287,219.03,0.16000000,1
1505517465,21513285,219.03,0.33450000,1
1505517465,21513284,219.03,0.16000000,1
1505517465,21513283,219.03,0.16000000,1
1505517464,21513282,219.03,0.16000000,1
1505517463,21513279,219.03,0.16000000,1
1505517463,21513278,219.03,0.16000000,1
1505517462,21513276,219.03,0.16000000,1
1505517461,21513274,219.03,0.16000000,1
1505517460,21513273,219.03,0.16000000,1
1505517459,21513271,219.03,0.16000000,1
1505517459,21513270,219.03,0.16000000,1
1505517457,21513268,219.03,0.16000000,1
1505517457,21513267,219.03,0.16000000,1
1505517456,21513266,219.03,0.16000000,1
1505517455,21513264,219.03,0.16000000,1
1505517454,21513263,219.03,0.16000000,1
1505517454,21513260,219.03,0.16000000,1
1505517453,21513258,219.03,0.16000000,1
1505517452,21513256,219.03,0.16000000,1
1505517451,21513255,219.03,0.16000000,1
1505517450,21513253,219.03,0.16000000,1
1505517450,21513251,219.03,8.00000000,1
1505517449,21513250,219.03,0.16000000,1
1505517448,21513247,219.04,0.16000000,0
1505517441,21513236,219.04,0.59410922,0
1505517430,21513228,219.04,0.33450000,1
1505517430,21513227,219.04,3.01532748,1
1505517403,21513203,219.04,60.89121928,1
1505517403,21513202,219.19,1.00018249,1
1505517403,21513201,219.20,10.00000000,1
1505517403,21513200,219.21,0.44759823,1
1505517399,21513193,219.21,0.70024177,1
1505517316,21513132,219.99,0.59355786,0
1505517266,21513067,219.61,1.15352000,0
1505517253,21513048,219.61,0.09671883,0
1505517253,21513047,219.60,0.26052811,0
1505517220,21513009,219.54,0.37712832,0
1505517220,21513008,219.54,0.05847632,0
1505517219,21513006,219.49,0.55987494,0
1505517214,21512992,219.49,0.13693350,0
1505517210,21512979,219.49,0.00219161,0
1505517209,21512977,219.36,0.00216251,0
1505517209,21512975,219.34,0.47741837,0
1505517209,21512974,219.33,0.46639887,0
1505517194,21512947,219.04,8.49109752,1
1505517193,21512946,219.32,0.68082113,0
1505517193,21512945,219.20,0.00305352,0
1505517193,21512944,219.12,0.50000000,0
1505517192,21512943,219.04,0.70078524,1
1505517189,21512938,219.04,0.50000000,1
1505517188,21512937,219.04,0.70078524,1
1505517185,21512926,219.04,0.70078524,1
1505517177,21512905,219.34,0.22240838,0
1505517176,21512903,219.33,0.47365600,0
1505517166,21512864,219.33,0.02634400,0
1505517162,21512846,219.28,0.50000000,1
1505517162,21512840,219.28,0.19717180,1
1505517147,21512784,219.28,0.70001824,1
1505517145,21512780,219.28,0.70001824,1
1505517144,21512772,219.31,0.29740010,1
1505517144,21512771,219.31,0.40032717,1
1505517144,21512770,219.31,0.69772727,1
1505517144,21512768,219.32,0.69772727,1
1505517144,21512767,219.32,0.21387727,1
1505517143,21512765,219.32,0.48385000,1
1505517143,21512764,219.34,0.00167499,1
1505517143,21512762,219.34,0.00214899,1
1505517143,21512761,219.34,0.00103803,1
1505517143,21512760,219.34,0.68991021,1
1505517129,21512733,219.54,0.05628570,1
1505517129,21512731,219.60,0.08969958,1
1505517129,21512730,219.60,0.44761629,1
1505517129,21512729,219.60,0.10214224,1
1505517128,21512727,219.60,0.05735064,1
1505517128,21512726,219.60,0.69683647,1
1505517128,21512725,219.61,0.08968961,1
1505517128,21512724,219.61,0.69700278,1
1505517128,21512723,219.61,0.24180889,1
1505517128,21512721,219.61,0.45535267,1
1505517127,21512718,219.62,0.00054888,1
1505517127,21512713,219.62,1.09771175,1
1505517123,21512703,219.64,0.10000000,0
1505517104,21512627,219.63,0.46159018,1
1505517103,21512626,219.63,0.30928000,1
1505517098,21512609,219.64,0.14112913,1
1505517093,21512602,219.64,0.69887087,1
1505517066,21512559,220.00,1.51476400,1
1505517049,21512531,220.00,0.69890269,1
1505517049,21512528,220.00,1.27193000,0
1505517049,21512527,219.66,0.51440312,0
1505517046,21512526,219.65,1.09811406,0
1505517046,21512525,219.63,0.00409558,0
1505517033,21512470,219.66,0.18426393,1
1505517033,21512469,219.66,0.32820000,1
1505517033,21512468,219.66,0.69778524,1
1505517033,21512467,219.74,0.00104253,1
1505517033,21512466,219.74,0.69535525,1
1505517033,21512465,219.80,0.69734216,1
1505517032,21512464,219.85,0.00220139,1
1505517032,21512463,219.85,0.18611016,1
1505517032,21512462,219.85,0.14658109,1
1505517032,21512461,219.85,0.36100000,1
1505517032,21512460,219.86,0.00135305,1
1505517032,21512459,219.86,0.69435035,1
1505517032,21512458,219.87,0.00279728,1
1505517032,21512457,219.87,0.00215324,1
1505517032,21512456,219.87,0.69103678,1
1505517032,21512454,219.90,1.00000000,1
1505517031,21512453,220.00,0.18440455,1
1505517029,21512441,220.00,1.73564692,1
1505517029,21512439,220.00,0.09001306,1
1505517029,21512436,220.00,9.32295102,1
1505517025,21512426,220.00,0.18440500,1
1505517022,21512415,220.00,0.29740010,1
1505517022,21512414,220.07,0.40032717,1
1505517019,21512376,220.06,0.69772727,1
1505517016,21512374,220.94,0.28435679,1
1505517016,21512373,220.23,0.69371936,0
1505517016,21512371,220.23,0.00305646,0
1505517015,21512369,220.22,0.31189017,0
1505517015,21512368,220.22,0.69500773,0
1505517015,21512367,220.22,0.00167499,0
1505517015,21512366,220.18,0.00349697,0
1505517015,21512365,220.16,0.00217832,0
1505517014,21512364,220.13,1.16036964,0
1505517014,21512363,220.05,0.00214899,0
1505517013,21512362,220.04,0.69760043,1
1505517012,21512358,220.04,0.50000000,0
1505516994,21512339,220.00,13.08783220,1
1505516994,21512338,220.00,2.00000000,1
1505516994,21512336,220.00,0.58993080,1
1505516986,21512330,220.00,0.41160454,1
1505516986,21512328,220.00,0.08839546,1
1505516983,21512314,220.01,0.09827343,1
1505516982,21512311,220.01,0.04177349,1
1505516968,21512297,220.00,0.69772727,1
1505516966,21512295,220.00,0.21387727,1
1505516966,21512294,220.00,0.48385000,1
1505516963,21512292,220.14,0.00066039,1
1505516963,21512291,220.14,0.00000044,1
1505516963,21512290,220.14,0.69444400,1
1505516956,21512276,220.28,0.00012412,1
1505516954,21512265,220.28,0.69523113,1
1505516954,21512263,220.28,0.00006577,1
1505516953,21512260,220.86,3.30153099,0
1505516943,21512248,220.28,6.93034492,1
1505516941,21512242,220.28,10.02593800,1
1505516940,21512240,220.28,14.55792300,1
1505516940,21512233,220.28,11.01222100,1
1505516939,21512227,220.32,0.58835504,1
1505516939,21512219,220.32,0.11054508,1
1505516938,21512216,220.32,0.30241615,1
1505516931,21512191,221.68,0.02110983,0
1505516931,21512189,221.27,0.56000000,0
1505516931,21512187,220.83,0.00066039,0
1505516931,21512185,220.73,0.00103803,0
1505516931,21512184,220.64,0.00135305,0
1505516930,21512183,220.60,0.00307750,0
1505516930,21512181,220.58,0.00220139,0
1505516930,21512180,220.55,0.00279728,0
1505516930,21512179,220.42,0.00104253,0
1505516925,21512150,220.29,0.53731587,0
1505516919,21512119,220.29,0.10214224,1
1505516919,21512118,220.29,0.05735064,1
1505516918,21512115,220.41,0.50000000,0
1505516917,21512106,220.29,0.50000000,0
1505516915,21512087,220.28,12.21721802,1
1505516915,21512085,220.37,0.00134561,1
1505516914,21512084,220.37,0.69300459,1
1505516914,21512083,220.37,0.69541815,1
1505516914,21512081,220.40,0.33438670,1
1505516914,21512077,220.40,0.36100000,1
1505516914,21512074,220.41,0.69762693,1
1505516890,21512023,220.81,0.35948528,0
1505516890,21512022,220.75,0.16051472,0
1505516889,21512012,220.75,0.55884900,1
1505516889,21512009,220.75,0.13547000,1
1505516888,21512007,220.80,0.44872055,1
1505516888,21512005,220.80,0.08320473,1
1505516888,21512004,220.80,0.16051427,1
1505516888,21512002,220.81,0.36245205,1
1505516888,21512001,220.81,0.33030000,1
1505516888,21512000,220.82,0.19293968,1
1505516887,21511999,220.82,0.50000000,1
1505516883,21511995,220.84,0.04000000,0
1505516883,21511993,221.27,0.27922651,1
1505516882,21511991,221.07,0.00134561,0
1505516882,21511989,220.85,0.00166225,0
1505516868,21511958,221.28,0.54861695,1
1505516868,21511957,221.29,1.74145405,1
1505516860,21511942,221.29,1.47730629,1
1505516860,21511941,221.30,1.63399971,1
1505516859,21511940,221.30,3.06600029,1
1505516859,21511939,221.30,1.19385450,1
1505516859,21511938,221.30,1.00241721,1
1505516859,21511937,221.32,0.94000000,1
1505516859,21511935,221.33,0.33300000,1
1505516858,21511934,221.34,0.36100000,1
1505516845,21511922,222.19,3.27804406,0
1505516845,21511921,221.64,0.33370000,0
1505516839,21511915,221.63,1.19208555,0
1505516839,21511912,221.30,1.67116691,0
1505516837,21511909,221.29,0.33402378,1
1505516834,21511904,221.30,0.87698081,0
1505516831,21511897,221.29,0.36000000,1
1505516831,21511892,221.30,0.33057228,0
1505516819,21511884,221.63,0.36000000,0
1505516818,21511882,221.63,0.04075340,1
1505516818,21511881,221.63,1.07898500,1
1505516818,21511880,221.63,0.02748160,1
1505516818,21511879,221.63,1.07251840,1
1505516817,21511878,221.63,0.11951336,1
1505516817,21511875,221.64,0.33370000,1
1505516809,21511849,222.15,0.33233800,0
1505516806,21511836,221.64,8.66253600,1
1505516805,21511835,221.64,1.14746400,0
1505516765,21511781,221.95,2.34646000,0
1505516765,21511780,221.95,0.55000000,0
1505516757,21511774,221.78,0.80881400,0
1505516728,21511745,221.95,0.34241946,1
1505516728,21511743,221.79,0.75966417,0
1505516726,21511740,221.78,1.14644060,0
1505516721,21511727,222.15,0.00003822,1
1505516721,21511726,221.79,8.37045715,1
1505516719,21511725,221.79,0.35497532,0
1505516715,21511722,221.79,0.16502468,0
1505516715,21511721,221.66,0.36100000,0
1505516715,21511720,221.45,1.00018060,0
1505516710,21511711,221.46,0.19259572,0
1505516710,21511710,221.45,0.80382178,0
1505516697,21511697,221.47,0.80382178,0
1505516697,21511696,221.47,0.14626000,0
1505516696,21511692,221.47,1.00004514,0
1505516683,21511679,221.48,1.00018060,0
1505516682,21511677,221.30,1.35090026,1
1505516682,21511675,221.47,0.17519960,1
1505516681,21511668,221.47,0.18580040,1
1505516681,21511667,221.49,1.00018060,1
1505516681,21511665,221.51,0.33270000,1
1505516680,21511661,221.52,0.45298187,1
1505516644,21511623,222.19,1.96973126,0
1505516644,21511622,221.57,0.45536888,0
1505516644,21511621,221.56,0.50000000,0
1505516633,21511608,222.17,0.68484044,0
1505516633,21511606,221.76,0.26334176,0
1505516626,21511596,221.47,1.49141319,0
1505516625,21511590,221.47,4.45000000,0
1505516625,21511587,221.47,4.45000000,0
1505516603,21511557,221.47,0.90000000,0
1505516562,21511509,221.58,0.69059112,0
1505516531,21511478,221.61,0.46337900,0
1505516527,21511476,221.29,0.69365990,1
1505516525,21511466,221.52,0.67450972,0
1505516524,21511465,221.51,0.19000000,0
1505516524,21511464,221.51,0.33934021,0
1505516524,21511462,221.51,0.58536743,0
1505516524,21511459,221.44,0.00215324,0
1505516521,21511456,221.51,0.00000031,1
1505516521,21511455,221.51,0.19529205,1
1505516520,21511453,221.52,1.12000000,0
1505516518,21511451,221.51,0.50000000,1
1505516515,21511449,221.53,0.57184000,1
1505516515,21511447,221.53,0.63995486,1
1505516514,21511445,221.52,0.36000000,0
1505516513,21511443,221.76,0.00040000,0
1505516513,21511442,221.53,0.57184000,0
1505516511,21511438,221.52,0.50000000,1
1505516508,21511435,221.52,0.69293968,1
1505516507,21511433,221.52,0.50000000,1
1505516505,21511427,221.75,0.36000000,1
1505516504,21511421,221.93,0.59286662,1
1505516503,21511416,221.93,0.09197382,1
1505516503,21511413,222.13,3.36086223,1
1505516503,21511411,222.14,0.99716395,1
1505516501,21511408,222.13,0.93672653,0
1505516497,21511400,222.13,0.06048319,1
1505516453,21511360,222.22,0.14444000,0
1505516452,21511358,222.13,0.14848003,1
1505516452,21511356,222.21,1.00152000,1
1505516452,21511355,222.22,0.99711997,1
1505516440,21511325,222.51,0.02695781,0
1505516433,21511302,222.57,2.10796603,0
1505516391,21511233,222.57,2.16530384,0
1505516391,21511232,222.56,0.99555516,0
1505516391,21511231,222.55,0.33030000,0
1505516391,21511230,222.55,1.00000000,0
1505516373,21511213,222.13,0.69103678,1
1505516372,21511212,222.13,5.54635900,0
1505516371,21511211,222.13,0.45364100,0
1505516298,21511127,221.95,1.00000000,1
1505516293,21511118,221.95,1.00000000,1
1505516287,21511110,221.93,0.00448954,1
1505516287,21511109,222.74,0.99551046,1
1505516283,21511107,221.94,1.00000000,1
1505516268,21511094,221.68,0.44872055,0
1505516268,21511093,221.68,0.24371900,1
1505516267,21511092,222.76,1.53222002,0
1505516267,21511091,222.72,0.68932998,0
1505516266,21511083,222.68,6.13100000,1
1505516232,21511029,221.58,0.69275205,1
1505516231,21511025,221.58,0.36245205,1
1505516231,21511024,221.58,0.33030000,1
1505516226,21511018,222.31,0.24372416,0
1505516217,21511012,222.15,0.44238600,0
1505516215,21511007,222.79,0.11776435,0
1505516215,21511006,222.34,0.08063965,0
1505516215,21511005,222.32,0.36100000,0
1505516177,21510911,222.25,0.24916035,0
1505516176,21510909,222.22,0.00000031,0
1505516176,21510908,222.19,0.29984034,0
1505516175,21510898,222.22,0.69529205,0
1505516175,21510896,222.20,0.54861695,0
1505516169,21510885,221.28,0.18611016,0
1505516168,21510884,221.27,0.50000000,0
1505516167,21510882,221.20,0.69394213,1
1505516165,21510876,221.29,0.36100000,1
1505516156,21510863,222.20,0.14658109,0
1505516156,21510862,222.17,0.08636191,0
1505516155,21510861,222.18,0.33438670,0
1505516133,21510837,222.21,0.27725719,0
1505516133,21510836,222.21,0.50000000,0
1505516124,21510818,221.10,0.33438670,0
1505516123,21510817,221.10,0.36100000,1
1505516115,21510806,221.09,0.69541815,1
1505516109,21510799,221.12,0.69535525,1
1505516107,21510798,221.11,0.69535525,1
1505516091,21510784,221.49,0.67020000,1
1505516091,21510783,221.50,0.32980000,1
1505516073,21510763,222.43,2.38304319,0
1505516068,21510761,221.44,0.00261910,1
1505516068,21510760,221.45,0.99738090,1
1505516066,21510755,221.44,0.69435035,1
1505516064,21510750,221.72,1.14127000,0
1505516063,21510748,221.42,0.69438171,1
1505516063,21510747,221.76,1.00000000,1
1505516062,21510744,221.97,0.05338463,0
1505516062,21510743,221.97,0.30662037,0
1505516061,21510742,221.96,0.69337963,0
1505516060,21510739,221.74,0.69443856,1
1505516059,21510735,221.74,0.00000044,0
1505516058,21510720,221.74,0.69444400,0
1505516057,21510718,221.73,0.33000000,0
1505516052,21510701,221.12,0.99887092,0
1505516051,21510700,221.07,6.31630076,0
1505516051,21510699,221.10,2.54242924,1
1505516051,21510697,221.12,1.14127000,0
1505516034,21510664,221.11,0.69535525,1
1505516033,21510660,221.78,0.36000000,0
1505516033,21510658,222.25,0.03960905,1
1505516032,21510657,222.25,0.29039095,1
1505516032,21510656,222.25,0.84507905,1
1505516031,21510650,222.25,0.15370610,1
1505516030,21510643,221.10,0.11323005,1
1505516030,21510642,221.43,0.20132242,1
1505516029,21510640,221.44,0.00401709,1
1505516029,21510638,222.24,1.58403789,1
1505516028,21510629,222.24,0.38461538,1
1505516026,21510620,222.24,0.99887092,1
1505516026,21510618,221.97,0.28741481,0
1505516026,21510617,221.95,0.32850000,0
1505516025,21510616,221.94,0.54000000,0
1505516025,21510615,221.89,1.87656100,0
1505516025,21510612,221.44,0.06202101,1
1505516022,21510603,221.44,0.55884900,0
1505516020,21510594,221.44,0.13547000,1
1505516001,21510574,221.43,0.00117419,1
1505516001,21510573,221.43,0.99882581,1
1505515975,21510555,221.40,1.00000000,1
1505515971,21510542,221.39,1.00000000,1
1505515961,21510538,221.17,1.56576600,0
1505515960,21510537,221.17,0.32850000,1
1505515960,21510536,221.38,0.90000000,1
1505515951,21510530,221.97,0.27345000,0
1505515951,21510529,221.49,0.53000000,0
1505515950,21510528,221.38,4.45000000,0
1505515950,21510527,221.38,0.33255000,0
1505515946,21510526,221.38,0.80300000,0
1505515936,21510512,221.39,0.36099500,0
1505515933,21510506,221.26,0.99958818,0
1505515933,21510505,221.20,0.00004482,0
1505515932,21510501,221.20,1.56572700,0
1505515920,21510480,221.20,3.60000000,0
1505515887,21510471,221.20,3.60000000,0
1505515844,21510460,221.28,0.99959328,0
1505515842,21510459,221.29,5.05776193,1
1505515838,21510455,221.29,0.13767533,0
1505515775,21510435,221.16,0.85680000,1
1505515768,21510427,221.13,0.50000000,0
1505515715,21510389,221.10,0.95047510,1
1505515710,21510376,221.10,0.32934929,1
1505515703,21510364,221.10,0.59296632,1
1505515703,21510361,221.10,0.47155000,1
1505515659,21510284,221.24,0.49999500,0
1505515610,21510261,221.30,0.20000000,0
1505515585,21510250,221.30,1.00595900,0
1505515561,21510203,221.30,2.92083145,0
1505515560,21510202,221.30,4.45000000,0
1505515559,21510200,221.30,4.45000000,0
1505515559,21510196,221.30,4.45000000,0
1505515535,21510188,221.35,1.32595300,0
1505515528,21510187,221.35,0.19000000,0
1505515413,21510110,221.07,1.75717476,0
1505515413,21510108,221.07,0.23000000,0
1505515412,21510104,221.20,0.36100000,1
1505515412,21510102,221.30,1.51595858,1
1505515411,21510100,221.31,1.13555000,1
1505515289,21509979,221.15,0.39423300,1
1505515289,21509978,221.81,1.31004012,1
1505515285,21509971,221.96,0.43088844,0
1505515284,21509969,221.92,0.69300459,0
1505515284,21509968,221.80,0.49307632,0
1505515283,21509963,221.79,0.08080000,1
1505515282,21509961,221.79,0.50000000,0
1505515282,21509960,221.79,0.50000000,0
1505515263,21509929,221.11,1.00000000,1
1505515232,21509904,221.06,0.82809500,1
1505515206,21509869,221.82,3.06256182,1
1505515206,21509867,221.81,0.31012184,0
1505515205,21509864,221.80,1.00000000,0
1505515184,21509846,221.26,1.00000000,1
1505515165,21509835,221.87,4.44999500,0
1505515124,21509801,221.18,1.00000000,1
1505515056,21509757,221.91,0.31012184,1
1505515054,21509756,221.91,0.32820000,1
1505515052,21509753,221.90,0.36000000,1
1505514978,21509697,220.65,1.40492765,1
1505514978,21509696,221.72,0.39953860,1
1505514977,21509692,221.72,0.00250000,0
1505514976,21509691,221.72,0.49750000,0
1505514971,21509686,220.63,0.36866805,1
1505514971,21509684,220.65,0.32820000,1
1505514970,21509683,220.64,0.69683647,0
1505514968,21509675,221.25,0.69272358,1
1505514967,21509674,221.30,0.20249661,1
1505514962,21509669,221.36,3.78913273,0
1505514962,21509667,221.35,0.50000000,0
1505514959,21509661,221.36,0.93000000,0
1505514958,21509660,221.70,0.36000000,1
1505514958,21509657,221.97,0.12019491,1
1505514958,21509656,221.98,1.33777236,1
1505514957,21509651,221.98,2.06222764,0
1505514957,21509649,221.97,0.26980509,1
1505514957,21509648,221.97,0.66000000,1
1505514956,21509646,221.97,0.00019491,1
1505514953,21509635,221.97,0.38980509,1
1505514952,21509631,221.98,0.41692810,0
1505514950,21509629,221.98,1.42143436,0
1505514949,21509624,221.95,0.65333000,1
1505514949,21509623,221.97,0.39000000,1
1505514948,21509621,221.97,1.72842015,0
1505514948,21509618,221.97,0.39000000,0
1505514947,21509614,221.97,0.39000000,0
1505514946,21509610,221.97,0.39000000,0
1505514945,21509605,221.97,0.39000000,0
1505514944,21509601,221.97,0.06320000,0
1505514944,21509600,221.96,0.32680000,0
1505514943,21509598,221.95,0.39492900,1
1505514939,21509592,221.95,0.69272358,1
1505514938,21509588,221.95,0.50000000,1
1505514919,21509573,221.33,1.43830479,1
1505514903,21509560,221.91,10.00000000,0
1505514894,21509552,221.29,0.00000005,0
1505514894,21509551,221.26,0.41277968,0
1505514893,21509550,221.28,0.08722032,1
1505514893,21509549,221.28,0.24277968,1
1505514893,21509548,221.28,0.25722032,1
1505514892,21509547,221.28,0.42597968,0
1505514892,21509546,221.27,0.32680000,0
1505514891,21509545,221.01,1.00000000,1
1505514845,21509473,221.01,0.79942900,1
1505514844,21509468,221.01,0.88867500,1
1505514844,21509465,221.02,0.32680000,1
1505514825,21509443,221.00,0.27157985,1
1505514825,21509442,221.01,0.42495815,1
1505514813,21509410,220.48,0.69734216,1
1505514809,21509394,221.29,4.25526900,0
1505514809,21509392,221.29,1.00000000,0
1505514807,21509384,221.28,0.50000000,0
1505514784,21509326,221.13,0.24000000,1
1505514751,21509301,221.13,2.18993352,1
1505514750,21509300,221.27,0.10486594,1
1505514750,21509298,221.13,0.50000000,0
1505514748,21509296,221.13,0.39698106,0
1505514746,21509293,221.13,2.59930207,1
1505514746,21509292,221.12,0.69762693,0
1505514716,21509250,220.31,0.25788025,1
1505514716,21509249,220.31,0.44000000,1
1505514712,21509248,221.08,0.74762410,1
1505514701,21509237,221.27,0.59743000,1
1505514699,21509232,221.27,2.62518319,0
1505514699,21509231,221.07,0.68675081,0
1505514678,21509199,221.29,1.27872000,0
1505514675,21509191,221.28,3.24791600,0
1505514669,21509181,221.29,6.41157532,0
1505514669,21509180,221.27,0.95047509,0
1505514661,21509159,221.00,3.96000000,0
1505514658,21509154,220.97,1.13485000,0
1505514647,21509127,220.29,1.55980000,1
1505514638,21509109,220.98,0.86775188,0
1505514624,21509069,221.03,5.51476989,0
1505514623,21509067,221.04,1.59743011,0
1505514622,21509060,220.28,7.70487849,1
1505514622,21509059,220.29,1.32549981,1
1505514622,21509058,220.29,0.44907115,1
1505514620,21509054,220.29,0.37542904,1
1505514611,21509019,221.06,4.44678333,0
1505514611,21509017,221.06,0.22700001,1
1505514611,21509015,221.06,0.32590000,1
1505514610,21509008,220.28,3.68941985,1
1505514609,21509006,220.28,3.12182670,1
1505514609,21509004,220.28,4.89572099,1
1505514605,21508984,220.28,0.84444326,1
1505514604,21508979,220.30,3.90059010,1
1505514604,21508977,220.32,14.07465759,1
1505514599,21508951,220.32,2.94433398,1
1505514594,21508938,220.32,0.20110117,1
1505514581,21508920,220.32,2.30000000,1
1505514571,21508883,221.22,0.15372000,0
1505514566,21508872,220.32,2.27289900,1
1505514566,21508871,220.33,50.00000000,1
1505514566,21508870,220.34,24.65010100,1
1505514564,21508866,220.34,8.26357541,1
1505514559,21508852,220.34,0.19910139,1
1505514558,21508848,220.34,0.26000000,1
1505514557,21508841,220.34,3.08749576,1
1505514546,21508797,220.34,4.53314000,1
1505514538,21508781,220.34,3.33064300,1
1505514534,21508756,220.34,0.69778524,1
1505514533,21508749,220.34,4.56299606,1
1505514532,21508748,220.56,0.69478964,1
1505514532,21508744,220.67,0.69456993,1
1505514532,21508743,220.94,0.69253637,1
1505514532,21508742,221.27,8.02612300,1
1505514529,21508726,221.27,0.54387700,1
1505514528,21508708,221.29,20.05443563,1
1505514527,21508707,221.29,0.95047509,1
1505514527,21508702,221.29,1.19220500,1
1505514523,21508672,221.33,10.91496006,1
1505514523,21508667,221.34,0.15367272,1
1505514522,21508662,221.34,1.13485000,1
1505514522,21508659,221.78,0.84550229,1
1505514521,21508653,221.78,0.15359591,1
1505514505,21508552,222.62,0.41523119,0
1505514504,21508549,221.77,1.13266000,0
1505514493,21508494,221.79,0.53000000,0
1505514493,21508493,221.78,0.50000000,0
1505514487,21508443,221.30,1.86410000,1
1505514486,21508441,221.31,0.32590000,1
1505514485,21508434,222.50,0.10000000,0
1505514485,21508432,221.79,0.55000000,0
1505514484,21508429,221.38,0.50000000,1
1505514474,21508366,221.29,0.69478964,1
1505514473,21508355,221.29,27.10809464,1
1505514473,21508353,221.31,0.69250517,1
1505514473,21508351,221.33,16.42461019,1
1505514466,21508323,221.33,1.00000000,1
1505514461,21508312,221.77,0.32404600,0
1505514454,21508279,221.33,2.85282638,1
1505514453,21508278,221.34,3.42000000,1
1505514453,21508277,221.38,1.13266000,1
1505514453,21508275,221.39,1.00230362,1
1505514447,21508258,222.00,0.74430905,0
1505514446,21508256,222.00,0.63644658,0
1505514446,21508255,222.00,0.95047508,0
1505514440,21508224,221.37,1.55340000,1
1505514435,21508194,222.23,3.40519268,0
1505514433,21508186,222.00,0.95047508,0
1505514425,21508132,221.33,29.72256343,1
1505514425,21508130,221.34,26.73589635,1
1505514425,21508129,221.83,0.50230100,1
1505514425,21508127,222.00,0.58266222,1
1505514424,21508121,222.00,2.13272272,0
1505514423,21508117,222.00,2.03314321,0
1505514423,21508116,221.83,0.50230679,0
1505514423,21508114,221.82,1.13041000,0
1505514422,21508112,221.82,0.50000000,0
1505514420,21508102,221.34,14.43886969,1
1505514419,21508100,221.35,0.46000000,1
1505514419,21508098,221.40,3.08170731,1
1505514410,21508041,221.37,1.11000000,1
1505514401,21507973,221.35,0.10000000,1
1505514399,21507951,221.99,0.41047000,1
1505514398,21507946,221.99,0.54000000,1
1505514398,21507943,222.00,1.61258798,0
1505514398,21507942,221.99,0.95047508,0
1505514397,21507941,221.98,0.50000000,0
1505514397,21507932,221.36,1.47530930,0
1505514397,21507930,221.36,2.87036451,0
1505514396,21507924,221.36,1.13041000,1
1505514396,21507923,221.36,0.00001215,1
1505514396,21507921,221.36,1.00284604,1
1505514384,21507858,221.38,4.41580000,0
1505514381,21507845,222.00,1.44299800,0
1505514379,21507839,222.00,3.66138550,0
1505514378,21507837,222.00,1.55821450,0
1505514378,21507836,221.99,0.53000000,1
1505514377,21507825,221.99,1.12721000,0
1505514377,21507818,221.99,0.50000000,0
1505514376,21507817,221.99,0.50000000,0
1505514376,21507815,221.88,0.10596440,0
1505514360,21507776,221.99,0.99752241,0
1505514358,21507772,221.34,4.57078200,1
1505514357,21507771,221.34,26.20753477,1
1505514357,21507770,221.35,1.12721000,1
1505514357,21507769,221.36,0.92180159,1
1505514357,21507768,221.37,0.19005364,1
1505514348,21507741,222.00,0.34931800,0
1505514347,21507736,221.93,0.52169681,0
1505514347,21507731,221.93,0.02830319,0
1505514347,21507729,221.80,1.12502481,0
1505514346,21507725,221.79,0.91999096,0
1505514344,21507713,221.80,5.98717519,0
1505514344,21507711,221.78,1.12502481,0
1505514342,21507704,221.34,0.42900300,1
1505514340,21507697,221.34,0.63340904,1
1505514340,21507695,221.35,0.91999096,1
1505514323,21507646,221.79,2.70168532,0
1505514323,21507645,221.79,4.45000000,0
1505514323,21507644,221.35,0.35775468,0
1505514319,21507630,221.34,0.35759804,1
1505514319,21507622,221.34,0.92006734,1
1505514316,21507613,221.34,4.45000000,1
1505514315,21507610,221.34,11.80020813,1
1505514315,21507607,221.34,3.58281003,1
1505514314,21507606,221.35,0.86718997,1
1505514314,21507604,221.35,4.45000000,1
1505514311,21507599,221.34,1.08721000,1
1505514310,21507594,221.34,4.78661161,1
1505514310,21507592,221.36,26.33623439,1
1505514309,21507585,221.80,0.38780000,0
1505514306,21507575,221.36,1.75355684,1
1505514306,21507573,221.37,0.25406516,1
1505514303,21507560,221.36,1.64755600,1
1505514301,21507556,221.36,1.63168734,1
1505514301,21507555,221.37,0.68962866,1
1505514294,21507522,221.37,0.87755266,1
1505514294,21507520,221.85,1.08721000,1
1505514293,21507519,221.86,0.92006734,1
1505514292,21507510,221.86,0.58236663,1
1505514292,21507509,221.89,0.50514337,1
1505514286,21507494,221.88,1.50243400,1
1505514245,21507383,222.23,0.08841519,0
1505514245,21507382,222.22,0.50000000,0
1505514244,21507380,222.22,0.46358181,0
1505514240,21507361,222.22,0.03641819,0
1505514240,21507360,222.22,0.50000000,0
1505514238,21507345,221.76,0.50708522,1
1505514237,21507343,221.76,0.38771478,1
1505514226,21507318,221.72,10.56943204,1
1505514226,21507317,221.73,1.51108618,1
1505514226,21507315,221.74,0.89483178,1
1505514224,21507309,222.23,0.03377000,0
1505514193,21507237,221.67,1.54990000,1
1505514148,21507163,222.23,0.96317000,0
1505514148,21507162,222.23,0.50000000,0
1505514148,21507160,222.22,0.16000000,0
1505514132,21507143,222.24,0.39283800,0
1505514104,21507126,221.36,18.63096543,1
1505514104,21507125,221.36,48.86638181,1
1505514104,21507123,221.38,1.00234890,1
1505514104,21507122,221.80,0.31009186,1
1505514103,21507121,221.95,0.18821200,1
1505514102,21507118,221.95,0.93495800,1
1505514092,21507111,222.30,2.89403560,0
1505514092,21507110,222.28,0.10596440,0
1505514072,21507073,222.26,0.21903560,0
1505514072,21507072,221.91,0.49999981,0
1505514069,21507065,221.45,19.34000000,0
1505514045,21507039,221.90,0.46198300,0
1505514026,21507029,221.90,11.33986992,1
1505514026,21507028,221.90,0.50000000,0
1505514026,21507027,221.89,0.00068708,0
1505514017,21507022,221.89,1.12277292,0
1505514013,21507017,221.37,1.61596484,0
1505514011,21507014,221.38,0.53403516,1
1505513995,21506996,221.36,0.69456993,1
1505513993,21506995,221.36,0.43904826,1
1505513993,21506994,221.37,2.03000000,1
1505513993,21506993,221.45,0.62104150,1
1505513993,21506992,221.45,0.07105843,1
1505513993,21506991,221.46,0.59489628,1
1505513993,21506990,221.46,0.09720365,1
1505513993,21506989,221.66,0.45114139,1
1505513993,21506988,221.68,1.06289412,1
1505513993,21506987,221.75,2.42001559,1
1505513992,21506986,221.80,12.19892521,1
1505513991,21506982,221.80,5.84177479,1
1505513990,21506980,221.80,18.04070000,1
1505513990,21506978,221.81,17.31988221,1
1505513979,21506958,221.91,1.01844600,0
1505513979,21506957,221.90,0.50000000,0
1505513971,21506945,221.81,0.16109971,1
1505513970,21506944,221.82,0.32500000,1
1505513953,21506923,221.91,0.03145419,0
1505513951,21506920,221.81,0.55855455,1
1505513947,21506913,222.43,0.49997752,0
1505513947,21506912,222.43,18.80294924,0
1505513945,21506908,222.42,0.50000000,0
1505513941,21506902,221.81,0.00116353,1
1505513941,21506901,222.00,50.44134020,1
1505513941,21506900,222.02,0.04947985,1
1505513941,21506899,222.03,2.37662142,1
1505513938,21506895,222.02,0.95047511,0
1505513937,21506894,222.00,0.55865980,1
1505513937,21506893,222.00,0.90000000,1
1505513937,21506892,222.01,10.25344020,1
1505513936,21506887,222.01,0.53716800,1
1505513936,21506886,222.01,0.95047511,1
1505513935,21506879,222.01,0.50000000,1
1505513932,21506869,222.01,0.92958840,1
1505513931,21506865,222.01,0.92973510,1
1505513930,21506862,222.01,0.50000000,1
1505513925,21506841,222.46,2.36228946,0
1505513925,21506839,222.45,0.35800000,0
1505513924,21506836,222.01,11.13177000,1
1505513924,21506835,222.01,1.10113092,1
1505513924,21506832,222.02,0.38458580,1
1505513880,21506681,222.02,0.34547989,1
1505513873,21506636,222.01,0.34530205,1
1505513872,21506617,222.01,0.34547000,1
1505513860,21506540,222.01,0.69253637,1
1505513856,21506519,222.02,0.69250517,0
1505513854,21506511,222.01,10.28565647,1
1505513854,21506505,222.01,27.06422304,1
1505513854,21506501,222.09,0.68884408,1
1505513853,21506500,222.12,0.85000000,1
1505513853,21506498,222.81,0.68946188,1
1505513853,21506496,222.99,0.35800000,1
1505513853,21506492,223.02,8.95435387,0
1505513852,21506487,223.02,0.08998966,1
1505513851,21506484,223.02,0.17654071,1
1505513851,21506483,223.19,16.29665929,1
1505513851,21506478,223.19,12.33369700,1
1505513850,21506476,223.19,0.33261400,1
1505513850,21506472,223.19,4.67529200,1
1505513849,21506466,223.19,11.75850000,1
1505513846,21506461,223.19,2.18453493,1
1505513836,21506431,223.19,0.61089573,1
1505513836,21506430,223.19,2.38843738,1
1505513832,21506421,223.19,4.45000000,1
1505513831,21506418,223.19,4.45000000,1
1505513831,21506414,223.19,4.45000000,1
1505513830,21506410,223.19,4.53533151,1
1505513823,21506388,223.20,0.53545700,1
1505513822,21506384,223.20,2.89486135,1
1505513819,21506372,223.20,1.19051000,1
1505513807,21506352,223.19,28.74738553,1
1505513806,21506349,223.19,10.70000000,1
1505513805,21506340,223.20,1.19164336,1
1505513804,21506323,223.20,0.36096690,1
1505513804,21506320,223.20,1.12347666,1
1505513802,21506313,223.20,1.49324388,1
1505513802,21506310,223.20,0.38182512,1
1505513802,21506302,223.20,0.68884408,1
1505513800,21506295,223.20,0.57886945,1
1505513800,21506293,223.35,0.49773666,1
1505513799,21506287,223.20,0.34886276,1
1505513799,21506285,223.27,0.03632724,1
1505513799,21506284,223.38,1.12346000,1
1505513793,21506262,223.96,0.03632724,1
1505513792,21506259,223.96,0.18634645,0
1505513779,21506231,223.39,5.08429057,0
1505513763,21506194,223.38,0.18634645,1
1505513668,21506111,223.33,1.00816000,1
1505513636,21506072,223.73,2.24100000,0
1505513617,21506063,223.06,1.73069000,1
1505513615,21506059,223.80,0.10461469,0
1505513615,21506058,223.79,1.28656331,0
1505513609,21506056,223.73,0.12231000,0
1505513609,21506055,223.73,2.70000000,0
1505513607,21506049,223.72,1.00446429,0
1505513607,21506048,223.72,1.00861338,0
1505513592,21506040,223.16,0.03217422,0
1505513587,21506034,223.02,0.73503900,1
1505513587,21506033,223.03,0.12231000,1
1505513586,21506032,224.15,1.81766674,1
1505513586,21506031,224.14,0.67000000,0
1505513585,21506029,224.00,3.03585934,0
1505513585,21506027,223.80,3.00000000,0
1505513585,21506025,223.79,3.33000000,0
1505513584,21506023,223.53,0.68946188,0
1505513584,21506022,223.53,4.63682200,1
1505513584,21506021,223.48,1.00050000,0
1505513583,21506018,223.43,0.43950376,1
1505513582,21506017,223.43,0.67986373,1
1505513567,21506009,223.49,10.31441434,0
1505513567,21506008,223.20,0.68477547,0
1505513567,21506007,223.19,1.00081019,0
1505513562,21506002,223.18,0.71820124,0
1505513553,21505987,223.01,1.00050000,1
1505513551,21505977,223.52,0.68784774,0
1505513547,21505971,223.00,0.84965000,1
1505513541,21505961,223.00,1.93744382,1
1505513541,21505960,223.01,0.99704049,1
1505513539,21505953,222.90,0.00000804,0
1505513538,21505952,222.81,1.32702844,0
1505513538,21505951,222.81,0.68787317,0
1505513538,21505950,222.55,2.56565613,0
1505513538,21505949,222.54,0.61856483,0
1505513537,21505948,222.54,0.26112045,0
1505513519,21505904,222.54,0.24538340,0
1505513498,21505862,222.15,0.59489628,0
1505513498,21505860,222.14,0.26617000,0
1505513491,21505849,222.14,0.09183000,1
1505513455,21505782,222.15,0.09720365,0
1505513454,21505779,222.15,0.62104150,0
1505513454,21505778,222.14,0.32530000,0
1505513438,21505698,222.13,0.50000000,0
1505513438,21505696,222.03,0.59010000,0
1505513432,21505689,222.03,0.58980293,1
1505513430,21505684,222.03,0.38380349,1
1505513429,21505680,222.03,0.55360056,1
1505513416,21505664,222.01,9.43350434,1
1505513416,21505661,222.12,10.56649566,1
1505513414,21505653,222.12,0.46006656,1
1505513413,21505645,222.15,0.07105843,1
1505513412,21505640,222.15,5.92894157,1
1505513412,21505636,222.22,0.68974025,1
1505513411,21505635,222.23,1.33000000,1
1505513411,21505630,222.33,0.14270905,1
1505513411,21505629,222.43,0.36326950,1
1505513410,21505628,222.52,0.94300196,1
1505513410,21505626,222.56,0.52153845,1
1505513410,21505625,222.56,0.16715135,1
1505513409,21505620,222.57,6.40599059,1
1505513409,21505619,222.57,2.95765728,1
1505513408,21505617,222.57,0.50000000,1
1505513405,21505601,222.57,3.18234272,0
1505513404,21505594,222.58,0.66339426,1
1505513403,21505583,222.73,0.68785790,1
1505513401,21505578,222.84,0.26099404,1
1505513401,21505576,222.84,0.42683309,1
1505513397,21505554,222.90,0.35800000,1
1505513395,21505550,222.91,0.68974025,1
1505513388,21505531,223.13,0.27440558,1
1505513387,21505522,223.13,0.04849442,1
1505513383,21505510,223.24,0.62289000,1
1505513383,21505508,223.63,0.50087198,1
1505513374,21505482,223.62,0.78780968,1
1505513374,21505476,224.00,2.90029642,1
1505513372,21505474,224.00,0.43694326,1
1505513372,21505472,224.00,6.66276032,1
1505513354,21505426,224.06,0.43297052,0
1505513346,21505401,224.08,0.06305674,0
1505513342,21505388,223.29,0.33725900,0
1505513341,21505384,223.61,0.89574010,0
1505513341,21505382,223.62,3.44391765,0
1505513339,21505376,224.11,0.26347911,1
1505513338,21505373,224.11,0.21302327,1
1505513337,21505368,224.11,0.52126657,1
1505513335,21505362,223.97,1.12289000,0
1505513326,21505347,223.25,0.49999845,1
1505513326,21505346,223.25,0.00000155,1
1505513325,21505342,223.25,0.52153845,0
1505513324,21505341,223.25,0.16715135,1
1505513318,21505325,224.00,0.62289000,0
1505513318,21505324,223.98,0.50000000,0
1505513309,21505313,223.80,3.65181319,0
1505513308,21505311,223.80,7.50000000,1
1505513308,21505310,223.98,0.00001874,1
1505513308,21505308,223.98,1.00732208,1
1505513308,21505306,223.99,0.32530000,1
1505513308,21505304,223.99,0.68354599,1
1505513305,21505296,224.54,2.22544658,1
1505513305,21505294,224.54,0.00000442,1
1505513300,21505265,224.54,0.22247175,1
1505513300,21505264,224.62,0.73206825,1
1505513300,21505263,224.63,8.82000000,0
1505513300,21505262,224.63,0.18914300,0
1505513296,21505256,224.63,0.73206825,1
1505513295,21505252,224.62,0.72432000,1
1505513289,21505241,224.80,0.00008226,1
1505513279,21505227,224.89,0.43950376,0
1505513278,21505226,224.89,0.24147600,0
1505513269,21505218,224.89,3.13415447,0
1505513232,21505175,224.90,4.56690987,0
1505513221,21505152,224.80,0.27134600,1
1505513188,21505106,224.90,0.04000000,0
1505513178,21505086,224.90,1.48000000,0
1505513146,21505044,224.90,0.38740000,0
1505513094,21504968,224.90,0.92543000,0
1505513066,21504931,224.90,3.87992600,0
1505513060,21504921,224.90,0.17741218,0
1505513048,21504906,225.12,1.09438400,0
1505513024,21504870,225.00,14.46528869,0
1505513023,21504869,224.99,1.61910731,0
1505513021,21504867,224.99,0.05053558,0
1505513001,21504852,225.00,22.75773333,0
1505513001,21504850,224.99,2.65000000,0
1505513001,21504848,224.99,1.41000000,0
1505513001,21504847,224.99,0.69771948,0
1505513000,21504843,224.72,0.10519845,0
1505512998,21504840,224.72,0.21890155,0
1505512998,21504837,224.70,0.22235844,0
1505512996,21504834,224.67,0.00000001,0
1505512992,21504827,224.67,7.09567900,0
1505512977,21504783,224.54,0.84909400,0
1505512970,21504776,224.09,0.44108209,1
1505512969,21504774,224.54,0.27108600,0
1505512870,21504696,224.09,0.00252966,1
1505512870,21504695,224.16,0.32410000,1
1505512868,21504691,224.22,0.53337034,1
1505512846,21504660,224.22,0.58680966,1
1505512775,21504567,224.30,0.61448995,1
1505512773,21504565,224.30,1.62871294,1
1505512773,21504560,224.30,1.62699773,1
1505512771,21504559,224.20,0.80938743,1
1505512769,21504555,224.21,7.09567901,1
1505512764,21504545,224.18,0.99282781,1
1505512742,21504507,224.98,1.33035711,0
1505512731,21504497,224.99,0.02213432,0
1505512720,21504490,225.09,9.70834936,0
1505512720,21504489,224.80,0.32290000,0
1505512720,21504488,224.07,0.36326950,0
1505512716,21504480,224.07,0.32290000,0
1505512710,21504418,224.99,1.34608000,1
1505512708,21504411,225.00,1.42867000,1
1505512708,21504410,224.99,4.41812000,1
1505512707,21504409,224.99,4.41812000,1
1505512707,21504407,224.99,11.14986886,1
1505512706,21504406,225.10,3.01129822,0
1505512706,21504405,225.03,1.93230383,0
1505512706,21504404,225.00,0.33934442,0
1505512705,21504403,225.00,0.10000000,0
1505512705,21504402,225.00,0.40000000,0
1505512705,21504401,225.00,4.00000000,0
1505512705,21504400,225.00,0.68354599,1
1505512705,21504399,224.95,0.68350754,0
1505512704,21504393,224.93,2.35000000,0
1505512687,21504370,224.94,4.12010283,0
1505512687,21504369,224.94,2.19259966,0
1505512687,21504368,224.93,2.80000000,0
1505512668,21504350,224.94,2.92475593,0
1505512668,21504348,224.85,9.98913873,0
1505512668,21504347,224.84,3.32000000,0
1505512668,21504346,224.76,0.50000000,0
1505512668,21504345,224.73,3.26610534,0
1505512617,21504304,224.84,0.45393991,0
1505512617,21504303,224.84,0.16818751,0
1505512607,21504287,224.82,0.88000000,0
1505512607,21504286,224.40,1.24280000,0
1505512607,21504285,224.39,0.84686277,0
1505512607,21504284,224.38,0.16818751,0
1505512603,21504278,224.39,0.44108209,0
1505512602,21504277,224.39,3.09205514,0
1505512602,21504276,224.09,0.16818751,0
1505512601,21504275,224.08,1.11912980,0
1505512597,21504271,224.38,1.00126000,0
1505512592,21504265,224.10,1.12062804,0
1505512574,21504248,223.00,0.17408509,1
1505512574,21504247,223.50,0.50000000,1
1505512573,21504246,223.61,1.32591491,0
1505512572,21504244,223.61,2.00000000,1
1505512569,21504239,223.55,2.03048089,1
1505512569,21504238,223.56,0.16818751,1
1505512514,21504183,223.51,1.00000000,1
1505512514,21504181,223.52,2.00000000,1
1505512504,21504165,224.19,4.00441590,0
1505512478,21504127,223.51,1.16820223,1
1505512462,21504111,223.51,0.38140000,1
1505512456,21504106,223.51,1.18934146,1
1505512440,21504092,223.51,1.55105631,1
1505512438,21504091,223.59,0.85648000,0
1505512438,21504090,223.58,0.26000000,0
1505512436,21504086,223.61,0.15723805,1
1505512419,21504061,223.59,1.11680000,1
1505512397,21504057,223.53,0.26099404,0
1505512397,21504056,223.52,0.42056328,1
1505512395,21504054,223.52,0.42056328,0
1505512386,21504047,223.51,5.71000000,1
1505512356,21504025,223.51,1.11704196,0
1505512354,21504023,223.06,2.00000000,1
1505512347,21503996,223.02,5.71457200,0
1505512346,21503995,223.02,1.27000000,1
1505512346,21503994,223.02,6.34000000,1
1505512345,21503993,223.05,3.90339008,1
1505512328,21503968,222.98,6.38965104,1
1505512324,21503960,223.52,0.00638441,1
1505512324,21503959,223.52,0.68785790,1
1505512321,21503954,223.52,0.42694769,1
1505512318,21503951,223.14,3.97972428,1
1505512318,21503949,223.48,0.68577163,1
1505512318,21503948,223.53,0.42683309,0
1505512315,21503936,224.16,0.68350754,0
1505512310,21503933,224.16,0.22247502,0
1505512303,21503922,224.19,0.10352826,0
1505512301,21503916,224.19,6.00000000,0
1505512298,21503911,224.19,0.68196869,0
1505512294,21503907,224.20,0.68259751,0
1505512293,21503905,224.36,37.08548760,0
1505512293,21503904,224.23,0.68567962,0
1505512292,21503903,224.23,0.00000130,0
1505512292,21503901,224.21,0.13644043,0
1505512292,21503899,224.20,0.68577163,1
1505512290,21503894,224.20,7.09573084,0
1505512285,21503887,223.46,0.13644043,1
1505512274,21503875,223.44,0.56339567,1
1505512274,21503874,223.45,1.49349759,1
1505512263,21503856,223.42,0.38631708,0
1505512263,21503854,223.39,0.38099592,0
1505512261,21503850,223.30,1.12181000,0
1505512250,21503836,223.30,0.19108822,0
1505512218,21503814,223.31,1.00126000,0
1505512213,21503809,223.03,0.00001512,1
1505512212,21503806,223.03,1.12179488,1
1505512204,21503796,223.02,11.77720000,1
1505512193,21503777,223.02,11.04143124,0
1505512192,21503772,223.02,0.72375268,0
1505512192,21503771,223.01,1.13000000,0
1505512191,21503767,223.02,4.99148058,0
1505512177,21503738,223.08,0.20118343,0
1505512172,21503727,222.54,0.00054414,0
1505512172,21503726,222.54,0.10828386,0
1505512168,21503716,222.52,0.00382289,0
1505512168,21503714,222.52,0.76075454,0
1505512166,21503710,222.52,4.87127033,0
1505512152,21503618,221.66,2.42000000,0
1505512147,21503599,221.66,0.80000000,0
1505512131,21503557,221.66,2.31381559,0
1505512131,21503556,221.64,7.05150000,0
1505512131,21503555,221.64,6.95640000,0
1505512131,21503554,221.64,0.49677441,0
1505512122,21503536,221.64,0.72008663,0
1505512121,21503534,221.64,1.25940000,0
1505512111,21503495,221.64,0.03013896,0
1505512110,21503492,221.64,4.45000000,0
1505512107,21503479,221.25,1.12994000,1
1505512106,21503472,221.61,1.55694992,0
1505512105,21503465,221.61,2.88455008,0
1505512104,21503464,221.61,4.44150000,0
1505512104,21503463,221.61,4.44150000,0
1505512104,21503461,221.61,3.43902904,0
1505512104,21503460,221.57,0.09541900,0
1505512103,21503454,221.23,3.26000000,1
1505512102,21503452,221.23,0.36000000,1
1505512102,21503448,221.23,0.50000000,0
1505512098,21503421,221.23,4.45000000,0
1505512057,21503336,221.37,0.50000000,0
1505512056,21503335,221.36,0.32314013,0
1505512056,21503334,221.36,0.14713500,0
1505512056,21503333,221.35,4.45000000,0
1505512020,21503241,221.61,0.36000000,0
1505512020,21503240,221.61,0.64247096,0
1505512020,21503239,221.60,1.90752904,0
1505512020,21503238,221.60,1.90000000,1
1505512020,21503237,221.60,0.63397096,1
1505512020,21503236,221.59,0.49596904,0
1505512020,21503235,221.59,0.68622106,0
1505512019,21503233,222.25,0.71780990,1
1505512018,21503232,222.23,0.36000000,0
1505512017,21503231,221.60,1.90000000,0
1505512017,21503230,221.58,1.90000000,0
1505512017,21503229,221.58,1.13962810,0
1505512017,21503228,221.58,1.47037190,0
1505512017,21503227,221.57,0.87207697,0
1505512016,21503226,221.57,1.02792303,0
1505512016,21503225,220.34,0.41516214,0
1505512016,21503224,221.52,0.08483786,0
1505512015,21503223,221.30,0.05000000,0
1505512015,21503222,220.32,0.48007464,0
1505512015,21503221,220.32,28.20700826,1
1505512014,21503219,221.52,0.07840459,1
1505512014,21503218,221.76,0.71000000,1
1505512014,21503216,221.76,0.71000000,1
1505512014,21503214,221.76,1.13000000,1
1505512013,21503211,221.76,1.89152077,1
1505512013,21503209,221.76,0.00844252,1
1505512012,21503208,222.25,2.60155748,1
1505512011,21503206,222.25,0.61491250,0
1505512011,21503204,222.25,0.07840459,0
1505512011,21503202,222.24,0.36000000,0
1505512010,21503201,221.76,0.71000000,1
1505512009,21503189,221.76,0.71000000,1
1505512009,21503178,221.76,0.42003671,0
1505512009,21503173,221.58,0.71000000,0
1505512007,21503148,221.76,0.71000000,1
1505512001,21503124,221.23,0.70199068,1
1505512001,21503122,219.02,0.44579173,1
1505512000,21503120,219.02,24.32969938,1
1505512000,21503119,219.61,0.24170918,1
1505512000,21503117,219.61,0.45769490,1
1505512000,21503116,220.00,0.45200000,1
1505512000,21503115,220.00,0.10000000,1
1505512000,21503114,220.00,4.45000000,0
1505511999,21503112,220.16,0.69614235,1
1505511999,21503111,220.55,0.86198141,1
1505511999,21503110,220.55,4.45000000,0
1505511999,21503109,220.80,2.00000000,1
1505511998,21503108,220.80,0.94575737,1
1505511998,21503106,221.00,2.24965486,1
1505511998,21503104,221.23,4.45000000,1
1505511998,21503103,221.23,0.69253637,1
1505511997,21503102,221.76,0.10000000,0
1505511996,21503098,221.77,0.36000000,1
1505511978,21503051,222.00,0.00566090,1
1505511978,21503050,222.00,0.24569086,1
1505511977,21503037,222.00,5.38449600,1
1505511976,21503030,222.00,1.16400100,1
1505511976,21503029,222.00,9.71064800,1
1505511976,21503028,222.00,0.82364865,1
1505511968,21502993,222.30,0.68292454,0
1505511968,21502992,222.30,4.25747132,0
1505511967,21502985,222.00,2.66585459,1
1505511967,21502983,222.01,10.34171541,1
1505511964,21502966,222.01,0.20405798,1
1505511955,21502933,222.01,19.41000000,1
1505511948,21502911,222.01,0.69292700,1
1505511946,21502909,222.01,2.57184551,1
1505511914,21502835,222.01,0.09673336,1
1505511898,21502781,222.01,0.80000000,1
1505511884,21502719,222.01,0.69253637,1
1505511880,21502713,222.01,45.27143357,1
1505511880,21502712,222.02,4.04000000,1
1505511878,21502704,222.61,0.68856643,1
1505511871,21502683,222.76,0.49930771,1
1505511871,21502681,222.76,0.18828458,1
1505511870,21502672,222.76,0.00048110,1
1505511870,21502671,222.81,0.00217828,1
1505511869,21502670,222.81,0.68567962,1
1505511862,21502651,223.00,2.25293215,1
1505511856,21502644,223.00,1.74706785,1
1505511856,21502643,223.00,0.11701877,1
1505511856,21502642,223.00,0.85360401,1
1505511854,21502637,223.00,1.06648095,1
1505511854,21502636,223.29,0.04539200,1
1505511844,21502610,223.29,1.45899900,1
1505511839,21502603,223.29,2.43849200,1
1505511839,21502600,223.29,2.94241700,1
1505511838,21502599,223.30,3.90210496,1
1505511838,21502597,223.30,0.11789504,1
1505511838,21502595,223.30,2.77816796,1
1505511838,21502594,223.30,1.44823400,1
1505511838,21502593,223.30,1.58873900,1
1505511838,21502592,223.30,1.07015904,1
1505511837,21502590,223.39,0.58112796,1
1505511837,21502589,223.39,2.09557700,1
1505511829,21502577,223.39,4.20859504,1
1505511829,21502576,223.39,13.98110000,1
1505511829,21502574,223.40,4.45000000,1
1505511829,21502572,223.41,18.38442196,1
1505511827,21502569,223.41,1.32567804,1
1505511827,21502568,223.42,1.28964800,1
1505511818,21502560,223.42,18.42045200,1
1505511818,21502559,223.42,8.48827000,1
1505511809,21502546,223.42,7.20143400,1
1505511807,21502542,223.42,4.02039600,1
1505511804,21502539,223.51,4.50037500,1
1505511798,21502532,223.51,13.62420000,1
1505511762,21502506,223.51,1.58552500,1
1505511762,21502505,223.51,7.20635100,1
1505511757,21502499,224.18,0.05227941,1
1505511757,21502498,224.02,0.40567380,0
1505511755,21502496,223.77,0.54000000,0
1505511736,21502488,224.02,0.35154558,0
1505511735,21502486,223.65,0.64971442,0
1505511723,21502466,223.65,0.00038500,0
1505511723,21502465,223.63,0.55000000,0
1505511699,21502452,223.51,12.50374900,1
1505511692,21502447,223.52,0.11505987,1
1505511692,21502446,223.52,0.53476552,1
1505511681,21502429,223.52,0.00217828,1
1505511681,21502424,223.53,0.00000130,0
1505511678,21502412,223.52,19.17315620,1
1505511678,21502410,223.52,3.32684380,1
1505511677,21502406,223.52,3.88365933,1
1505511676,21502402,223.52,12.49959687,1
1505511676,21502399,223.52,18.60245212,1
1505511673,21502391,223.52,0.88645307,1
1505511672,21502386,223.53,0.93964000,1
1505511672,21502385,223.53,1.01000000,1
1505511672,21502384,223.53,0.01631401,1
1505511667,21502369,223.53,1.08422308,1
1505511666,21502358,223.53,3.92946291,1
1505511656,21502346,223.99,0.93770000,0
1505511656,21502345,223.98,0.19119000,0
1505511644,21502340,223.52,0.10000000,1
1505511643,21502339,223.54,0.10000000,1
1505511633,21502325,223.53,0.32047616,1
1505511629,21502324,224.07,0.52612725,0
1505511627,21502320,223.52,0.12119481,1
1505511622,21502312,223.53,1.46000000,1
1505511617,21502310,224.00,0.45000000,1
1505511617,21502309,224.00,48.49373525,1
1505511615,21502306,224.00,2.03965200,1
1505511612,21502304,224.00,2.66106799,1
1505511612,21502302,224.01,0.23168426,1
1505511612,21502300,224.01,1.41808236,1
1505511612,21502298,224.01,0.65023338,1
1505511610,21502297,224.02,2.09624146,1
1505511607,21502296,224.02,0.03343541,1
1505511585,21502271,224.50,0.75721938,1
1505511584,21502268,224.77,0.13311385,0
1505511580,21502261,224.02,1.69100878,1
1505511580,21502260,224.20,0.11055842,1
1505511577,21502258,224.20,7.20000000,1
1505511570,21502251,224.20,1.01000000,1
1505511557,21502230,224.20,14.88363216,1
1505511557,21502229,224.21,7.09573084,1
1505511532,21502200,224.89,0.03014807,0
1505511529,21502198,224.89,0.25000000,0
1505511519,21502186,224.92,12.32236085,1
1505511519,21502184,224.92,7.05546238,0
1505511496,21502170,224.10,0.20866840,1
1505511496,21502169,224.13,0.00001375,1
1505511495,21502167,224.13,0.13438625,1
1505511487,21502144,224.97,0.04026846,0
1505511460,21502127,224.13,0.83860000,1
1505511448,21502116,224.98,0.96931329,0
1505511426,21502091,224.10,1.99000000,1
1505511424,21502086,224.31,1.18172400,1
1505511424,21502085,224.32,1.12441000,1
1505511424,21502083,224.50,0.20000000,1
1505511416,21502069,224.72,0.26633143,0
1505511414,21502066,225.00,33.66728087,1
1505511412,21502062,225.00,27.50406000,1
1505511411,21502060,225.00,0.10000000,1
1505511411,21502059,225.00,3.01000000,1
1505511409,21502056,225.00,4.75726571,1
1505511409,21502055,225.00,1.35498542,1
1505511405,21502042,225.00,1.14614253,1
1505511403,21502035,225.00,0.02492204,1
1505511402,21502031,225.00,0.37761498,1
1505511390,21502017,225.00,0.44579173,0
1505511388,21502015,224.32,0.77412479,1
1505511378,21501999,224.32,0.31820000,1
1505511377,21501998,225.00,2.51381680,1
1505511377,21501994,225.00,0.37853329,1
1505511375,21501993,225.00,0.32252772,1
1505511374,21501987,225.00,0.37854300,1
1505511366,21501965,225.00,0.29023852,1
1505511353,21501939,224.29,8.75570400,1
1505511290,21501770,224.05,26.71092000,1
1505511289,21501765,225.03,0.67984280,0
1505511282,21501752,225.60,11.22273936,1
1505511281,21501749,225.03,0.40325245,0
1505511281,21501748,225.03,0.28000000,0
1505511281,21501747,225.01,0.67683731,0
1505511281,21501746,225.01,0.00648853,0
1505511281,21501744,225.01,0.00023709,0
1505511281,21501742,225.01,0.44543200,0
1505511280,21501740,225.01,8.73782571,1
1505511280,21501735,224.98,0.21928359,0
1505511280,21501734,224.84,4.60000000,0
1505511278,21501732,224.50,8.00000000,0
1505511261,21501683,224.00,0.00494013,1
1505511261,21501682,224.00,0.11505987,1
1505511227,21501640,223.92,1.74591100,1
1505511214,21501623,224.30,32.61003932,0
1505511213,21501622,224.30,0.22235844,0
1505511207,21501597,224.30,0.15339333,0
1505511189,21501563,224.98,0.68071641,0
1505511184,21501548,225.01,0.02874274,0
1505511184,21501547,225.01,0.52558817,0
1505511184,21501544,225.00,0.50000000,0
1505511184,21501542,225.00,0.10000000,0
1505511183,21501541,224.98,0.90000000,0
1505511183,21501538,224.35,0.00000054,0
1505511183,21501537,224.35,0.58409000,0
1505511183,21501535,224.35,0.00000736,0
1505511183,21501532,224.35,0.10123491,0
1505511181,21501507,224.32,0.00217183,0
1505511164,21501464,223.73,0.09119000,1
1505511162,21501462,224.10,3.21971567,0
1505511161,21501458,224.09,1.84870300,0
1505511157,21501443,224.26,0.67683731,1
1505511149,21501397,224.26,0.18227715,0
1505511148,21501393,224.26,0.49682323,0
1505511148,21501391,224.00,0.69191262,0
1505511143,21501380,223.75,1.73647057,0
1505511137,21501372,223.75,2.00126000,0
1505511130,21501349,223.74,4.60000000,1
1505511126,21501339,223.75,1.64191300,0
1505511125,21501337,223.75,4.62035643,0
1505511125,21501336,223.41,1.12899857,0
1505511125,21501335,223.40,4.60000000,0
1505511125,21501333,223.19,0.00000504,0
1505511124,21501331,223.01,4.52289689,0
1505511124,21501329,223.01,1.24841100,0
1505511124,21501327,223.01,1.11403000,0
1505511121,21501311,223.01,0.05309560,0
1505511120,21501299,223.01,1.06156651,0
1505511105,21501267,223.00,6.31048483,1
1505511105,21501266,223.01,1.98951517,1
1505511080,21501201,223.19,0.17908000,1
1505511054,21501121,223.18,4.62491303,0
1505511054,21501113,223.00,2.00000000,1
1505511048,21501097,223.18,1.37508643,0
1505511047,21501092,223.00,1.44705352,0
1505511046,21501090,223.00,1.21059107,0
1505511045,21501087,223.00,1.21728854,0
1505511044,21501079,223.00,1.63576162,0
1505511043,21501072,223.29,0.00000054,1
1505511030,21501005,223.79,0.17857143,0
1505511028,21500999,223.52,19.53000000,1
1505511027,21500992,224.00,0.16703385,0
1505511027,21500990,224.00,0.50000000,0
1505511026,21500985,223.80,1.00000000,0
1505511026,21500983,223.80,1.00000000,0
1505511024,21500980,223.50,0.97999996,0
1505511023,21500975,223.49,2.49859742,1
1505511022,21500969,223.49,10.00998370,1
1505511022,21500968,223.50,1.12849000,1
1505511022,21500966,223.50,0.98000000,1
1505511022,21500964,223.51,11.21000000,1
1505511015,21500942,223.49,0.70246627,0
1505511015,21500941,223.49,1.53537366,1
1505511009,21500922,223.57,0.99000000,1
1505510999,21500896,223.56,2.07884023,1
1505510994,21500877,223.58,4.84895967,1
1505510986,21500854,223.56,0.00453825,1
1505510986,21500853,223.57,0.27546175,1
1505510985,21500850,223.57,4.32446000,0
1505510985,21500847,223.57,0.27554000,0
1505510984,21500844,223.56,3.38427545,0
1505510978,21500826,223.57,3.75000000,0
1505510978,21500825,223.57,0.85000000,0
1505510973,21500813,223.60,1.76486705,0
1505510973,21500810,223.48,3.74936719,0
1505510972,21500804,223.48,0.37935100,0
1505510972,21500801,223.57,0.47128181,1
1505510971,21500796,223.57,0.16014819,0
1505510968,21500785,223.57,0.60126000,0
1505510966,21500778,223.48,0.50596347,1
1505510963,21500773,223.46,0.38727917,1
1505510960,21500761,223.45,0.49930771,1
1505510960,21500758,223.56,0.49682323,0
1505510955,21500752,223.45,1.13533565,1
1505510954,21500751,223.45,0.04151264,1
1505510950,21500742,223.42,1.03962629,0
1505510934,21500703,223.42,0.08929371,0
1505510843,21500349,223.29,0.58409000,1
1505510833,21500310,223.30,1.12892000,1
1505510832,21500309,223.57,8.77207139,0
1505510832,21500307,223.50,1.22792861,0
1505510811,21500220,223.29,0.00000736,1
1505510810,21500219,223.50,0.49681564,1
1505510804,21500178,223.50,0.26900000,1
1505510802,21500173,223.50,1.21707650,1
1505510802,21500171,223.56,0.40542428,0
1505510802,21500170,223.55,0.28000000,0
1505510801,21500160,223.50,1.21266600,1
1505510800,21500154,223.50,0.85653807,1
1505510798,21500145,223.50,0.35370879,1
1505510796,21500141,223.50,0.02812291,1
1505510796,21500140,223.50,2.25665000,1
1505510794,21500131,223.31,0.68853185,0
1505510793,21500130,223.30,0.68856643,0
1505510788,21500117,223.29,0.10123491,0
1505510786,21500110,223.30,0.17913121,0
1505510779,21500100,223.00,1.29872158,0
1505510779,21500098,223.00,0.45499664,0
1505510779,21500097,223.00,0.89431400,0
1505510779,21500096,223.00,1.09623475,0
1505510779,21500093,222.70,0.00008999,0
1505510772,21500079,222.70,0.69032351,0
1505510772,21500076,222.60,0.01269039,0
1505510760,21500036,222.60,1.45278895,0
1505510759,21500035,222.60,1.12995089,0
1505510754,21500022,222.60,1.74612667,0
1505510754,21500021,222.52,1.13287098,0
1505510695,21499794,221.90,0.90121100,1
1505510694,21499791,222.01,0.85663500,1
1505510681,21499722,222.01,0.23623500,1
1505510678,21499702,222.22,0.89802898,0
1505510650,21499564,222.00,2.99852400,1
1505510623,21499395,221.90,1.09878900,1
1505510541,21499123,221.37,0.28517233,1
1505510528,21499086,221.32,0.04000000,1
1505510492,21498957,221.59,0.08220532,0
1505510491,21498954,221.59,0.72511468,0
1505510466,21498885,221.59,1.06344000,0
1505510450,21498832,221.59,1.42979700,0
1505510444,21498824,221.59,1.00000000,0
1505510431,21498815,221.59,1.05270370,0
1505510395,21498779,221.00,8.32781606,1
1505510395,21498778,221.00,2.00000000,1
1505510382,21498767,221.03,5.00000000,1
1505510361,21498742,221.04,0.33220000,0
1505510339,21498729,221.06,2.00000000,1
1505510322,21498717,221.03,0.15000000,1
1505510174,21498557,221.87,4.36037421,0
1505510122,21498451,220.88,0.69614235,1
1505510119,21498446,221.00,0.88408635,0
1505510119,21498442,221.00,1.47436936,0
1505510118,21498438,220.85,2.48444857,0
1505510117,21498435,220.85,1.44044363,1
1505510117,21498434,221.00,0.31592760,0
1505510116,21498432,221.00,0.62886411,0
1505510116,21498431,221.00,0.85259593,0
1505510116,21498430,221.64,0.05493185,1
1505510116,21498429,221.64,0.13491635,1
1505510116,21498428,221.64,0.50256341,1
1505510115,21498427,221.99,5.15174504,1
1505510108,21498410,221.99,1.00552050,1
1505510107,21498406,221.99,1.13760869,1
1505510107,21498405,221.99,0.30413921,1
1505510107,21498403,221.99,0.21210097,1
1505510104,21498389,221.99,0.32783800,1
1505510102,21498383,222.00,1.29872158,1
1505510101,21498379,222.00,0.45499664,1
1505510088,21498359,222.00,0.89431400,1
1505510085,21498354,222.00,1.09623475,1
1505510084,21498351,222.00,2.14850300,1
1505510071,21498335,222.04,0.33220000,1
1505510063,21498318,222.03,6.05995598,1
1505510053,21498293,222.49,3.17661448,0
1505510053,21498291,222.49,1.81385700,0
1505510031,21498234,222.00,2.98193525,1
1505510030,21498228,222.00,1.80491375,1
1505510019,21498212,222.00,0.49975700,1
1505510008,21498200,222.01,1.00463900,1
1505510008,21498199,222.06,1.13491000,1
1505510005,21498194,222.03,0.80921800,1
1505509997,21498175,222.60,4.98899371,0
1505509993,21498166,222.60,2.00000000,0
1505509991,21498159,222.60,0.47928000,0
1505509981,21498128,222.60,1.41250657,0
1505509975,21498110,222.50,2.31951700,1
1505509972,21498104,222.60,0.47828986,0
1505509972,21498103,222.60,0.99928122,0
1505509965,21498082,222.60,0.69457656,0
1505509947,21498041,222.50,2.31951700,1
1505509947,21498038,222.50,0.71693481,1
1505509942,21498035,222.60,0.68853185,0
1505509940,21498033,222.50,1.78114200,1
1505509940,21498031,222.50,1.70140000,1
1505509936,21498021,222.60,7.24007187,0
1505509935,21498020,222.51,1.09971641,0
1505509935,21498019,222.50,24.00000000,0
1505509935,21498018,222.49,1.74000000,0
1505509934,21498017,222.37,0.67887437,0
1505509926,21498009,222.37,0.01254665,0
1505509926,21498006,222.36,0.05493185,0
1505509926,21498005,222.36,0.13491635,0
1505509914,21497979,222.36,0.50256341,0
1505509884,21497898,222.00,1.35733330,1
1505509883,21497895,222.00,11.73021469,0
1505509883,21497894,222.00,0.25000000,0
1505509883,21497893,222.00,2.00000000,0
1505509883,21497892,222.00,7.98554055,0
1505509882,21497890,222.00,2.01445945,0
1505509882,21497889,222.00,1.98554055,0
1505509877,21497878,222.00,0.62094594,0
1505509877,21497873,221.99,0.37724281,1
1505509856,21497790,221.99,1.98761206,1
1505509846,21497771,221.99,0.77761206,1
1505509846,21497770,221.99,1.21000000,1
1505509837,21497752,221.99,2.79000000,0
1505509824,21497728,222.00,5.39351351,0
1505509818,21497712,221.99,1.25816478,0
1505509815,21497699,221.99,0.49860360,0
1505509792,21497659,221.99,0.33813936,0
1505509762,21497627,221.98,0.69041350,0
1505509760,21497625,221.69,0.00000099,0
1505509760,21497624,221.69,0.55710000,0
1505509760,21497623,221.69,0.13644172,0
1505509760,21497620,221.59,0.92144673,0
1505509758,21497614,221.59,0.62863847,0
1505509750,21497605,221.58,0.91829413,0
1505509721,21497538,221.13,0.04700000,0
1505509704,21497509,221.58,0.13974623,0
1505509704,21497508,221.50,0.10000000,0
1505509697,21497497,221.46,0.50126000,0
1505509696,21497491,221.45,0.04140000,0
1505509669,21497433,221.49,0.49537225,0
1505509652,21497391,221.00,0.25000000,1
1505509636,21497351,221.38,0.24780920,0
1505509627,21497306,221.39,3.00865345,0
1505509622,21497255,220.82,0.04000000,1
1505509621,21497253,221.41,2.25260828,0
1505509618,21497250,221.43,2.00013548,0
1505509617,21497247,220.93,0.29000000,1
1505509604,21497193,220.84,0.25000000,1
1505509557,21496977,221.51,8.81185265,1
1505509556,21496973,221.51,1.05806296,1
1505509555,21496968,221.51,1.99956902,1
1505509555,21496958,221.51,4.54739909,1
1505509552,21496939,221.59,0.69142102,0
1505509552,21496935,221.51,0.56456213,1
1505509550,21496921,221.51,2.05825400,1
1505509548,21496913,221.59,1.50972516,0
1505509548,21496910,221.58,0.04720398,0
1505509546,21496893,221.52,0.33107178,0
1505509546,21496891,221.52,0.36300000,0
1505509545,21496876,221.51,19.66672506,0
1505509544,21496873,221.50,5.29357509,0
1505509542,21496840,220.94,1.00000000,1
1505509531,21496727,221.50,1.29863169,0
1505509531,21496726,221.50,2.23087924,0
1505509527,21496707,221.51,10.57379000,0
1505509526,21496705,221.51,2.30960867,0
1505509526,21496700,221.51,2.19035148,0
1505509526,21496698,221.50,2.05309935,0
1505509525,21496693,221.50,0.83690065,0
1505509524,21496688,221.51,8.39704600,0
1505509524,21496687,221.50,1.60295400,0
1505509523,21496685,221.50,1.03347552,0
1505509523,21496679,221.50,1.92944979,0
1505509522,21496675,221.51,0.89426567,0
1505509522,21496674,221.51,2.00818287,0
1505509521,21496670,221.51,4.75429866,0
1505509520,21496662,221.51,0.56827346,0
1505509520,21496658,221.51,4.54920929,0
1505509520,21496652,221.51,1.12119539,0
1505509515,21496625,221.49,2.59440805,0
1505509513,21496608,221.10,1.80514971,0
1505509513,21496607,221.10,1.47180000,0
1505509511,21496587,221.10,0.78367376,0
1505509508,21496559,221.10,0.58133750,0
1505509502,21496512,221.10,0.45477503,0
1505509492,21496498,221.10,8.40326400,0
1505509491,21496497,220.82,1.00000000,1
1505509486,21496482,221.00,0.14249999,0
1505509485,21496480,221.00,5.31156736,0
1505509485,21496477,221.00,0.46400529,0
1505509485,21496476,220.90,16.17691398,0
1505509485,21496475,220.82,0.31444634,0
1505509485,21496474,220.80,4.78630251,0
1505509485,21496473,220.80,3.25201448,0
1505509483,21496470,220.80,0.31444634,0
1505509483,21496468,220.80,3.24807605,0
1505509483,21496466,220.80,7.26255820,0
1505509483,21496463,220.70,0.00003237,0
1505509477,21496453,220.70,0.42356139,0
1505509468,21496422,220.70,0.71549139,0
1505509467,21496420,220.70,0.86091485,0
1505509465,21496417,220.80,8.95138309,0
1505509465,21496415,220.79,0.86102033,0
1505509464,21496414,220.78,0.18759658,0
1505509441,21496374,220.80,0.39510000,0
1505509433,21496361,220.80,1.98826992,0
1505509427,21496344,220.53,0.18759658,1
1505509427,21496342,220.54,0.86016142,1
1505509426,21496340,220.79,0.28040219,0
1505509422,21496328,220.52,6.00000000,1
1505509416,21496314,220.79,1.39310224,0
1505509416,21496313,220.56,0.92663280,0
1505509413,21496304,220.56,2.26452000,0
1505509404,21496281,220.31,0.13893428,1
1505509404,21496279,220.32,0.11106572,1
1505509400,21496268,220.56,0.81387984,0
1505509400,21496267,220.53,2.47688698,0
1505509400,21496265,220.52,1.82201516,0
1505509398,21496264,220.53,0.54794064,0
1505509396,21496260,220.53,0.12002902,0
1505509395,21496257,220.53,0.21086994,0
1505509395,21496256,220.52,0.00166350,0
1505509391,21496243,220.52,0.33103650,0
1505509389,21496235,220.52,1.31134020,0
1505509389,21496234,220.52,0.47693193,0
1505509389,21496232,220.32,0.06995085,0
1505509386,21496222,220.32,1.07369915,0
1505509385,21496219,220.31,0.69937814,1
1505509384,21496214,220.52,1.77172787,0
1505509383,21496211,220.51,0.65053415,0
1505509383,21496208,220.51,0.05946585,0
1505509383,21496204,220.32,0.24170918,0
1505509383,21496202,220.31,0.50000000,0
1505509383,21496199,220.28,1.02946360,0
1505509380,21496189,220.32,0.45769490,0
1505509380,21496187,220.31,0.50000000,0
1505509376,21496171,217.89,36.69647225,0
1505509376,21496168,218.00,0.10000000,1
1505509376,21496164,218.01,6.34700000,1
1505509375,21496162,218.01,0.51000000,0
1505509375,21496157,218.09,0.26506862,1
1505509375,21496154,218.09,3.05980025,0
1505509375,21496152,218.39,0.67957385,1
1505509374,21496148,218.50,0.50000000,1
1505509374,21496144,218.70,0.70074290,1
1505509374,21496138,218.72,10.77400000,1
1505509373,21496130,218.82,0.53000000,1
1505509373,21496129,218.82,0.33270000,0
1505509373,21496123,218.83,1.28000000,1
1505509372,21496117,219.38,1.00223357,1
1505509372,21496116,219.38,0.11026300,0
1505509372,21496112,219.47,8.59207069,1
1505509371,21496110,219.48,6.39000000,1
1505509371,21496109,219.58,50.00000000,1
1505509371,21496107,219.58,0.22995280,0
1505509370,21496105,219.71,4.84628150,1
1505509370,21496102,220.00,2.00000000,1
1505509370,21496100,220.04,1.14365000,1
1505509368,21496084,220.54,0.13610000,0
1505509349,21496037,220.52,2.08621619,0
1505509332,21495980,220.56,0.99496736,0
1505509326,21495964,220.56,0.48320265,1
1505509325,21495961,220.56,1.83173200,1
1505509310,21495919,220.56,0.49080915,1
1505509292,21495868,220.56,1.14097000,1
1505509290,21495866,220.25,0.13556161,0
1505509290,21495865,220.20,1.91772459,0
1505509287,21495861,220.21,0.45411198,0
1505509262,21495826,220.22,0.86059395,0
1505509261,21495823,220.02,0.03626943,0
1505509246,21495802,219.47,0.23101533,1
1505509246,21495801,219.48,1.31911678,1
1505509246,21495799,219.48,0.60699894,1
1505509246,21495797,219.48,0.19409294,1
1505509226,21495787,219.48,0.80590206,1
1505509226,21495786,219.53,30.19815059,1
1505509225,21495785,219.54,5.78000000,1
1505509225,21495784,219.54,11.89000000,1
1505509225,21495783,219.70,1.62000000,1
1505509225,21495782,219.70,2.97737100,1
1505509225,21495781,219.71,3.05757635,1
1505509215,21495773,220.10,0.45320309,0
1505509185,21495740,219.70,1.62262900,1
1505509075,21495582,219.72,4.49135758,1
1505508969,21495440,220.01,0.28890421,1
1505508967,21495431,220.00,3.35572658,0
1505508962,21495415,220.00,1.36437800,0
1505508961,21495409,220.00,1.36060589,0
1505508959,21495407,220.00,2.77831854,0
1505508958,21495405,220.25,1.14097000,1
1505508958,21495404,220.89,0.00000099,1
1505508936,21495380,220.99,2.15494806,0
1505508918,21495367,220.89,0.55710000,1
1505508916,21495366,220.99,15.51707326,0
1505508915,21495363,220.89,0.13644172,1
1505508888,21495325,220.99,4.60000000,0
1505508880,21495317,220.99,7.59241707,0
1505508880,21495316,220.98,2.04000000,0
1505508879,21495315,220.98,13.69605663,0
1505508877,21495312,220.98,0.61213684,0
1505508868,21495291,220.98,15.69180653,0
1505508868,21495289,220.97,2.52000000,0
1505508867,21495288,220.96,1.45936994,0
1505508867,21495287,220.95,0.50000000,0
1505508863,21495281,220.96,0.80000000,0
1505508840,21495235,220.89,2.19860564,0
1505508838,21495229,220.83,0.69625571,0
1505508795,21495164,220.55,0.04588032,1
1505508793,21495159,220.55,0.42078356,0
1505508793,21495158,220.41,0.28000000,1
1505508793,21495157,220.55,3.46000000,0
1505508792,21495156,220.41,3.45989000,1
1505508791,21495155,220.42,4.45106623,1
1505508790,21495151,220.54,1.82956445,0
1505508788,21495147,220.41,1.14011000,0
1505508788,21495145,220.38,0.32961749,0
1505508788,21495144,220.37,4.27038251,0
1505508771,21495119,220.33,0.50000000,0
1505508733,21495085,220.39,1.08189971,1
1505508727,21495078,220.34,1.78905295,0
1505508726,21495072,219.50,0.09591459,0
1505508726,21495069,219.50,0.40408541,0
1505508725,21495066,219.50,0.50000000,0
1505508723,21495062,220.38,3.73632800,0
1505508723,21495061,219.84,0.26367200,0
1505508721,21495060,219.47,4.00000000,1
1505508710,21495054,219.47,3.14000000,1
1505508703,21495042,219.86,0.29999500,1
1505508702,21495041,219.86,0.06400000,0
1505508700,21495039,219.86,0.30000000,0
1505508656,21494970,219.94,0.06892800,0
1505508634,21494948,219.92,0.50126000,0
1505508631,21494941,219.47,0.11778485,1
1505508631,21494940,219.48,0.09279519,1
1505508625,21494933,219.48,0.70720481,1
1505508624,21494932,219.50,0.69756744,1
1505508622,21494928,219.50,3.71651000,1
1505508620,21494924,219.51,0.55015690,1
1505508619,21494923,219.54,0.26353210,1
1505508617,21494915,219.54,0.10046790,1
1505508553,21494869,220.00,1.42565200,1
1505508553,21494867,220.00,18.93700000,1
1505508518,21494852,220.00,0.23000000,1
1505508497,21494838,220.00,1.35393800,1
1505508477,21494824,220.00,1.63829600,1
1505508457,21494748,220.00,1.25989000,1
1505508455,21494745,220.02,1.14011000,1
1505508413,21494690,220.00,3.44149300,1
1505508412,21494689,220.01,0.76000000,1
1505508406,21494662,220.24,1.68072393,0
1505508406,21494661,220.24,0.36400000,1
1505508405,21494657,220.10,0.22000000,0
1505508401,21494647,220.00,1.71373100,1
1505508390,21494612,219.50,4.84584018,1
1505508390,21494611,219.51,0.43866821,1
1505508389,21494608,219.51,3.60133179,1
1505508384,21494583,219.51,0.15456807,1
1505508384,21494581,219.51,0.36400000,1
1505508383,21494580,219.52,4.79262700,1
1505508378,21494557,220.21,4.85932552,0
1505508378,21494556,219.91,1.14067448,0
1505508371,21494515,219.65,0.00044467,0
1505508369,21494508,219.65,0.08848920,0
1505508359,21494439,219.50,5.00764057,1
1505508350,21494423,219.50,1.24758995,1
1505508346,21494392,219.50,1.24618457,1
1505508343,21494358,219.50,0.81736681,1
1505508340,21494334,219.50,0.39062500,1
1505508337,21494286,219.50,0.28593435,1
1505508334,21494251,219.50,0.04000000,1
1505508331,21494219,219.50,1.24071456,1
1505508330,21494213,219.51,0.39062500,1
1505508330,21494211,219.51,0.89375457,1
1505508330,21494209,219.51,0.21999000,1
1505508290,21494115,219.69,0.14400500,0
1505508290,21494113,219.69,0.21999500,0
1505508249,21494064,219.48,0.52561696,1
1505508225,21494029,219.48,0.94603371,1
1505508204,21494009,219.47,4.00000000,1
1505508183,21493995,219.48,0.80000000,1
1505508166,21493980,219.48,2.16905413,1
1505508159,21493970,219.48,1.53255450,1
1505508157,21493968,219.48,0.80000000,1
1505508152,21493962,219.48,9.78853180,1
1505508152,21493961,219.49,0.36400000,1
1505508137,21493941,219.47,4.91912913,1
1505508137,21493940,219.48,4.60000000,1
1505508122,21493927,219.48,1.15035307,1
1505508121,21493926,219.49,4.42602547,1
1505508117,21493923,220.02,0.48087087,1
1505508110,21493915,220.21,3.75123138,1
1505508107,21493911,220.02,1.85774005,1
1505508102,21493906,220.02,1.54217264,1
1505508102,21493902,220.17,0.08894176,1
1505508102,21493900,220.23,0.16391120,1
1505508101,21493897,220.23,0.89622163,1
1505508099,21493896,220.23,0.00278717,1
1505508099,21493895,220.23,0.30839283,1
1505508097,21493894,220.23,0.02420717,1
1505508068,21493841,220.78,3.97631126,0
1505508060,21493819,220.14,7.88811616,1
1505507919,21493656,220.81,0.33107178,1
1505507918,21493653,220.81,0.36300000,0
1505507916,21493645,219.74,0.07775448,1
1505507916,21493644,219.75,0.36300000,1
1505507907,21493633,220.82,4.05126347,1
1505507907,21493632,220.68,0.69671465,0
1505507906,21493631,220.62,10.00000000,0
1505507906,21493630,220.62,1.92000000,0
1505507906,21493629,220.61,8.98000000,0
1505507906,21493628,220.53,1.42000000,0
1505507905,21493626,220.52,1.13903000,0
1505507889,21493604,220.49,0.37476200,0
1505507774,21493478,219.50,0.00739789,1
1505507774,21493477,219.50,4.34279268,1
1505507774,21493476,219.50,0.28610500,0
1505507774,21493475,219.50,4.00000000,0
1505507774,21493474,219.51,2.18000000,1
1505507773,21493473,219.53,1.09573084,1
1505507773,21493472,220.00,0.46634148,1
1505507773,21493470,220.00,6.00000000,0
1505507772,21493467,220.16,1.13903000,1
1505507768,21493458,220.00,3.53365852,1
1505507768,21493457,220.00,4.54540909,1
1505507768,21493456,220.10,3.92093239,1
1505507720,21493310,220.13,6.00000000,1
1505507657,21493188,219.41,0.70074290,1
1505507653,21493173,219.41,0.12815603,1
1505507652,21493168,219.95,0.69625571,0
1505507650,21493159,220.07,0.23142100,1
1505507648,21493147,220.61,0.18290195,0
1505507647,21493145,220.60,0.39034106,0
1505507647,21493140,220.57,1.55810305,0
1505507647,21493137,220.07,0.69866746,0
1505507646,21493135,220.01,0.69883685,0
1505507646,21493134,220.00,0.99940756,0
1505507644,21493124,219.41,0.53905793,1
1505507644,21493122,219.95,1.95245360,1
1505507642,21493119,219.95,0.42913963,1
1505507637,21493104,219.95,0.14073194,1
1505507637,21493103,219.96,0.99931806,1
1505507634,21493085,219.95,1.03385916,1
1505507633,21493083,219.95,0.36400000,1
1505507633,21493081,219.95,4.23372313,0
1505507631,21493067,219.41,1.51895000,0
1505507631,21493064,219.41,1.14005000,1
1505507630,21493063,219.95,5.00059244,0
1505507630,21493059,219.94,0.99940756,0
1505507621,21492981,219.42,0.36400000,1
1505507621,21492979,219.44,0.99936201,1
1505507607,21492918,219.94,0.20405565,0
1505507590,21492899,219.30,0.50000000,1
1505507589,21492898,219.97,7.05657779,0
1505507589,21492897,219.31,2.94342221,0
1505507589,21492896,219.30,0.50000000,1
1505507587,21492891,219.31,0.99475628,0
1505507583,21492874,219.30,1.51430010,1
1505507580,21492866,219.30,0.33280000,0
1505507580,21492865,219.26,0.99899244,0
1505507560,21492846,218.87,0.38963569,0
1505507560,21492845,218.86,1.14291881,0
1505507549,21492822,218.38,0.99899244,0
1505507548,21492816,218.20,5.80234123,1
1505507548,21492815,218.24,4.00000000,1
1505507547,21492813,218.25,1.47000000,1
1505507547,21492809,218.30,0.07000000,1
1505507547,21492808,218.38,1.13668000,1
1505507546,21492806,218.39,0.33280000,1
1505507546,21492805,218.39,0.99880947,1
1505507461,21492716,218.82,1.13442119,1
1505507460,21492714,218.82,0.65009980,0
1505507460,21492713,218.81,0.10739930,0
1505507454,21492698,218.82,0.34674332,1
1505507452,21492693,218.82,0.33280000,1
1505507446,21492684,218.60,1.14066000,1
1505507428,21492674,218.21,0.90512749,1
1505507428,21492673,218.30,0.21351671,1
1505507428,21492672,218.58,0.08894176,1
1505507428,21492671,218.59,0.99675191,1
1505507407,21492638,218.30,9.78648329,1
1505507406,21492637,218.31,2.51000000,1
1505507406,21492636,218.32,0.75921926,1
1505507406,21492635,218.51,0.00000074,1
1505507406,21492634,218.54,0.33280000,1
1505507406,21492633,218.57,0.73232340,1
1505507399,21492626,218.51,0.75921926,0
1505507368,21492594,218.51,0.67950789,0
1505507367,21492589,218.13,1.98765000,0
1505507362,21492568,218.10,3.77721624,0
1505507358,21492551,218.09,0.45852630,0
1505507356,21492546,218.09,0.25004863,0
1505507354,21492532,217.89,0.50000000,1
1505507354,21492529,217.89,4.69376063,0
1505507352,21492509,217.89,3.81156300,0
1505507351,21492505,217.89,3.31102451,0
1505507351,21492498,217.89,1.29939602,0
1505507350,21492484,217.88,0.50000000,1
1505507350,21492476,217.89,0.93945752,0
1505507349,21492471,217.89,0.50020652,0
1505507349,21492470,217.89,0.53211518,0
1505507347,21492449,217.89,0.45894718,0
1505507347,21492446,217.89,1.16190139,0
1505507346,21492441,217.89,4.80127587,0
1505507344,21492434,217.89,3.08607607,0
1505507344,21492431,217.89,1.01078526,0
1505507343,21492419,217.89,1.17760733,0
1505507343,21492414,217.89,9.93803891,0
1505507343,21492412,217.88,0.84492497,0
1505507342,21492408,217.88,0.28507503,0
1505507342,21492407,217.87,0.50000000,0
1505507306,21492346,217.88,0.43283308,0
1505507305,21492345,217.88,0.36377822,0
1505507305,21492344,217.87,0.50000000,0
1505507293,21492338,217.89,1.21790811,0
1505507292,21492335,217.89,1.21633194,0
1505507291,21492334,217.89,0.61714626,0
1505507286,21492326,217.89,0.52645830,0
1505507241,21492297,218.10,3.97935829,0
1505507239,21492296,218.09,0.47431000,0
1505507221,21492282,217.64,0.60992248,1
1505507221,21492281,217.88,0.66631405,1
1505507221,21492280,217.88,0.67101817,1
1505507219,21492278,217.89,0.05274530,1
1505507191,21492247,218.10,5.94726291,0
1505507191,21492246,217.89,0.05273709,0
1505507181,21492216,217.88,0.00334831,0
1505507181,21492214,217.88,0.66631405,0
1505507141,21492084,217.63,0.69000000,1
1505507141,21492083,217.63,2.52569000,1
1505507140,21492081,217.64,0.47431000,1
1505507129,21492071,217.63,6.01862557,1
1505507127,21492068,217.90,0.47365764,0
1505507114,21492054,217.91,1.05011243,0
1505507102,21492032,217.62,0.02154384,1
1505507102,21492031,217.62,0.30000000,1
1505507102,21492030,217.62,3.59763797,1
1505507095,21492020,217.91,1.11796928,0
1505507091,21492016,217.62,0.70650675,1
1505507085,21492011,217.85,0.00002273,0
1505507084,21492007,217.62,0.29585528,1
1505507084,21492006,217.62,0.70414472,1
1505507029,21491865,217.80,0.47000000,1
1505507029,21491864,217.79,2.36000000,0
1505506989,21491830,217.84,0.55185599,0
1505506978,21491789,217.85,4.79864604,1
1505506967,21491748,218.09,2.61217872,0
1505506962,21491747,218.10,0.02717175,0
