date,tid,price,amount,type
1505520096,21517347,257.43,0.03769557,1
1505520096,21517346,257.65,0.70622000,1
1505520073,21517325,257.64,0.26413736,1
1505520073,21517323,257.64,0.00005423,1
1505520070,21517319,258.34,1.81563761,0
1505520070,21517318,258.34,0.57266239,0
1505520066,21517315,257.64,0.31004577,1
1505520064,21517306,257.63,0.74403117,1
1505520054,21517295,257.60,0.52950310,0
1505520053,21517292,257.60,0.06638199,1
1505520048,21517285,258.40,0.06617647,1
1505520038,21517282,258.81,4.71529031,0
1505520038,21517281,258.18,0.07339806,0
1505520038,21517280,257.54,0.05921309,0
1505520037,21517279,257.53,0.23000000,0
1505520017,21517256,257.38,0.00000020,0
1505519992,21517231,257.36,0.30801373,0
1505519990,21517229,257.26,0.21274312,1
1505519990,21517228,257.27,0.87649695,1
1505519987,21517225,257.37,0.22999429,0
1505519967,21517216,257.37,0.22991392,0
1505519944,21517207,257.37,0.22999500,0
1505519932,21517194,257.19,0.23000503,0
1505519931,21517173,257.19,0.25348100,0
1505519930,21517171,257.10,0.23000000,0
1505519893,21517145,256.70,1.47222551,1
1505519893,21517144,256.70,4.67339306,1
1505519879,21517138,257.19,1.66748600,0
1505519879,21517137,257.14,0.92046000,0
1505519879,21517136,257.14,0.23000000,0
1505519844,21517114,256.68,0.80287323,1
1505519843,21517113,256.70,0.05921309,1
1505519829,21517086,257.19,0.55000000,0
1505519804,21517073,257.38,0.07362660,0
1505519804,21517072,256.79,0.18413921,0
1505519804,21517071,256.78,0.26194371,0
1505519803,21517070,256.70,0.52434748,0
1505519798,21517067,256.70,0.07362680,1
1505519796,21517066,256.78,0.00027950,1
1505519790,21517064,256.79,0.41362550,1
1505519789,21517063,256.79,0.02637450,1
1505519789,21517062,256.90,2.19000000,1
1505519789,21517061,257.44,0.56000000,1
1505519788,21517060,257.50,0.59427022,1
1505519788,21517059,257.50,0.07339806,1
1505519788,21517058,257.56,2.65000000,1
1505519786,21517045,257.57,0.59426500,1
1505519693,21516994,257.63,2.68954000,1
1505519693,21516993,257.89,0.92046000,1
1505519629,21516966,257.76,1.70900000,1
1505519629,21516965,257.76,0.26000000,1
1505519586,21516938,257.62,1.81990000,1
1505519586,21516937,257.63,0.30810000,1
1505519581,21516934,258.82,0.00000024,1
1505519580,21516933,258.82,5.00000000,0
1505519580,21516932,258.80,0.21360476,0
1505519580,21516931,258.78,0.23000000,0
1505519571,21516916,258.80,0.21373304,1
1505519568,21516910,258.80,7.73000000,1
1505519568,21516907,258.42,0.59427022,0
1505519568,21516905,258.30,0.07316999,0
1505519528,21516856,258.30,0.00000073,1
1505519528,21516854,258.30,0.07317000,1
1505519516,21516835,258.43,6.02979147,0
1505519516,21516834,258.12,0.08116505,0
1505519516,21516833,257.65,0.59806748,0
1505519436,21516777,256.87,2.06599900,1
1505519416,21516765,256.78,7.54800000,1
1505519415,21516764,256.79,0.23000000,1
1505519370,21516717,256.66,0.06565064,0
1505519360,21516707,256.58,2.10946518,1
1505519359,21516706,256.65,0.22998973,1
1505519358,21516704,256.64,0.00000527,0
1505519358,21516702,256.64,0.59827200,0
1505519355,21516698,256.58,0.60052423,1
1505519339,21516688,255.86,0.06585653,0
1505519338,21516687,255.63,0.28345139,0
1505519325,21516679,255.63,0.11090600,0
1505519325,21516678,255.62,0.28344600,0
1505519324,21516676,255.61,0.06521900,0
1505519324,21516674,255.61,0.28344100,0
1505519286,21516653,255.61,0.58000000,0
1505519279,21516636,255.61,7.70600000,0
1505519229,21516605,255.62,0.22963774,0
1505519227,21516604,255.24,2.35069900,1
1505519227,21516603,255.28,0.92866000,1
1505519227,21516602,255.28,0.23000000,1
1505519217,21516601,255.27,7.73000000,1
1505519216,21516600,255.27,7.73000000,1
1505519216,21516599,255.27,7.73000000,1
1505519170,21516528,255.62,0.08741700,0
1505519170,21516527,255.60,0.51307800,0
1505519170,21516526,255.60,0.39435200,0
1505519159,21516517,255.61,3.00000000,0
1505519154,21516512,255.62,2.34722900,1
1505519152,21516506,255.63,0.20640187,0
1505519152,21516505,255.61,0.39435213,0
1505519152,21516501,255.61,7.33564787,0
1505519152,21516499,255.13,0.39425724,0
1505519152,21516497,255.09,0.00008911,0
1505519100,21516451,255.00,4.45008000,1
1505519086,21516415,255.00,4.00000000,1
1505519082,21516413,255.00,0.03890732,1
1505519077,21516403,255.01,7.73000000,1
1505519059,21516402,255.00,47.66706794,1
1505519052,21516400,255.00,75.21400000,1
1505519044,21516389,255.00,0.60196078,1
1505519043,21516384,255.00,0.49953700,1
1505519042,21516383,255.08,0.26277679,0
1505519042,21516382,255.03,0.00214003,0
1505519034,21516377,255.09,0.54033276,0
1505519030,21516375,255.09,0.53741747,1
1505519030,21516374,255.10,0.06585653,1
1505519028,21516373,255.13,0.39240000,1
1505519027,21516372,255.49,0.24825395,1
1505519027,21516371,255.49,0.35000000,1
1505519016,21516369,255.50,2.59479451,1
1505518946,21516339,255.50,1.21000000,0
1505518936,21516331,255.50,0.13026358,0
1505518935,21516329,255.50,0.47051919,1
1505518932,21516322,255.64,0.17395006,1
1505518932,21516321,255.64,0.05381336,1
1505518932,21516320,255.79,0.00000040,1
1505518932,21516319,255.79,0.01820692,1
1505518932,21516318,255.79,0.58000000,1
1505518932,21516317,255.82,0.00000040,1
1505518905,21516291,256.40,0.02000000,0
1505518736,21516220,255.82,0.59809038,1
1505518736,21516219,255.90,0.06565064,1
1505518736,21516218,256.08,0.92743000,1
1505518736,21516217,256.11,5.58700798,1
1505518642,21516145,255.94,0.59974994,1
1505518637,21516140,256.44,0.59806748,1
1505518637,21516139,256.56,0.59820732,1
1505518637,21516138,256.58,2.33170387,1
1505518637,21516137,256.78,0.26500000,1
1505518637,21516136,256.80,0.02070000,1
1505518606,21516110,257.56,0.92209000,0
1505518605,21516109,257.51,2.33000660,0
1505518605,21516108,257.50,0.59806748,0
1505518598,21516099,256.65,0.59809078,1
1505518596,21516097,257.63,0.05375925,0
1505518595,21516096,257.57,0.05726529,0
1505518595,21516095,257.54,0.05960265,0
1505518583,21516086,256.60,0.01820732,0
1505518581,21516085,256.59,0.46904773,1
1505518576,21516082,256.59,0.26500000,1
1505518574,21516080,256.58,0.24825395,0
1505518573,21516079,256.58,0.35000000,1
1505518571,21516076,256.60,0.58000000,1
1505518568,21516073,256.70,0.56379322,1
1505518557,21516061,257.07,0.26500000,1
1505518557,21516060,257.24,1.11240177,1
1505518557,21516059,257.25,0.92209000,1
1505518548,21516044,257.53,0.56379322,1
1505518546,21516040,257.53,0.59820732,0
1505518539,21516023,257.24,1.25368796,0
1505518538,21516016,257.23,1.25380187,0
1505518533,21516006,256.13,8.54872829,1
1505518532,21516005,257.27,7.73000000,0
1505518531,21516001,257.48,7.46500000,0
1505518531,21515998,257.28,0.26500000,0
1505518524,21515986,257.49,0.60000000,0
1505518524,21515985,257.49,3.20694140,0
1505518524,21515984,257.30,3.75479985,0
1505518524,21515983,255.92,0.16825875,0
1505518523,21515982,255.96,0.43153806,1
1505518523,21515980,257.29,0.60000000,0
1505518522,21515978,257.29,7.13125600,0
1505518522,21515977,256.37,0.59874400,0
1505518519,21515974,256.36,0.59797428,1
1505518519,21515973,256.70,0.05375925,1
1505518519,21515972,257.08,0.26500000,1
1505518515,21515968,257.30,0.65509785,0
1505518514,21515967,257.30,1.14000000,1
1505518514,21515966,257.30,0.43000000,1
1505518514,21515965,257.30,1.74707472,1
1505518513,21515962,257.30,4.41292528,1
1505518513,21515961,257.30,1.13615862,1
1505518510,21515959,257.29,0.43384138,0
1505518509,21515958,257.30,2.40000000,1
1505518509,21515957,257.30,1.57613291,1
1505518509,21515956,257.30,2.18386709,0
1505518508,21515953,257.30,1.57000000,1
1505518507,21515949,257.30,0.42000000,1
1505518507,21515948,257.30,1.98000000,1
1505518507,21515946,257.30,3.75390714,1
1505518506,21515943,257.30,1.57388263,1
1505518505,21515942,257.30,0.41717447,1
1505518497,21515927,257.30,1.98503576,1
1505518493,21515922,257.28,0.00000174,1
1505518492,21515921,257.28,2.58221826,1
1505518490,21515916,257.28,0.59797428,0
1505518490,21515914,257.27,4.23709600,0
1505518489,21515912,257.27,0.31271146,0
1505518477,21515844,257.30,11.38000000,0
1505518476,21515842,256.83,0.05392732,0
1505518450,21515817,255.64,0.17403746,0
1505518449,21515813,255.63,0.60047725,1
1505518448,21515812,255.64,0.05392732,0
1505518447,21515811,255.64,0.31270000,1
1505518447,21515810,256.74,0.05978898,1
1505518445,21515808,256.74,0.05978898,0
1505518445,21515806,256.29,0.04000000,0
1505518444,21515805,255.93,0.05997648,0
1505518432,21515797,255.62,7.00000000,1
1505518427,21515788,255.61,0.00001146,0
1505518423,21515785,255.60,0.00000532,0
1505518420,21515782,255.59,0.00269482,1
1505518419,21515781,255.59,0.59787640,1
1505518418,21515774,255.59,0.00300591,0
1505518416,21515770,255.59,0.59817687,0
1505518414,21515766,255.31,0.60172481,1
1505518372,21515739,255.60,0.60141300,0
1505518325,21515691,255.18,5.00000000,1
1505518294,21515627,255.14,1.88000000,1
1505518290,21515607,255.61,0.60171335,0
1505518290,21515606,255.58,0.00000565,0
1505518290,21515602,255.58,0.83075300,0
1505518274,21515549,255.10,0.04000000,1
1505518264,21515541,255.62,1.03195804,0
1505518264,21515540,255.13,0.06016516,0
1505518264,21515539,255.12,0.60328564,0
1505518250,21515526,254.38,0.00186820,0
1505518250,21515525,254.30,0.54345261,0
1505518248,21515524,254.30,0.06016516,1
1505518244,21515523,255.71,0.63964294,1
1505518243,21515521,255.71,0.14727385,1
1505518242,21515517,255.71,0.70907243,1
1505518242,21515516,255.71,0.46193644,1
1505518242,21515511,255.71,0.07450972,1
1505518241,21515508,255.71,0.31280000,1
1505518241,21515506,254.50,0.53999962,1
1505518241,21515505,254.52,0.31280000,1
1505518241,21515504,254.65,0.00201495,1
1505518240,21515503,254.65,0.59869726,1
1505518240,21515501,254.65,0.00000003,1
1505518240,21515500,254.76,0.07488414,1
1505518239,21515498,255.64,1.25980935,0
1505518236,21515492,254.76,0.00000586,0
1505518231,21515485,254.76,0.21252200,0
1505518228,21515470,254.66,0.60276447,1
1505518224,21515461,254.74,0.54239937,1
1505518223,21515460,254.74,0.05744431,1
1505518223,21515459,254.74,0.15197956,1
1505518223,21515458,254.74,0.39106801,1
1505518223,21515457,254.74,0.05726529,1
1505518223,21515456,254.76,0.39000000,1
1505518219,21515452,255.74,2.39777172,0
1505518219,21515451,254.82,0.00186176,0
1505518215,21515443,254.82,0.42072978,1
1505518215,21515442,254.82,0.17960656,1
1505518215,21515441,254.86,0.00001820,1
1505518215,21515440,254.86,0.38074144,1
1505518215,21515439,254.86,0.21892000,1
1505518215,21515438,254.87,0.60033634,1
1505518211,21515435,254.89,0.60222056,1
1505518209,21515429,255.75,5.48379405,1
1505518207,21515416,255.76,5.02778110,0
1505518206,21515411,255.78,0.42239032,0
1505518205,21515409,255.77,0.03910589,0
1505518181,21515367,254.98,0.56290800,1
1505518181,21515366,255.32,0.03910000,1
1505518171,21515362,255.85,1.53040857,0
1505518171,21515361,255.85,0.44000000,0
1505518107,21515310,255.92,0.00000249,0
1505518107,21515308,255.12,0.00482880,0
1505518107,21515306,255.05,0.07752871,0
1505518088,21515289,254.90,0.00000589,0
1505518088,21515287,254.90,0.31198497,0
1505518087,21515285,254.90,0.29020603,0
1505518083,21515274,254.89,0.00000047,0
1505518073,21515250,254.89,4.17466300,0
1505518073,21515248,254.89,0.82000000,0
1505518073,21515246,254.88,0.31160000,0
1505518040,21515164,254.89,0.48324122,1
1505518040,21515161,254.89,0.46296296,1
1505518038,21515148,254.89,1.05924616,1
1505518033,21515125,254.89,0.60222056,1
1505518030,21515116,254.89,0.38892349,1
1505518029,21515112,254.89,0.47237266,1
1505518028,21515108,254.88,0.00190785,0
1505518022,21515080,255.05,0.51418921,0
1505518021,21515072,254.90,0.07170692,1
1505518021,21515071,254.90,0.21663852,1
1505518021,21515070,254.91,0.30898922,1
1505518020,21515065,254.91,0.00261078,0
1505518018,21515041,255.05,0.04888217,1
1505518017,21515037,255.05,0.41346006,1
1505518013,21515013,255.05,0.12723599,1
1505518013,21515010,255.08,0.31197514,1
1505518013,21515009,255.08,0.28758739,1
1505518013,21515008,255.10,0.05997648,1
1505518011,21514996,255.12,0.00292453,1
1505518011,21514991,255.14,0.00077610,1
1505518010,21514988,255.14,0.21795724,1
1505518010,21514986,255.14,0.38096973,1
1505518010,21514984,255.15,0.59972650,1
1505518010,21514983,255.17,0.21893784,1
1505518010,21514981,255.17,0.38074180,1
1505518010,21514979,255.59,0.80188826,1
1505518008,21514969,255.59,1.25924200,1
1505518008,21514966,255.60,1.19940600,1
1505518008,21514965,255.60,1.19947700,1
1505518002,21514948,255.59,0.60155974,1
1505518002,21514945,255.59,1.34000000,0
1505518001,21514937,255.59,3.50523480,0
1505518000,21514935,255.59,0.22258865,0
1505518000,21514934,255.22,0.00000021,0
1505518000,21514932,255.20,0.00000026,0
1505518000,21514924,255.20,0.59960937,1
1505517999,21514922,255.20,0.00434028,1
1505517999,21514920,255.20,0.59526909,1
1505517999,21514914,255.22,0.75743006,1
1505517998,21514911,255.22,0.19218697,1
1505517998,21514909,255.22,0.40702449,1
1505517998,21514907,255.39,0.19218774,1
1505517998,21514905,255.39,0.00687248,1
1505517998,21514903,255.39,0.40010446,1
1505517997,21514901,255.39,0.00186503,1
1505517997,21514898,255.39,0.59727626,1
1505517997,21514894,255.39,0.39000000,1
1505517997,21514892,255.42,0.43789430,1
1505517996,21514889,255.58,0.22168969,0
1505517995,21514886,255.42,0.16080299,1
1505517995,21514884,255.45,0.12018006,1
1505517995,21514883,255.45,0.39022867,1
1505517995,21514882,255.45,0.08859228,1
1505517994,21514877,255.58,0.21877531,0
1505517994,21514876,255.53,0.00201495,0
1505517992,21514866,255.59,0.56092759,0
1505517991,21514860,255.59,0.38097395,1
1505517991,21514859,255.59,0.21772334,1
1505517991,21514858,255.65,0.17986451,1
1505517987,21514842,256.54,13.23911054,0
1505517983,21514833,255.61,0.38473311,0
1505517981,21514820,255.67,0.05960265,1
1505517981,21514819,255.67,0.59848721,1
1505517981,21514818,255.68,0.59844054,1
1505517981,21514817,255.69,0.17778076,1
1505517980,21514816,255.70,0.92506000,1
1505517927,21514639,256.54,0.92201621,0
1505517904,21514623,255.69,0.17960656,1
1505517900,21514620,255.69,0.03785285,1
1505517900,21514619,255.70,0.00075012,1
1505517898,21514614,255.70,0.44578086,1
1505517898,21514612,255.90,0.05978898,1
1505517898,21514611,255.91,0.05608475,1
1505517898,21514610,255.95,0.00011718,1
1505517823,21514504,255.97,0.21893784,1
1505517822,21514503,255.97,0.38074180,1
1505517821,21514497,255.97,0.00001820,0
1505517821,21514496,255.97,0.38074144,0
1505517818,21514489,255.97,0.21892000,1
1505517815,21514484,256.38,0.21882305,1
1505517815,21514482,256.38,0.92165095,1
1505517812,21514475,256.38,0.21855052,0
1505517804,21514461,255.96,0.05900702,1
1505517803,21514460,256.40,0.54069605,1
1505517803,21514458,256.39,0.38097395,0
1505517802,21514455,255.96,0.00077610,0
1505517802,21514453,255.96,0.21795724,0
1505517800,21514450,255.96,0.38096973,0
1505517798,21514443,256.39,0.21772334,1
1505517795,21514434,256.39,0.59869726,0
1505517794,21514428,256.39,0.00000003,1
1505517792,21514422,256.70,0.05960265,1
1505517791,21514419,257.50,0.00000119,1
1505517783,21514396,257.50,0.38765000,1
1505517762,21514362,257.50,18.40234600,1
1505517761,21514359,257.36,0.59646265,0
1505517760,21514358,257.31,0.08141800,0
1505517760,21514357,256.85,0.43319037,0
1505517760,21514356,256.78,0.59984368,0
1505517760,21514354,256.77,0.05744431,0
1505517760,21514353,256.76,0.59844054,0
1505517760,21514352,256.67,0.59869729,0
1505517760,21514351,256.65,0.92076000,0
1505517760,21514350,256.65,6.21464597,0
1505517760,21514349,256.64,1.10910000,0
1505517748,21514296,256.39,2.70097200,1
1505517730,21514236,255.90,0.54239937,0
1505517730,21514234,255.90,0.05744431,1
1505517724,21514219,255.71,0.39106801,1
1505517724,21514216,256.70,0.05726529,1
1505517723,21514211,255.71,0.50761522,0
1505517723,21514210,256.47,0.92078345,1
1505517723,21514209,256.48,0.92076000,1
1505517723,21514208,256.49,0.00002333,1
1505517722,21514207,256.50,0.68872000,1
1505517717,21514187,256.82,0.75132366,0
1505517717,21514185,256.51,0.08167253,0
1505517713,21514175,256.50,0.59851054,0
1505517711,21514168,256.48,0.59848721,0
1505517710,21514157,256.49,0.59646265,1
1505517709,21514156,256.49,0.59851054,0
1505517700,21514142,256.47,0.92080000,0
1505517700,21514141,255.69,0.38369782,0
1505517699,21514138,255.69,0.21663852,1
1505517696,21514130,256.46,0.15999492,0
1505517696,21514129,255.69,0.00000508,0
1505517695,21514126,255.69,0.30220980,0
1505517693,21514125,255.69,0.29812146,1
1505517691,21514121,256.48,0.32968255,0
1505517689,21514120,255.69,0.60033634,1
1505517688,21514117,255.61,0.38264942,1
1505517687,21514115,255.63,0.59839388,1
1505517687,21514114,255.90,0.08167253,1
1505517687,21514113,256.00,0.21579054,1
1505517687,21514112,256.00,0.00000063,1
1505517684,21514099,256.00,0.59960937,0
1505517681,21514093,256.00,9.21647400,1
1505517681,21514092,256.70,0.08141800,1
1505517678,21514085,256.85,0.08116505,0
1505517677,21514081,256.85,0.08091367,0
1505517674,21514068,256.00,0.00434028,1
1505517670,21514049,258.48,0.47989775,0
1505517669,21514048,258.28,0.59432317,0
1505517669,21514046,258.12,0.08116505,0
1505517669,21514044,258.10,0.59637126,0
1505517669,21514041,257.31,0.08141800,0
1505517669,21514038,256.51,0.08167253,0
1505517669,21514035,255.63,6.97783789,0
1505517668,21514029,255.64,0.00029939,1
1505517668,21514027,255.64,0.59872500,1
1505517668,21514022,255.68,0.08667269,1
1505517668,21514020,255.68,0.51176785,1
1505517667,21514018,255.90,0.08167253,1
1505517667,21514017,255.90,0.53252823,1
1505517667,21514015,255.90,0.06544605,1
1505517667,21514014,255.91,0.59795099,1
1505517666,21514011,255.93,0.39073184,1
1505517666,21514009,255.98,0.15636754,1
1505517663,21513996,255.93,0.39186896,0
1505517661,21513991,255.93,0.39000000,1
1505517661,21513990,255.93,0.00185706,1
1505517661,21513989,255.93,0.00186856,1
1505517661,21513987,255.93,0.30360661,1
1505517661,21513986,255.93,0.29052560,1
1505517661,21513985,256.02,0.00000546,1
1505517660,21513982,256.02,0.31197514,0
1505517658,21513975,256.02,0.28758739,0
1505517657,21513968,256.02,0.28773121,0
1505517654,21513956,256.02,0.20816787,1
1505517654,21513953,256.02,0.39000000,1
1505517654,21513951,256.06,0.00224523,1
1505517653,21513949,256.06,0.59533331,1
1505517653,21513947,256.11,0.00001559,1
1505517652,21513942,256.11,0.21758579,1
1505517652,21513941,256.11,0.37970499,1
1505517651,21513939,256.11,0.00001637,1
1505517651,21513938,256.12,0.83762364,1
1505517651,21513934,256.13,1.43494600,1
1505517647,21513908,256.17,0.19209090,1
1505517647,21513906,256.19,0.19814756,1
1505517636,21513875,256.20,0.56130400,1
1505517629,21513843,257.17,0.28777090,1
1505517615,21513809,256.20,0.23661798,1
1505517609,21513800,256.19,0.19218774,0
1505517609,21513797,256.19,0.00687248,0
1505517609,21513795,256.17,0.19218697,0
1505517608,21513792,256.17,0.40702449,1
1505517605,21513772,256.19,0.07080775,1
1505517604,21513769,256.19,0.12636405,1
1505517604,21513767,256.25,0.26508544,1
1505517604,21513766,256.50,0.51173273,1
1505517604,21513765,256.70,0.28777000,1
1505517603,21513761,256.50,0.08667269,1
1505517603,21513760,256.50,0.51176785,1
1505517601,21513758,256.50,4.38406800,1
1505517600,21513750,256.50,0.30686570,1
1505517600,21513748,256.50,4.79729845,1
1505517599,21513747,256.50,0.12051875,1
1505517599,21513745,256.50,0.12076480,1
1505517599,21513743,256.53,0.56000000,1
1505517599,21513742,256.70,0.08141800,1
1505517598,21513738,257.50,0.23960845,0
1505517596,21513736,256.71,0.59795099,1
1505517595,21513733,257.50,0.08116505,1
1505517582,21513678,257.74,0.04791586,0
1505517582,21513677,256.52,0.59839388,0
1505517582,21513675,256.50,0.12052580,0
1505517582,21513673,256.49,0.00029939,0
1505517580,21513666,256.49,0.59872500,0
1505517577,21513657,256.25,0.14661751,0
1505517574,21513652,256.25,0.11860050,0
1505517574,21513651,256.20,0.00186503,0
1505517572,21513642,256.50,0.47791474,0
1505517571,21513640,256.26,0.12018006,0
1505517571,21513635,256.26,0.39022867,0
1505517569,21513630,256.26,0.08859228,1
1505517569,21513629,256.28,3.24882455,0
1505517568,21513626,256.26,0.43140772,1
1505517568,21513624,256.29,0.00183545,1
1505517568,21513623,256.29,0.59252682,1
1505517568,21513621,256.31,0.59702073,1
1505517567,21513619,256.44,0.59445434,1
1505517567,21513617,256.45,0.13000000,1
1505517567,21513615,256.49,0.59781127,1
1505517567,21513614,256.50,0.00025476,1
1505517567,21513613,256.50,0.59611650,1
1505517567,21513612,256.50,0.45367196,1
1505517566,21513607,256.50,0.14281517,1
1505517566,21513605,256.52,0.45671783,1
1505517565,21513598,256.61,0.62000000,0
1505517565,21513596,256.66,0.26400000,1
1505517564,21513592,256.52,0.13935237,1
1505517564,21513590,256.52,0.59795099,1
1505517564,21513589,256.58,0.00066682,1
1505517564,21513588,256.58,0.59376450,1
1505517563,21513584,256.61,0.59764834,1
1505517563,21513582,256.62,0.41346999,1
1505517563,21513581,256.62,0.11740112,1
1505517563,21513580,256.62,0.06524272,1
1505517563,21513578,256.62,0.00000267,1
1505517563,21513576,256.63,0.55029126,1
1505517563,21513575,256.63,0.04582524,1
1505517562,21513574,256.65,0.00008649,1
1505517562,21513573,256.65,0.59779463,1
1505517562,21513570,256.65,0.39000000,1
1505517562,21513567,256.66,0.59637126,1
1505517562,21513564,256.67,0.00891190,1
1505517562,21513563,256.67,0.58866664,1
1505517561,21513562,256.68,0.59765349,1
1505517561,21513561,256.68,0.00006466,1
1505517561,21513559,256.69,0.00891221,1
1505517561,21513557,256.69,0.58718114,1
1505517561,21513556,256.69,0.59611650,1
1505517561,21513555,256.70,0.04776699,1
1505517560,21513554,256.70,0.04791586,1
1505517560,21513553,256.76,0.00184542,1
1505517560,21513551,256.76,0.30342609,1
1505517560,21513550,256.76,0.29070612,1
1505517560,21513549,256.77,0.30890000,1
1505517560,21513547,256.85,0.59247388,1
1505517558,21513545,257.09,0.23000000,0
1505517557,21513539,256.86,2.56467000,1
1505517557,21513538,256.86,7.58535400,1
1505517552,21513519,256.98,0.07261544,1
1505517551,21513514,256.97,4.33000000,0
1505517549,21513507,256.99,0.20938998,0
1505517549,21513506,256.98,0.00001559,0
1505517548,21513502,256.87,0.00224523,0
1505517548,21513498,256.87,0.59533331,1
1505517547,21513496,256.98,0.21758579,0
1505517544,21513480,256.87,0.59546900,1
1505517544,21513476,256.91,0.59563074,1
1505517544,21513475,256.95,0.00113001,1
1505517544,21513473,256.95,0.59440830,1
1505517544,21513472,256.97,0.00115285,1
1505517543,21513471,256.97,0.59433925,1
1505517543,21513467,257.00,0.00001637,1
1505517542,21513462,257.00,1.57073509,0
1505517540,21513456,257.00,2.48908791,1
1505517540,21513455,257.00,1.57073500,1
1505517534,21513445,257.11,0.07507737,1
1505517534,21513444,257.11,0.59560763,1
1505517534,21513443,257.16,0.52000000,1
1505517528,21513429,257.39,0.59528355,1
1505517518,21513407,257.47,0.59432317,0
1505517503,21513375,257.50,0.04776699,1
1505517449,21513248,257.51,0.59609335,0
1505517441,21513237,257.51,0.59410922,1
1505517432,21513230,257.58,0.02689458,0
1505517431,21513229,257.56,0.00184542,0
1505517423,21513222,257.52,0.59607020,1
1505517414,21513217,257.59,0.30890000,1
1505517408,21513207,257.76,0.26278199,0
1505517408,21513206,257.75,0.00113001,0
1505517400,21513195,258.24,0.37970499,1
1505517394,21513189,258.24,0.54109501,1
1505517333,21513146,257.95,0.00186278,0
1505517331,21513144,259.23,0.98479554,0
1505517331,21513143,257.97,6.48258660,0
1505517331,21513141,258.22,0.59252682,1
1505517330,21513140,258.23,0.26400000,1
1505517318,21513133,258.23,0.59186000,1
1505517316,21513131,258.24,0.59355786,1
1505517313,21513127,259.06,0.26400000,1
1505517312,21513126,259.06,0.91791000,1
1505517311,21513124,258.26,0.00183545,0
1505517307,21513122,258.30,0.04761905,1
1505517307,21513120,259.38,0.71797168,1
1505517306,21513119,259.38,0.19993832,0
1505517303,21513108,259.06,0.26400000,1
1505517296,21513101,259.37,4.53880900,1
1505517291,21513095,259.37,0.06000000,0
1505517281,21513086,259.25,0.23515000,0
1505517280,21513085,259.24,0.91837000,0
1505517280,21513084,259.24,2.87520000,0
1505517280,21513083,259.24,0.23000000,0
1505517274,21513079,259.25,0.91837000,0
1505517270,21513076,259.25,1.38694114,1
1505517266,21513068,259.25,2.49139360,1
1505517266,21513066,259.26,5.23860640,1
1505517266,21513065,259.26,0.30577841,1
1505517256,21513054,259.07,0.06504065,0
1505517254,21513049,259.06,0.59252682,1
1505517253,21513046,259.06,0.23000000,0
1505517245,21513039,258.37,0.59410922,1
1505517242,21513034,259.06,0.59252682,1
1505517240,21513032,259.06,11.30000000,0
1505517240,21513031,258.76,0.59321378,0
1505517239,21513028,258.36,0.59413221,1
1505517225,21513017,259.06,7.46348345,1
1505517222,21513014,259.06,1.98765000,1
1505517218,21513004,259.06,4.89846100,1
1505517217,21513001,259.06,0.59252682,1
1505517215,21512995,259.06,0.59376450,0
1505517215,21512994,259.05,0.59355786,0
1505517211,21512983,257.79,0.59546900,1
1505517209,21512978,258.61,4.11621922,1
1505517209,21512976,258.61,0.23000000,1
1505517204,21512968,258.59,0.04582524,0
1505517202,21512965,258.58,0.59362673,1
1505517201,21512964,258.58,0.59433925,1
1505517201,21512961,258.58,0.92076000,1
1505517200,21512960,258.58,0.59440830,0
1505517196,21512953,258.23,2.34577461,0
1505517196,21512952,257.50,0.55029126,0
1505517195,21512951,257.50,0.04582524,1
1505517195,21512949,258.23,0.92076000,0
1505517187,21512932,258.22,3.75694900,1
1505517187,21512931,258.23,3.37305100,1
1505517185,21512929,258.22,0.60000000,1
1505517185,21512928,258.23,6.17000000,0
1505517185,21512927,258.23,0.96000000,0
1505517185,21512925,258.22,0.59445434,1
1505517184,21512924,258.22,0.60000000,1
1505517184,21512921,258.22,0.92076000,0
1505517182,21512919,258.23,0.59560763,0
1505517182,21512918,258.22,0.59553831,0
1505517178,21512909,258.23,6.16794906,0
1505517178,21512908,258.22,0.59560763,0
1505517175,21512900,258.23,0.92076000,0
1505517174,21512899,257.71,0.59563074,1
1505517172,21512889,258.30,0.04568331,1
1505517171,21512886,258.31,7.73000000,1
1505517168,21512879,258.23,0.59727626,1
1505517168,21512875,258.23,0.59611650,0
1505517167,21512872,258.23,7.13388350,0
1505517167,21512871,258.22,0.59611650,0
1505517167,21512869,257.00,0.40010446,1
1505517166,21512867,257.00,0.19717180,1
1505517163,21512854,258.93,17.57798221,0
1505517163,21512853,258.27,0.06524272,0
1505517163,21512851,258.23,7.73000000,0
1505517163,21512850,257.51,0.00009171,0
1505517163,21512849,257.50,10.00000000,0
1505517162,21512847,257.49,0.59757854,0
1505517162,21512845,257.00,2.06835014,0
1505517162,21512843,257.00,3.33879900,0
1505517162,21512841,257.00,22.64217100,0
1505517161,21512836,257.00,1.19755500,0
1505517161,21512834,257.00,1.12761300,0
1505517160,21512832,257.00,1.27252100,0
1505517160,21512830,257.00,2.32641600,0
1505517160,21512829,257.00,3.59996400,0
1505517160,21512828,257.00,1.07351000,0
1505517159,21512826,257.00,1.03332565,0
1505517159,21512825,257.00,10.59765349,0
1505517157,21512815,257.50,0.59765349,0
1505517154,21512811,257.50,0.00006466,0
1505517154,21512810,257.49,0.59764834,0
1505517148,21512788,257.51,0.59788551,0
1505517148,21512786,257.50,0.00008649,0
1505517147,21512782,257.50,0.92332351,1
1505517146,21512781,257.51,0.06541944,0
1505517145,21512778,257.49,0.00008649,0
1505517145,21512776,257.48,0.59781127,0
1505517144,21512769,257.49,0.59779463,0
1505517139,21512758,257.51,9.15267996,0
1505517138,21512757,257.46,0.06544605,0
1505517138,21512756,257.45,0.59795099,0
1505517136,21512754,256.70,0.53252823,1
1505517136,21512753,256.70,0.06544605,1
1505517134,21512748,256.73,0.00273556,0
1505517133,21512745,257.51,0.69680844,0
1505517132,21512739,257.51,0.59158235,0
1505517130,21512736,257.51,1.24838543,0
1505517130,21512735,256.75,0.00185706,0
1505517127,21512717,257.51,0.41404495,0
1505517127,21512714,257.51,1.09771175,0
1505517127,21512712,257.51,3.28968892,0
1505517126,21512710,257.50,0.59637126,0
1505517124,21512707,257.39,0.59702073,1
1505517123,21512706,257.11,14.46398602,1
1505517123,21512702,257.51,0.23000000,0
1505517123,21512701,257.51,12.55506541,0
1505517123,21512700,257.34,0.59648713,0
1505517122,21512699,256.75,3.95000000,0
1505517122,21512698,256.75,12.89844746,0
1505517121,21512697,257.00,0.50000000,1
1505517121,21512696,257.08,0.00195217,1
1505517121,21512695,257.08,0.32951399,1
1505517121,21512694,257.08,0.26374885,1
1505517121,21512693,257.08,1.24030600,0
1505517120,21512691,257.11,0.00209210,1
1505517120,21512690,257.11,0.59300753,1
1505517120,21512689,257.15,0.00163019,1
1505517120,21512688,257.15,0.59339542,1
1505517120,21512687,257.15,0.00000481,1
1505517120,21512686,257.15,0.00270657,1
1505517119,21512685,257.15,0.59202415,1
1505517119,21512684,257.15,14.81600000,0
1505517119,21512683,257.15,1.24030600,0
1505517119,21512682,257.15,1.48385400,0
1505517119,21512679,257.20,0.59479986,1
1505517119,21512676,257.25,0.09843402,1
1505517118,21512675,257.25,0.32805062,1
1505517118,21512674,257.25,0.16836132,1
1505517118,21512672,257.25,0.52922957,1
1505517118,21512671,257.25,0.06504065,1
1505517118,21512670,257.25,14.96563700,0
1505517118,21512669,257.25,1.25415000,0
1505517118,21512668,257.25,13.40557600,0
1505517118,21512667,257.25,1.09826100,0
1505517118,21512666,257.25,6.24190100,0
1505517117,21512665,257.28,0.59477681,1
1505517117,21512664,257.28,0.39000000,1
1505517117,21512663,257.29,0.00160519,1
1505517116,21512662,257.29,0.59312553,1
1505517116,21512661,257.29,71.48400000,0
1505517116,21512660,257.34,0.59560703,1
1505517116,21512658,257.39,0.13265973,1
1505517115,21512657,257.39,0.25688327,1
1505517115,21512656,257.39,0.20291521,1
1505517115,21512655,257.42,0.00086927,1
1505517115,21512654,257.42,0.46936110,1
1505517115,21512653,257.42,0.12387885,1
1505517115,21512652,257.43,0.00096137,1
1505517114,21512651,257.43,0.32921747,1
1505517114,21512650,257.43,0.26404537,1
1505517114,21512649,257.43,0.09629376,1
1505517114,21512648,257.43,0.26392897,1
1505517114,21512647,257.43,0.02300066,1
1505517114,21512646,257.43,0.21095482,1
1505517114,21512644,257.49,0.59415521,1
1505517113,21512643,257.50,0.00956014,1
1505517113,21512641,257.50,0.03203095,1
1505517113,21512640,257.50,0.02173901,1
1505517099,21512618,257.50,0.06524272,1
1505517099,21512617,258.05,0.00000267,1
1505517099,21512616,258.05,0.09843402,0
1505517099,21512614,257.97,0.00163019,0
1505517098,21512612,257.94,0.00209210,0
1505517098,21512611,257.91,0.20516885,0
1505517098,21512610,257.89,0.00195217,0
1505517096,21512608,257.56,0.59611650,1
1505517096,21512607,257.55,0.00186856,0
1505517092,21512601,257.91,0.39000000,1
1505517083,21512590,258.10,0.69867724,1
1505517076,21512584,258.10,0.00270657,0
1505517076,21512583,258.07,0.59479986,0
1505517074,21512582,258.07,0.06205206,1
1505517073,21512581,258.07,0.53000000,1
1505517068,21512571,258.08,0.59477681,1
1505517067,21512566,258.08,10.14364271,0
1505517067,21512565,258.08,0.00000026,1
1505517066,21512564,258.08,0.00218890,1
1505517066,21512563,258.08,0.59102790,1
1505517059,21512544,258.26,0.59307977,1
1505517059,21512543,258.27,0.32621591,1
1505517056,21512538,258.28,0.73217200,1
1505517055,21512537,258.28,0.52922406,1
1505517029,21512440,258.33,0.00956014,0
1505517029,21512438,258.32,0.00096137,0
1505517028,21512435,258.31,0.73217773,0
1505517028,21512433,258.30,0.52922957,0
1505517023,21512416,258.30,0.06504065,1
1505517021,21512378,258.31,0.10782227,1
1505517006,21512357,258.33,0.00859888,1
1505517006,21512356,258.36,0.39140112,1
1505516962,21512289,258.36,0.30360661,1
1505516962,21512288,258.36,0.29052560,1
1505516959,21512281,258.36,0.30690000,1
1505516958,21512279,258.34,0.09629376,0
1505516957,21512277,258.36,0.87000000,0
1505516955,21512275,258.34,0.09434518,1
1505516955,21512274,258.35,0.11638779,1
1505516954,21512268,258.35,0.01672647,1
1505516954,21512267,258.35,0.32645564,1
1505516954,21512264,258.49,0.55913073,1
1505516952,21512259,258.37,0.00086927,0
1505516943,21512249,258.35,0.59415521,1
1505516939,21512230,258.41,0.59312553,1
1505516939,21512226,258.61,0.59163615,1
1505516939,21512223,258.63,0.59243988,1
1505516939,21512221,258.80,0.59223450,1
1505516939,21512220,258.85,9.25552335,1
1505516938,21512217,258.85,0.04367333,1
1505516938,21512211,258.85,0.59300753,1
1505516936,21512210,258.85,1.06510875,1
1505516936,21512209,258.85,1.04268704,1
1505516932,21512196,259.19,0.13311426,0
1505516932,21512195,259.09,0.13265973,0
1505516931,21512193,258.91,0.09463868,1
1505516931,21512192,259.06,0.00879009,1
1505516931,21512190,259.07,0.59102790,1
1505516927,21512161,259.09,0.13141124,1
1505516927,21512159,259.10,0.06483983,1
1505516927,21512158,259.16,0.11155196,1
1505516927,21512156,259.16,0.04223103,1
1505516927,21512154,259.16,0.43826907,1
1505516917,21512105,259.19,0.26300000,1
1505516915,21512091,259.20,0.59120972,1
1505516905,21512058,259.45,0.48352388,1
1505516905,21512057,259.46,0.30690000,1
1505516905,21512056,259.67,0.00006456,1
1505516905,21512055,259.67,0.11345926,1
1505516905,21512054,259.67,0.21247274,1
1505516905,21512053,259.67,0.26323226,1
1505516898,21512046,259.88,0.00879009,1
1505516889,21512019,259.88,0.51120991,1
1505516889,21512018,259.90,0.00879009,1
1505516884,21511996,259.90,0.02599404,1
1505516883,21511992,260.08,0.26300000,1
1505516862,21511947,259.90,0.02985612,1
1505516862,21511946,260.51,7.81176607,1
1505516861,21511945,260.52,0.92341000,1
1505516861,21511944,260.52,1.05005493,1
1505516806,21511837,260.52,0.08080031,0
1505516795,21511797,260.51,0.00006456,0
1505516781,21511790,260.51,0.32593200,0
1505516738,21511760,260.51,0.26323226,1
1505516736,21511758,260.20,0.00040445,0
1505516730,21511746,260.20,0.80888395,0
1505516725,21511739,260.20,1.47396400,0
1505516722,21511731,260.20,0.75966417,0
1505516721,21511729,260.20,8.37501921,0
1505516690,21511685,260.20,0.58206422,0
1505516690,21511684,260.19,2.27479578,0
1505516625,21511588,260.00,5.68032839,0
1505516624,21511584,260.00,2.57948264,0
1505516598,21511556,259.97,5.77208706,0
1505516598,21511554,259.96,0.59163615,0
1505516598,21511553,259.96,0.26400000,0
1505516587,21511542,259.69,0.59163615,1
1505516585,21511539,259.63,0.26400000,1
1505516585,21511537,259.68,0.58879938,1
1505516585,21511536,259.90,0.08080031,1
1505516579,21511527,259.99,1.12843142,1
1505516564,21511510,259.99,0.92469000,1
1505516562,21511508,260.00,1.28029897,0
1505516560,21511507,259.99,0.21703204,0
1505516545,21511484,260.00,0.22700000,0
1505516545,21511483,259.99,0.26300000,0
1505516527,21511475,260.11,1.23416700,0
1505516527,21511474,260.10,0.26300000,0
1505516513,21511441,260.00,0.00607837,1
1505516508,21511436,260.00,0.59038461,1
1505516507,21511434,260.00,1.28338317,1
1505516506,21511432,260.06,0.26374176,0
1505516505,21511428,260.06,0.33287507,1
1505516501,21511409,260.38,0.42036064,1
1505516489,21511389,260.38,0.16939770,1
1505516448,21511347,260.72,0.38468144,1
1505516444,21511336,260.72,1.68181317,1
1505516442,21511330,260.44,0.58978096,0
1505516439,21511323,260.39,0.21703204,1
1505516439,21511322,260.43,0.08886796,1
1505516439,21511321,260.43,0.50091300,1
1505516438,21511314,260.44,0.59105062,1
1505516437,21511313,260.70,0.08055236,1
1505516429,21511292,260.83,0.92469000,1
1505516416,21511272,260.84,0.26300000,1
1505516376,21511215,261.88,3.44585306,0
1505516376,21511214,261.87,2.90000000,1
1505516335,21511188,261.50,0.08030593,1
1505516273,21511102,261.27,0.63044132,1
1505516270,21511101,261.58,1.52718097,0
1505516270,21511100,261.32,0.08055236,0
1505516270,21511099,261.28,0.59105062,0
1505516269,21511098,261.27,0.58978096,0
1505516269,21511097,261.23,0.58975834,0
1505516267,21511090,261.14,0.26300000,0
1505516267,21511089,261.10,0.30530000,0
1505516165,21510877,260.70,0.58879938,1
1505516065,21510753,260.14,0.59102790,1
1505516063,21510749,260.69,0.88189806,1
1505516058,21510728,260.95,0.33432645,1
1505516058,21510722,260.94,0.32621591,0
1505516058,21510721,260.70,0.26299764,0
1505516054,21510706,260.09,0.59120972,1
1505516053,21510704,260.13,0.32805062,0
1505516051,21510698,260.70,0.08055236,1
1505516051,21510696,260.94,0.26300000,1
1505516045,21510689,260.98,0.58975834,1
1505516044,21510688,260.98,0.26300000,0
1505516042,21510686,260.02,0.02300066,1
1505516042,21510685,260.02,0.30530000,1
1505516042,21510684,260.02,0.26300000,1
1505516040,21510681,261.00,2.45130036,0
1505516040,21510680,260.99,0.12600000,0
1505516040,21510678,260.99,0.26400000,0
1505516034,21510668,260.97,3.72000000,0
1505516034,21510665,260.57,0.07425933,0
1505516034,21510663,260.52,2.59900000,0
1505516034,21510662,260.52,0.06544512,0
1505516034,21510661,260.51,0.59134615,0
1505516032,21510654,260.00,0.92692000,1
1505516031,21510652,260.00,25.61533660,0
1505516030,21510647,260.00,5.21659000,0
1505516029,21510637,260.00,4.98765000,0
1505516029,21510634,260.00,0.38461538,0
1505516029,21510633,260.00,0.54000000,0
1505516028,21510631,260.00,1.90260745,0
1505516028,21510628,260.00,7.29342901,0
1505516028,21510627,259.99,0.15378299,0
1505516026,21510621,259.99,0.43826907,1
1505516026,21510619,260.00,2.81330769,0
1505516024,21510611,260.00,0.10836700,0
1505516023,21510608,260.00,1.72308700,0
1505516023,21510606,260.00,2.41500987,0
1505516023,21510605,259.99,0.43826907,0
1505516023,21510604,259.69,0.06205206,0
1505516022,21510601,259.24,0.59307977,1
1505516021,21510597,259.69,0.53000000,1
1505516020,21510588,259.99,3.98173093,0
1505516020,21510587,259.99,2.30778107,0
1505516019,21510586,259.98,0.30650000,0
1505515938,21510520,259.22,0.00367305,1
1505515938,21510519,259.89,0.92692000,1
1505515938,21510518,259.90,0.07425933,1
1505515849,21510463,260.52,0.01535519,0
1505515849,21510462,259.79,0.07294481,0
1505515772,21510434,259.10,0.59339542,0
1505515771,21510431,259.10,0.00000481,1
1505515770,21510430,259.10,0.85679519,0
1505515769,21510429,259.10,0.07294481,1
1505515761,21510422,259.11,0.56059118,0
1505515753,21510416,260.27,8.95000000,0
1505515752,21510415,258.91,0.00540637,1
1505515752,21510414,258.91,0.28691344,1
1505515752,21510413,258.91,0.21845356,1
1505515752,21510412,258.91,0.08080031,1
1505515750,21510411,259.79,0.07294481,0
1505515740,21510404,259.00,0.35684576,1
1505515739,21510403,259.10,0.07294481,1
1505515730,21510400,259.79,0.07294481,0
1505515727,21510399,259.00,0.59362934,1
1505515723,21510396,259.10,0.07294481,1
1505515717,21510392,259.79,0.07294481,0
1505515717,21510391,259.79,0.00000026,0
1505515713,21510387,258.92,1.57719173,1
1505515713,21510386,258.94,0.23051417,1
1505515713,21510385,258.94,7.79000000,0
1505515713,21510384,258.94,0.15359591,1
1505515712,21510383,258.94,0.00017266,1
1505515712,21510382,258.94,0.20763256,1
1505515712,21510381,258.94,0.36086891,1
1505515711,21510379,259.10,0.07294481,1
1505515711,21510378,259.16,0.32934929,1
1505515709,21510375,259.16,0.32951399,0
1505515706,21510371,259.16,0.26374885,1
1505515704,21510367,259.79,0.07294455,0
1505515704,21510366,259.18,0.00000026,0
1505515703,21510363,259.16,0.32921747,0
1505515702,21510360,259.16,0.26404537,0
1505515701,21510359,258.94,0.23000000,1
1505515701,21510358,259.10,0.07294481,1
1505515700,21510357,259.16,0.59134615,1
1505515698,21510353,259.18,0.00218890,0
1505515697,21510352,259.17,0.46936110,0
1505515691,21510351,259.17,0.12600000,1
1505515691,21510350,259.17,0.26400000,1
1505515683,21510329,259.21,0.59130066,1
1505515683,21510327,259.21,8.60132657,1
1505515683,21510326,259.22,0.27286562,1
1505515678,21510323,259.21,0.40288538,1
1505515678,21510322,259.30,0.10000000,1
1505515678,21510321,259.31,3.10000000,1
1505515678,21510320,259.66,0.59023379,1
1505515678,21510319,259.90,0.08080031,1
1505515678,21510317,259.91,2.97704593,1
1505515677,21510316,259.91,0.11355847,1
1505515677,21510314,259.91,0.29194721,1
1505515677,21510312,260.13,0.43000000,1
1505515677,21510311,260.14,0.30650000,1
1505515677,21510309,260.15,13.84864891,1
1505515667,21510293,260.46,0.01412292,1
1505515667,21510292,260.47,0.30675317,1
1505515667,21510291,260.47,0.23968211,1
1505515659,21510285,260.46,0.49999500,0
1505515625,21510264,261.08,0.50817726,0
1505515592,21510257,260.16,1.13128338,1
1505515592,21510256,260.49,0.92974000,1
1505515585,21510252,261.13,7.73000000,1
1505515584,21510248,261.11,7.73000000,0
1505515576,21510219,260.49,0.59023379,1
1505515571,21510217,260.45,0.06726959,1
1505515571,21510216,260.52,0.58876464,1
1505515571,21510215,260.94,0.26400000,1
1505515571,21510214,261.14,0.21326724,1
1505515571,21510213,261.16,0.23000000,1
1505515567,21510209,261.14,5.40139600,1
1505515566,21510208,261.15,0.23000000,1
1505515560,21510201,261.38,0.85000000,0
1505515559,21510199,261.38,0.11835784,0
1505515559,21510198,261.37,0.26287752,0
1505515559,21510197,261.37,0.58876464,0
1505515552,21510195,261.14,0.92744000,0
1505515552,21510194,261.14,0.04192455,0
1505515535,21510190,260.56,1.32590855,1
1505515535,21510189,260.92,0.00004445,1
1505515457,21510146,260.92,0.22995555,1
1505515418,21510113,260.62,2.56610222,1
1505515418,21510112,260.64,0.37058778,1
1505515417,21510111,260.91,0.92744000,1
1505515412,21510103,260.93,0.23000000,1
1505515405,21510090,260.93,0.45302979,1
1505515404,21510084,260.92,0.26287752,1
1505515359,21510039,260.51,3.09257338,1
1505515313,21509997,261.52,5.99659682,0
1505515298,21509988,260.52,6.70289552,0
1505515297,21509986,260.52,0.00000031,0
1505515278,21509954,260.52,0.08080000,0
1505515269,21509941,260.46,0.30710000,0
1505515252,21509921,259.56,0.27570314,1
1505515252,21509920,259.56,0.30710000,1
1505515252,21509919,259.56,0.23000000,1
1505515241,21509911,259.54,0.59243988,1
1505515237,21509909,260.47,13.37912800,0
1505515231,21509903,259.22,2.51154868,1
1505515231,21509902,259.30,0.10000000,1
1505515231,21509901,259.40,0.59075539,1
1505515231,21509900,259.50,0.23000000,1
1505515221,21509886,260.50,0.00035644,1
1505515221,21509885,260.50,0.21845356,1
1505515220,21509883,260.00,19.34516772,0
1505515220,21509882,259.90,0.00540637,0
1505515211,21509876,259.48,0.21881000,1
1505515211,21509875,259.48,0.23000000,1
1505515211,21509874,259.90,0.28691344,0
1505515210,21509873,259.89,0.00024656,0
1505515207,21509871,259.89,0.49307632,0
1505515203,21509861,259.89,0.21845356,0
1505515199,21509855,259.48,0.23000000,1
1505515190,21509854,259.89,0.21845356,0
1505515186,21509851,259.46,0.23000000,1
1505515175,21509842,259.46,3.36000000,1
1505515172,21509841,259.90,0.21845356,0
1505515171,21509840,259.90,0.08080031,1
1505515167,21509838,259.91,0.77546073,1
1505515166,21509837,259.99,0.24645417,1
1505515165,21509834,260.00,7.69433278,0
1505515165,21509833,260.00,2.00000000,1
1505515164,21509832,260.16,0.58923849,1
1505515164,21509831,260.21,0.37126101,1
1505515149,21509823,260.84,0.36967904,1
1505515147,21509821,260.84,0.02012605,1
1505515130,21509809,260.85,0.93000000,1
1505515130,21509808,260.85,2.46193973,1
1505515129,21509807,260.85,3.03806027,1
1505515129,21509806,260.86,0.40193973,1
1505515125,21509802,260.90,0.21845356,0
1505515123,21509800,261.00,0.55873739,1
1505515122,21509799,261.01,4.50000000,1
1505515111,21509795,261.30,1.39755557,1
1505515110,21509794,261.30,3.22000000,1
1505515110,21509793,261.31,3.22000000,0
1505515085,21509776,261.31,0.61362951,0
1505515085,21509775,261.31,0.93023000,1
1505515031,21509747,261.86,0.76185748,0
1505514976,21509690,260.90,0.40188303,1
1505514969,21509679,261.87,0.21845356,0
1505514958,21509654,260.86,0.56086481,0
1505514953,21509640,261.58,0.04602151,0
1505514953,21509639,260.98,0.58923849,0
1505514953,21509638,260.97,4.14000000,0
1505514953,21509636,260.85,0.93184000,0
1505514953,21509633,260.84,0.83000000,0
1505514941,21509596,260.85,7.73000000,0
1505514935,21509584,260.93,0.21845356,1
1505514907,21509564,259.99,1.24618900,1
1505514907,21509563,260.00,0.93184000,1
1505514857,21509487,259.94,0.93205000,1
1505514851,21509484,260.44,3.94789424,0
1505514851,21509483,259.92,3.78210576,0
1505514850,21509481,259.94,0.93205000,1
1505514850,21509480,259.95,0.48139524,1
1505514850,21509479,259.95,0.03628700,1
1505514849,21509478,259.95,0.01784382,1
1505514849,21509477,259.95,0.21215618,1
1505514845,21509469,259.95,4.17578400,1
1505514835,21509456,259.92,1.75000000,1
1505514832,21509454,259.92,0.93211000,0
1505514813,21509407,259.61,0.59223450,1
1505514796,21509365,260.00,0.09608000,1
1505514796,21509364,260.32,0.51008543,0
1505514796,21509363,260.32,0.42202457,0
1505514793,21509355,260.00,0.20196000,1
1505514792,21509350,260.00,0.20196000,1
1505514791,21509346,260.32,7.53794779,1
1505514791,21509345,260.32,0.19205221,1
1505514791,21509343,260.32,0.02804000,1
1505514789,21509338,260.32,0.20196000,1
1505514777,21509323,260.33,2.96963531,1
1505514749,21509297,260.26,0.59075539,1
1505514738,21509270,261.63,5.40382656,0
1505514700,21509234,260.07,2.79321914,1
1505514690,21509216,261.77,0.80047396,0
1505514659,21509157,261.83,1.73195261,0
1505514636,21509106,260.77,2.69136956,0
1505514636,21509105,260.31,1.48634867,0
1505514626,21509074,259.99,1.50313046,0
1505514623,21509064,259.75,0.56310474,0
1505514622,21509062,259.75,3.41689526,1
1505514622,21509061,259.99,0.21845356,0
1505514614,21509033,259.99,2.42323700,0
1505514614,21509032,259.98,4.33000000,0
1505514604,21508983,259.75,1.50895452,1
1505514603,21508974,259.75,0.34363605,1
1505514601,21508967,259.91,0.21845356,0
1505514600,21508961,259.91,1.06000000,0
1505514600,21508960,259.91,2.94000000,0
1505514600,21508956,259.92,2.46000000,1
1505514599,21508954,259.91,2.33000000,0
1505514598,21508950,259.91,5.40000000,0
1505514596,21508943,259.75,0.23051417,0
1505514595,21508941,259.74,0.09422000,0
1505514594,21508939,259.74,0.84000000,0
1505514587,21508929,259.21,2.10713746,1
1505514562,21508861,259.21,0.28582900,1
1505514560,21508853,259.21,3.05510859,1
1505514552,21508812,259.21,0.54771300,1
1505514549,21508801,259.22,3.36791994,1
1505514546,21508796,259.22,0.28582900,1
1505514537,21508778,259.23,1.48634867,1
1505514537,21508776,259.30,0.69563092,1
1505514536,21508767,259.30,0.20000000,1
1505514534,21508757,259.30,0.05484417,1
1505514529,21508719,259.22,0.59312553,1
1505514527,21508703,259.30,0.95047509,0
1505514526,21508697,259.22,0.59312553,1
1505514524,21508685,259.30,0.00017889,1
1505514524,21508681,259.30,0.35775468,1
1505514523,21508679,259.30,0.23316250,1
1505514523,21508677,259.42,0.03649730,1
1505514523,21508674,259.42,0.55360056,1
1505514523,21508669,259.66,0.24497188,1
1505514523,21508666,259.66,0.34530723,1
1505514522,21508661,259.68,0.49582496,1
1505514522,21508657,259.68,0.09436351,1
1505514521,21508651,259.75,0.15359591,0
1505514513,21508605,259.75,0.13766949,1
1505514513,21508603,259.75,0.24460051,1
1505514511,21508592,259.85,0.03867447,1
1505514511,21508590,259.85,0.55000000,1
1505514511,21508587,260.00,0.50000000,1
1505514505,21508555,260.00,1.73751232,1
1505514502,21508540,260.00,0.52588200,1
1505514500,21508531,260.00,0.83660568,1
1505514500,21508529,260.00,0.33646284,1
1505514499,21508526,260.00,1.83059737,1
1505514496,21508507,260.00,0.28582900,1
1505514495,21508501,260.00,1.44400766,1
1505514494,21508497,260.00,1.80558376,1
1505514491,21508484,260.00,22.71463800,1
1505514490,21508473,260.00,21.21316100,1
1505514490,21508468,260.00,77.70000000,1
1505514489,21508462,260.00,1.64535100,1
1505514488,21508456,260.00,0.50000000,1
1505514488,21508454,260.00,5.63740452,1
1505514475,21508370,260.00,0.28582900,1
1505514469,21508334,260.00,5.50000000,1
1505514468,21508333,260.00,4.84000000,1
1505514467,21508326,260.00,2.13729056,1
1505514467,21508325,260.01,0.78652769,1
1505514460,21508297,260.46,2.07900360,0
1505514455,21508284,260.01,0.14769231,1
1505514450,21508270,260.46,2.03702531,0
1505514450,21508269,260.46,0.93261000,0
1505514449,21508268,260.00,5.50000000,1
1505514448,21508265,260.00,4.84000000,1
1505514444,21508247,260.00,5.50000000,1
1505514444,21508246,260.00,4.84000000,1
1505514442,21508231,260.00,6.87172281,1
1505514441,21508229,260.00,1.78544632,1
1505514441,21508228,260.01,0.93261000,1
1505514437,21508211,260.49,0.01959228,0
1505514437,21508210,260.49,0.93088280,0
1505514429,21508147,260.00,3.28233302,1
1505514428,21508145,260.50,0.76300000,0
1505514426,21508133,260.50,0.95047508,0
1505514425,21508131,260.00,0.56354200,1
1505514424,21508120,260.00,0.90434021,1
1505514424,21508118,260.01,0.03837000,1
1505514415,21508074,260.00,35.58318700,1
1505514415,21508072,260.00,1.07898300,1
1505514414,21508065,260.00,7.35925400,1
1505514413,21508064,260.00,1.98765000,1
1505514413,21508063,260.00,4.27320000,1
1505514413,21508058,260.00,1.22868900,1
1505514406,21508015,260.00,6.62459724,1
1505514405,21508002,260.00,0.98929550,1
1505514404,21507996,260.00,1.97859100,1
1505514404,21507992,260.00,0.36106815,1
1505514404,21507991,260.01,0.04644811,1
1505514403,21507989,260.84,0.03825720,1
1505514383,21507854,260.87,0.95047508,0
1505514373,21507805,260.87,0.03825281,0
1505514362,21507778,260.00,2.07940000,1
1505514349,21507744,260.00,44.87737027,1
1505514345,21507720,260.00,10.00000000,1
1505514340,21507698,260.00,0.35000000,1
1505514340,21507694,260.00,7.01307087,1
1505514340,21507693,260.02,0.35917445,1
1505514340,21507692,260.03,0.35775468,1
1505514325,21507654,260.11,0.00017889,0
1505514317,21507615,260.11,0.35775468,0
1505514315,21507612,260.02,0.59130066,1
1505514309,21507588,260.11,0.23316250,1
1505514307,21507579,260.11,0.76683750,1
1505514307,21507578,260.56,0.58822404,1
1505514307,21507577,261.00,6.14493846,1
1505514305,21507570,261.00,7.50000000,1
1505514304,21507565,261.00,0.68962800,1
1505514304,21507562,261.00,4.96994900,1
1505514300,21507553,261.00,19.10490000,1
1505514283,21507477,261.00,14.59058454,1
1505514283,21507475,261.02,1.38961416,1
1505514282,21507473,261.03,12.18000000,1
1505514281,21507471,261.02,0.90903130,1
1505514281,21507469,261.50,0.93077000,1
1505514262,21507440,262.27,5.40382656,0
1505514260,21507437,262.28,0.71118107,0
1505514249,21507421,262.18,1.58522444,0
1505514249,21507417,262.18,0.70327964,0
1505514249,21507416,262.14,2.67210000,0
1505514238,21507352,262.15,0.08665741,0
1505514238,21507350,262.14,6.75000000,0
1505514233,21507333,262.14,5.37505920,0
1505514174,21507180,261.50,2.28749101,1
1505514173,21507179,261.51,7.73000000,1
1505514085,21507096,261.40,2.95089234,0
1505514070,21507068,261.40,1.22969988,1
1505514064,21507056,261.38,0.58822404,1
1505514058,21507047,262.00,2.00000000,0
1505513981,21506967,261.99,1.70490629,0
1505513981,21506964,261.66,0.27235971,0
1505513977,21506956,261.66,2.02069234,0
1505513976,21506955,261.66,0.93020000,0
1505513969,21506942,260.14,0.59102790,1
1505513954,21506924,260.10,0.15590980,1
1505513953,21506922,261.67,0.43520900,1
1505513951,21506919,261.67,1.12694800,0
1505513935,21506882,260.03,3.35619183,1
1505513934,21506878,261.66,11.18020000,0
1505513934,21506875,260.02,0.86077949,0
1505513933,21506872,260.02,0.93020000,0
1505513932,21506871,260.02,0.12000000,0
1505513932,21506868,260.02,0.61000000,0
1505513931,21506867,260.00,5.00000000,1
1505513931,21506864,260.02,0.92973510,0
1505513929,21506859,260.02,8.69301800,1
1505513926,21506855,260.02,0.30480000,1
1505513926,21506853,260.02,5.80449489,0
1505513926,21506852,260.02,3.83880569,0
1505513926,21506851,260.02,1.98765000,0
1505513925,21506849,260.02,2.86912500,0
1505513925,21506847,260.02,0.95047511,0
1505513925,21506837,260.02,1.10113092,0
1505513924,21506833,260.02,0.38458580,0
1505513922,21506830,260.02,0.15000000,1
1505513922,21506829,260.02,0.77000000,1
1505513916,21506822,260.01,11.68398712,1
1505513916,21506821,260.99,0.00001288,1
1505513915,21506816,260.99,0.35864846,0
1505513914,21506815,260.01,0.59134615,1
1505513912,21506812,260.00,37.25210490,1
1505513912,21506811,260.01,15.00000000,1
1505513912,21506810,260.02,22.00000000,1
1505513912,21506809,260.02,15.00000000,1
1505513912,21506808,260.19,0.58880974,1
1505513912,21506807,260.20,0.20000000,1
1505513912,21506806,260.29,0.58869701,1
1505513912,21506805,260.31,0.98000000,1
1505513912,21506804,260.43,0.35864846,1
1505513912,21506802,260.46,5.04827900,1
1505513911,21506800,260.46,5.04906000,1
1505513911,21506799,260.47,14.45022829,1
1505513885,21506720,260.50,9.71579816,1
1505513882,21506690,262.35,0.08499000,0
1505513882,21506689,262.35,0.26200000,0
1505513875,21506651,260.47,0.24497188,1
1505513875,21506649,260.56,0.34530723,1
1505513875,21506648,260.56,0.00017266,0
1505513874,21506643,260.56,0.34530205,0
1505513873,21506637,260.47,0.30479983,1
1505513873,21506634,260.49,15.00000000,1
1505513873,21506632,260.50,15.00000000,1
1505513873,21506630,260.50,12.78733205,1
1505513873,21506628,260.51,11.81520012,1
1505513872,21506624,260.51,0.30479988,1
1505513872,21506622,260.55,0.50000000,1
1505513872,21506621,260.55,0.58980293,1
1505513872,21506620,260.55,0.34730619,1
1505513871,21506608,260.56,0.24460051,1
1505513870,21506606,260.56,0.06019949,1
1505513869,21506602,260.88,0.28752722,1
1505513869,21506601,260.88,0.30000000,1
1505513869,21506599,261.08,0.58698889,1
1505513868,21506597,261.39,0.39199915,1
1505513863,21506570,261.40,0.44910550,1
1505513854,21506506,261.90,0.36096690,1
1505513854,21506503,261.93,0.40854427,1
1505513852,21506485,261.94,3.28824680,1
1505513820,21506373,261.93,0.58698889,1
1505513805,21506344,265.00,5.43830788,0
1505513805,21506343,265.00,0.25000000,0
1505513805,21506342,264.99,1.72000000,0
1505513805,21506341,264.95,0.56000000,0
1505513805,21506339,264.69,0.39000000,0
1505513805,21506337,264.69,0.33583083,0
1505513805,21506335,264.68,2.27000000,0
1505513804,21506333,264.41,0.40469153,0
1505513804,21506331,264.40,0.45000000,0
1505513804,21506330,263.33,2.65840000,0
1505513804,21506328,263.00,0.50000000,0
1505513804,21506326,261.90,13.48262807,0
1505513804,21506324,261.69,0.28752722,0
1505513803,21506319,261.70,0.30000000,1
1505513803,21506317,261.90,0.38182512,0
1505513803,21506314,261.90,6.82942411,0
1505513802,21506309,261.90,0.36586483,0
1505513802,21506307,261.90,1.48000000,0
1505513802,21506305,261.90,0.18635120,0
1505513802,21506303,261.90,0.92967500,0
1505513802,21506301,261.90,0.26099500,0
1505513801,21506297,261.90,1.07660611,0
1505513800,21506296,262.26,0.58865193,1
1505513800,21506294,262.31,0.00008177,1
1505513800,21506291,262.31,0.32223016,1
1505513800,21506290,262.31,0.26200000,1
1505513799,21506289,262.44,0.30000000,1
1505513799,21506288,262.92,0.93020000,1
1505513799,21506286,262.95,1.48000000,1
1505513799,21506282,262.99,1.12346670,1
1505513795,21506272,263.32,0.03630905,0
1505513794,21506267,263.32,1.22638573,0
1505513781,21506233,263.33,2.42599677,0
1505513763,21506193,263.33,5.32993323,0
1505513763,21506192,263.32,0.92875177,0
1505513745,21506187,263.33,0.62567000,0
1505513744,21506186,263.32,0.30300000,0
1505513736,21506182,263.34,0.03000000,1
1505513561,21506000,263.13,0.00008177,0
1505513555,21505992,263.13,0.32223016,0
1505513554,21505988,263.13,0.26200000,1
1505513542,21505966,263.12,0.26099496,0
1505513542,21505965,263.11,0.58865193,0
1505513536,21505946,261.17,0.58869701,1
1505513527,21505921,261.14,0.58880974,1
1505513524,21505911,263.72,0.26100000,0
1505513524,21505910,263.07,0.92968000,0
1505513524,21505908,263.06,6.82942964,0
1505513500,21505863,263.07,0.18206908,0
1505513495,21505857,260.75,1.13482580,1
1505513464,21505803,263.34,55.81073669,1
1505513464,21505800,263.34,8.59000000,0
1505513449,21505769,260.58,8.00000000,1
1505513430,21505686,260.55,0.03649730,0
1505513429,21505682,260.55,0.55360056,0
1505513417,21505668,260.51,0.59018847,1
1505513416,21505662,260.53,0.58797659,1
1505513416,21505659,260.93,0.46006656,1
1505513415,21505657,261.13,0.58680966,1
1505513415,21505656,261.14,0.18000000,1
1505513414,21505649,261.20,0.58680966,1
1505513414,21505648,261.23,0.90000000,1
1505513413,21505647,261.65,0.66339426,1
1505513413,21505646,262.15,0.30300000,1
1505513409,21505623,262.13,0.34854667,1
1505513409,21505622,262.14,2.24852633,1
1505513404,21505593,261.77,0.00292690,1
1505513403,21505585,261.77,0.58245288,1
1505513403,21505584,262.00,2.39995110,1
1505513402,21505581,262.00,0.30279825,1
1505513402,21505580,262.00,0.00000175,1
1505513401,21505573,262.00,2.70273825,0
1505513400,21505568,262.00,1.00000000,1
1505513399,21505567,262.00,1.29726175,1
1505513395,21505551,262.01,0.58680966,0
1505513393,21505545,262.00,27.21796902,1
1505513393,21505544,262.01,1.15000000,1
1505513393,21505543,262.27,0.58411214,1
1505513392,21505541,262.34,0.28275653,1
1505513392,21505539,262.36,0.30280000,1
1505513392,21505538,262.37,0.46236231,1
1505513388,21505530,262.65,0.00292690,0
1505513386,21505520,262.65,0.58245288,0
1505513381,21505502,262.34,0.30140000,1
1505513381,21505500,262.39,0.39000000,1
1505513381,21505499,262.61,0.00000022,1
1505513380,21505497,262.61,1.41999978,1
1505513380,21505496,263.06,0.07954624,1
1505513380,21505495,263.06,0.10000000,1
1505513380,21505494,263.17,0.32030298,1
1505513379,21505493,263.17,1.59954600,1
1505513349,21505409,263.17,0.89635347,1
1505513349,21505408,263.88,0.40469153,1
1505513349,21505407,263.19,0.33400516,1
1505513343,21505393,263.22,0.58411214,1
1505513341,21505383,263.58,0.58148330,1
1505513341,21505381,263.84,0.26100000,1
1505513337,21505371,264.05,0.52154000,0
1505513336,21505365,264.04,0.30160000,0
1505513330,21505357,263.88,0.10000000,1
1505513330,21505356,263.88,0.30130000,1
1505513329,21505355,263.89,0.33583083,1
1505513329,21505354,263.90,0.30160000,1
1505513329,21505351,264.61,0.10000000,1
1505513312,21505320,264.82,0.38629203,1
1505513302,21505270,264.82,0.54338797,1
1505513259,21505207,265.49,0.57695273,0
1505513251,21505193,265.48,0.32900799,0
1505513251,21505192,265.48,0.57916124,0
1505513251,21505191,265.47,1.71000000,0
1505513250,21505190,265.45,0.34000000,0
1505513250,21505189,265.44,0.21845356,0
1505513238,21505180,265.47,0.79954718,0
1505513238,21505179,265.24,0.39000000,0
1505513231,21505174,265.25,0.21845356,0
1505513228,21505170,265.24,0.59286500,0
1505513206,21505127,265.34,0.11915376,1
1505513205,21505125,265.31,0.28084624,0
1505513201,21505121,265.20,0.05105213,0
1505513188,21505105,265.22,0.16743890,0
1505513184,21505098,265.20,0.05480000,0
1505513181,21505090,265.22,0.07000000,0
1505513181,21505089,265.21,0.41000000,0
1505513157,21505058,265.14,0.02223890,0
1505513157,21505057,265.12,0.10000000,0
1505513157,21505056,265.10,0.10000000,0
1505513132,21505015,265.24,0.22223890,0
1505513103,21504986,265.41,0.22231385,0
1505513096,21504976,265.21,0.02045376,0
1505513096,21504975,264.70,0.07954624,0
1505513095,21504974,264.70,0.10000000,0
1505513095,21504972,264.70,0.10000000,0
1505513094,21504970,264.70,0.30130000,1
1505513089,21504963,265.44,0.10000000,1
1505513078,21504947,265.44,0.92432000,1
1505513077,21504942,265.44,0.07526346,0
1505513070,21504933,265.45,0.22606158,0
1505513054,21504912,265.40,0.22606158,0
1505513029,21504879,265.46,0.22609905,0
1505513004,21504856,265.41,0.22609905,0
1505512990,21504823,265.44,0.22609905,0
1505512970,21504775,264.96,0.22609905,0
1505512938,21504757,265.07,0.12609905,0
1505512938,21504756,265.04,0.10000000,0
1505512903,21504729,265.13,0.22613654,0
1505512880,21504699,265.20,0.22613654,0
1505512860,21504684,265.27,0.22613654,0
1505512859,21504682,264.41,0.58148330,1
1505512855,21504677,264.41,0.70113434,1
1505512855,21504676,264.42,0.23000000,1
1505512849,21504670,263.20,0.28275653,1
1505512847,21504669,264.71,0.30140000,1
1505512847,21504666,264.39,0.51040039,0
1505512845,21504655,262.01,0.58680966,1
1505512843,21504652,264.39,0.23000000,0
1505512843,21504651,262.00,6.86244098,1
1505512843,21504650,262.01,0.68000000,1
1505512843,21504649,263.35,0.14500158,1
1505512843,21504648,263.35,0.20701000,1
1505512843,21504647,263.35,0.23000000,1
1505512842,21504646,263.56,0.58154928,1
1505512842,21504645,263.64,0.53000000,1
1505512842,21504644,263.76,5.00000000,1
1505512842,21504643,263.83,4.07110000,1
1505512842,21504641,263.83,4.73500000,1
1505512841,21504640,263.83,4.56481060,0
1505512841,21504639,263.85,4.73500000,1
1505512841,21504638,263.90,3.39000000,1
1505512841,21504637,263.90,13.94359121,0
1505512841,21504635,263.96,0.58067074,1
1505512840,21504633,263.99,0.74040039,1
1505512840,21504631,264.09,0.92638269,1
1505512840,21504629,264.10,0.30140000,0
1505512839,21504628,264.41,0.07507508,0
1505512839,21504626,264.41,0.24590000,1
1505512839,21504625,264.41,0.23000000,1
1505512830,21504619,265.36,0.22621153,0
1505512808,21504599,265.39,0.22621153,0
1505512806,21504598,265.39,0.01876413,0
1505512803,21504593,265.39,0.02260824,0
1505512778,21504568,265.40,0.91703794,0
1505512773,21504563,264.30,1.62765901,0
1505512770,21504558,264.30,7.09587589,0
1505512764,21504549,264.30,0.03767787,0
1505512764,21504548,264.30,1.68866000,0
1505512764,21504547,264.29,0.30130000,0
1505512753,21504528,264.30,0.96662882,0
1505512753,21504527,264.30,0.21346676,0
1505512753,21504526,264.30,1.79823334,0
1505512752,21504524,264.30,0.99636776,0
1505512747,21504515,264.30,1.12058200,0
1505512743,21504511,264.37,1.34919558,1
1505512743,21504510,264.38,0.23000000,1
1505512743,21504509,264.40,0.93021000,1
1505512740,21504505,265.29,0.22621153,0
1505512710,21504416,265.39,0.22621127,0
1505512710,21504415,264.80,0.00000026,0
1505512704,21504398,264.37,3.96080442,1
1505512704,21504397,264.53,2.26833350,1
1505512704,21504396,264.54,5.00000000,1
1505512704,21504394,264.58,0.23000000,1
1505512704,21504392,264.58,0.30130000,1
1505512704,21504391,264.59,6.72132308,1
1505512693,21504379,264.80,0.29159800,0
1505512693,21504378,264.79,0.92884000,0
1505512673,21504356,264.80,0.03000000,0
1505512671,21504353,264.80,0.55284000,1
1505512670,21504351,265.42,0.22621153,0
1505512651,21504330,264.80,0.37600000,1
1505512629,21504315,265.46,0.22996250,0
1505512609,21504291,265.47,0.23000000,0
1505512589,21504261,264.79,0.58067074,1
1505512577,21504252,265.26,0.23000000,0
1505512561,21504232,265.47,22.12093549,0
1505512561,21504231,265.39,0.36729297,0
1505512561,21504230,265.27,0.23000000,0
1505512502,21504163,265.00,10.00000000,0
1505512501,21504162,264.98,0.23008792,0
1505512500,21504158,264.98,2.03423392,0
1505512500,21504157,264.97,0.23000000,0
1505512488,21504143,264.72,0.64443826,1
1505512485,21504131,264.71,0.23000000,0
1505512431,21504083,264.78,0.28461174,0
1505512431,21504082,264.75,3.27935826,0
1505512344,21503992,264.06,0.29017564,1
1505512341,21503991,264.21,0.06295420,1
1505512340,21503990,264.21,0.16704580,1
1505512339,21503987,264.18,0.78404842,1
1505512339,21503985,264.20,0.10000000,1
1505512331,21503973,264.95,1.80000000,0
1505512331,21503972,264.95,0.23000000,0
1505512324,21503958,264.17,0.14500158,0
1505512322,21503955,264.17,0.20701000,0
1505512317,21503945,264.17,0.23000000,1
1505512316,21503939,264.91,0.57822750,0
1505512308,21503932,264.91,7.50000000,0
1505512308,21503931,264.91,0.23000000,0
1505512297,21503910,264.94,0.18221956,0
1505512297,21503909,264.93,3.02000000,0
1505512297,21503908,264.64,0.27611044,0
1505512270,21503871,264.67,0.65124956,0
1505512265,21503864,263.94,0.12000000,1
1505512252,21503838,264.71,0.23000000,0
1505512252,21503837,264.68,6.95918173,0
1505512219,21503815,263.86,1.56391759,1
1505512217,21503813,263.87,2.12534876,1
1505512213,21503811,263.95,2.27295692,0
1505512213,21503808,263.95,1.12316726,0
1505512205,21503800,263.95,1.21777897,0
1505512204,21503799,263.95,0.92736000,1
1505512204,21503797,263.96,5.00000000,0
1505512203,21503795,263.96,0.03000000,0
1505512203,21503793,263.96,3.84624714,1
1505512193,21503774,264.97,0.73041376,1
1505512192,21503769,264.97,11.02864869,1
1505512190,21503766,264.97,4.98343964,1
1505512187,21503756,263.94,0.66692177,1
1505512178,21503741,264.97,0.02999769,0
1505512178,21503740,264.39,0.00000231,0
1505512171,21503722,264.38,0.29351841,1
1505512170,21503720,264.38,0.10867199,1
1505512169,21503719,264.38,1.21130099,1
1505512169,21503717,264.38,0.94575739,1
1505512166,21503712,264.38,1.21101443,1
1505512166,21503709,264.38,0.58154928,1
1505512158,21503670,264.39,0.37015558,0
1505512158,21503667,264.02,0.90519442,0
1505512155,21503635,263.80,1.21453132,1
1505512155,21503634,263.80,3.62000000,0
1505512154,21503633,263.75,3.62001271,0
1505512154,21503632,263.75,0.45114139,0
1505512153,21503623,263.80,1.11500000,0
1505512153,21503622,263.80,4.68000000,0
1505512152,21503621,263.76,9.41500000,0
1505512152,21503620,263.76,9.41500000,0
1505512152,21503619,263.75,3.62000000,0
1505512131,21503553,263.75,0.09501570,0
1505512130,21503552,263.09,0.00003430,0
1505512111,21503497,263.09,0.37210000,0
1505512111,21503496,263.08,0.65124956,0
1505512094,21503406,263.08,0.65124956,0
1505512092,21503401,261.61,1.31609694,1
1505512089,21503390,262.00,1.23206388,0
1505512082,21503380,262.00,1.21682600,0
1505512081,21503377,262.00,0.65124956,0
1505512080,21503371,262.00,11.16567500,0
1505512080,21503370,262.00,6.42908396,0
1505512078,21503366,262.00,4.39413200,0
1505512077,21503364,262.00,1.98835877,0
1505512071,21503352,261.80,0.00008867,0
1505512071,21503351,261.80,2.29173715,0
1505512061,21503338,261.99,0.65124956,0
1505512040,21503307,262.00,0.38161871,0
1505512039,21503304,261.99,0.26963085,0
1505512037,21503294,261.48,0.36303972,0
1505512036,21503292,261.48,0.55304028,0
1505512033,21503288,262.00,7.91866412,0
1505512032,21503286,261.99,4.32000000,0
1505512032,21503284,261.84,0.45535267,0
1505512032,21503283,261.79,11.95000000,1
1505512031,21503281,261.49,0.15366557,0
1505512029,21503271,261.49,0.11979000,0
1505512003,21503135,260.57,1.22794665,1
1505512001,21503125,261.84,0.57314861,1
1505512001,21503123,261.84,0.45535267,1
1505511999,21503113,261.84,1.51149872,0
1505511980,21503059,260.64,5.50000000,0
1505511979,21503056,260.64,7.73000000,0
1505511979,21503055,260.64,0.25000000,0
1505511978,21503052,260.64,0.24569086,0
1505511978,21503045,260.64,15.00000000,1
1505511978,21503043,260.65,7.73000000,1
1505511977,21503041,260.67,11.95000000,1
1505511977,21503039,261.35,0.38000000,1
1505511977,21503038,261.90,5.50000000,0
1505511964,21502962,261.49,2.24999976,1
1505511964,21502961,261.49,0.58000000,1
1505511963,21502960,261.49,4.89462224,1
1505511947,21502910,261.97,0.02000000,0
1505511935,21502895,261.49,2.24740117,1
1505511929,21502880,261.49,0.58797659,1
1505511927,21502878,260.68,35.74967572,1
1505511927,21502877,261.35,0.39000000,1
1505511927,21502876,261.48,4.84000000,1
1505511924,21502868,260.66,29.07866400,1
1505511924,21502867,260.89,0.58750477,1
1505511924,21502866,261.01,0.35790000,1
1505511924,21502865,261.02,0.35790000,1
1505511924,21502864,261.02,0.35790000,1
1505511924,21502863,261.04,0.35790000,1
1505511924,21502862,261.04,0.35790000,1
1505511923,21502861,261.10,12.81900000,1
1505511923,21502860,261.36,5.50000000,1
1505511923,21502859,261.48,4.84000000,1
1505511923,21502858,261.69,0.58571428,1
1505511923,21502856,261.70,2.08774400,1
1505511923,21502855,261.98,1.11187295,1
1505511909,21502824,262.04,6.22330600,1
1505511904,21502800,262.81,2.08774400,0
1505511902,21502796,262.04,1.50669400,1
1505511899,21502786,262.04,7.73000000,1
1505511869,21502668,262.01,0.39482723,0
1505511868,21502667,262.01,6.44396557,1
1505511861,21502650,262.70,0.93608000,1
1505511854,21502641,263.01,0.43966331,0
1505511854,21502640,263.00,0.93503000,0
1505511854,21502638,261.70,1.34299732,0
1505511854,21502635,261.70,0.77319507,1
1505511853,21502633,262.69,0.37213430,1
1505511852,21502628,261.70,0.22680493,1
1505511852,21502627,261.70,1.22319507,1
1505511852,21502626,261.70,5.50000000,1
1505511847,21502620,261.70,1.00680493,1
1505511845,21502616,261.70,0.58750477,1
1505511844,21502614,261.71,0.56753315,1
1505511844,21502612,262.47,1.45899900,1
1505511841,21502607,262.22,0.58451186,1
1505511841,21502606,262.46,0.40378705,1
1505511841,21502605,262.46,0.17908504,1
1505511839,21502602,262.47,0.38099592,0
1505511838,21502591,262.47,3.00000000,1
1505511834,21502585,263.03,1.08422308,1
1505511834,21502583,263.09,0.37015789,1
1505511832,21502581,264.02,9.41500487,1
1505511831,21502580,263.10,0.00000513,0
1505511830,21502579,263.10,5.49999487,0
1505511830,21502578,263.10,0.00001013,0
1505511826,21502566,263.10,3.90495987,0
1505511824,21502563,263.10,0.93503000,1
1505511739,21502494,264.21,1.58343433,1
1505511739,21502491,264.21,0.11547941,0
1505511697,21502451,264.25,0.00065300,1
1505511695,21502449,263.90,0.93220000,0
1505511688,21502445,263.07,0.58451186,1
1505511683,21502438,263.05,0.11547941,1
1505511683,21502437,263.35,0.79000000,1
1505511682,21502435,264.25,0.57916124,0
1505511681,21502430,264.25,1.41054000,1
1505511681,21502425,264.25,0.17973000,0
1505511680,21502422,264.25,0.40027000,1
1505511680,21502420,264.25,0.79000000,1
1505511678,21502417,263.91,0.40000000,0
1505511675,21502396,263.92,19.86204899,0
1505511675,21502395,263.91,1.99000000,0
1505511675,21502394,263.91,9.25000000,0
1505511673,21502388,263.92,6.44121866,0
1505511671,21502381,263.92,4.83997824,0
1505511671,21502380,263.92,0.93220000,1
1505511670,21502379,264.88,1.73370535,0
1505511670,21502378,264.62,0.30190000,0
1505511669,21502376,263.57,0.58571428,1
1505511667,21502370,262.79,1.00000000,1
1505511667,21502367,262.80,0.53000000,1
1505511667,21502365,262.86,2.65000000,1
1505511667,21502363,263.49,0.82000000,1
1505511666,21502360,263.68,4.84000000,1
1505511666,21502357,263.78,0.17721283,1
1505511666,21502355,263.92,0.30190000,1
1505511623,21502316,265.13,0.82094803,1
1505511623,21502315,265.13,0.32059732,1
1505511622,21502313,265.13,0.92793000,0
1505511584,21502269,265.23,3.00000000,0
1505511582,21502265,265.23,0.92793000,0
1505511582,21502264,265.23,4.84000000,0
1505511581,21502263,265.22,1.74770965,0
1505511569,21502250,263.83,0.02039223,1
1505511567,21502249,264.39,1.01000000,1
1505511563,21502238,264.39,0.23000000,1
1505511558,21502234,264.38,1.39120000,1
1505511558,21502233,264.40,0.06749323,1
1505511558,21502232,264.40,0.30097895,1
1505511558,21502231,264.90,0.66082898,1
1505511553,21502228,264.90,0.61360000,1
1505511552,21502227,264.90,0.98704984,1
1505511551,21502225,264.91,0.02000000,0
1505511550,21502224,264.91,2.41991178,0
1505511548,21502220,264.91,0.92793000,1
1505511548,21502218,264.91,0.23000000,1
1505511524,21502191,265.37,0.80071742,1
1505511524,21502189,265.29,0.92660000,0
1505511493,21502166,264.43,1.72731742,1
1505511492,21502164,264.42,6.17920703,0
1505511491,21502160,264.42,2.70000000,1
1505511490,21502159,264.42,11.78000000,1
1505511490,21502157,264.49,0.36729297,1
1505511490,21502156,264.89,7.81690000,1
1505511490,21502154,264.90,0.92660000,1
1505511490,21502152,264.90,0.23000000,1
1505511410,21502058,265.89,0.32000000,1
1505511408,21502054,265.89,0.37000000,0
1505511408,21502053,265.57,0.03449947,0
1505511408,21502051,265.57,0.66164865,0
1505511408,21502050,265.57,1.98764500,0
1505511408,21502049,265.57,1.21085397,0
1505511408,21502048,265.57,1.21095699,0
1505511407,21502047,265.57,0.31309403,0
1505511407,21502046,265.40,15.70850775,0
1505511407,21502045,265.38,4.81577782,0
1505511403,21502032,264.82,1.15405502,0
1505511402,21502030,264.82,0.37761498,0
1505511389,21502016,265.39,0.33532000,1
1505511379,21502003,265.40,1.14915552,0
1505511379,21502001,265.39,0.18422218,0
1505511375,21501991,265.01,0.33532000,0
1505511374,21501990,265.06,0.23000000,1
1505511374,21501988,265.48,2.26004440,0
1505511372,21501985,265.43,0.37854300,1
1505511361,21501960,265.46,0.02000000,0
1505511356,21501957,264.49,5.00000000,0
1505511355,21501954,264.40,0.06105059,1
1505511355,21501953,264.56,1.27004438,1
1505511355,21501952,265.00,1.00000000,1
1505511355,21501950,265.04,0.23000000,1
1505511354,21501948,265.49,2.49478323,0
1505511354,21501946,265.57,0.89797423,0
1505511354,21501945,265.57,0.42307066,0
1505511353,21501943,265.57,1.05715700,0
1505511353,21501942,265.56,0.30000000,0
1505511333,21501912,265.49,0.65124956,0
1505511308,21501872,265.50,1.31969868,0
1505511306,21501871,264.99,0.43000000,0
1505511304,21501864,265.00,0.78840136,0
1505511304,21501862,265.00,16.97652200,0
1505511304,21501861,264.99,0.43000000,0
1505511303,21501831,265.00,1.85007400,0
1505511302,21501826,265.00,0.65132432,0
1505511302,21501806,264.71,1.88643740,0
1505511290,21501766,264.90,5.00000000,1
1505511288,21501762,264.99,0.52000000,1
1505511285,21501758,265.00,26.71092000,0
1505511283,21501754,265.00,1.45892282,0
1505511282,21501751,265.00,7.71569811,0
1505511281,21501750,264.99,0.52000000,0
1505511273,21501727,265.00,0.37378958,0
1505511272,21501722,265.00,2.13781800,0
1505511271,21501720,265.00,1.63203247,0
1505511271,21501719,265.00,5.68992904,0
1505511270,21501715,265.00,0.02000000,0
1505511269,21501712,265.00,9.65340367,0
1505511268,21501709,265.00,14.64616400,0
1505511268,21501708,264.99,0.61000000,0
1505511264,21501696,265.00,0.20580100,0
1505511263,21501695,265.00,44.94963200,0
1505511263,21501693,265.00,4.00000000,0
1505511262,21501687,265.00,0.65132432,0
1505511260,21501680,265.04,3.16824331,1
1505511260,21501678,265.47,0.98000000,1
1505511260,21501677,265.48,0.74000000,1
1505511252,21501668,265.50,2.73154653,0
1505511251,21501665,265.50,1.24568066,0
1505511243,21501655,265.50,0.65132432,0
1505511228,21501643,265.48,0.24000000,1
1505511222,21501629,265.50,0.65132432,0
1505511208,21501602,265.50,0.59281852,0
1505511207,21501600,265.48,1.35004548,0
1505511191,21501568,265.56,0.65132432,0
1505511187,21501557,265.35,0.08000000,0
1505511185,21501550,265.35,0.89999500,0
1505511184,21501546,264.96,1.00000000,1
1505511177,21501485,265.33,1.70478800,0
1505511175,21501480,265.33,1.70368000,0
1505511170,21501474,264.95,0.08000000,1
1505511159,21501453,265.37,52.05549429,1
1505511159,21501448,265.37,0.71983826,0
1505511159,21501447,265.37,0.35016174,0
1505511158,21501446,265.35,0.30120000,0
1505511153,21501421,265.35,2.95474901,0
1505511153,21501418,265.00,0.00000299,0
1505511146,21501386,265.00,0.00055847,0
1505511145,21501385,264.97,0.37870153,0
1505511135,21501367,264.40,0.96167698,1
1505511135,21501366,264.41,1.95839877,1
1505511134,21501362,264.94,0.72052615,0
1505511134,21501361,264.93,1.27000000,0
1505511126,21501338,264.48,2.26868832,1
1505511123,21501325,264.94,0.25828433,0
1505511123,21501323,264.48,0.92687000,0
1505511123,21501322,264.48,0.23000000,0
1505511123,21501320,264.48,6.13780686,0
1505511122,21501317,264.00,0.00000025,0
1505511122,21501314,264.00,2.92007575,1
1505511121,21501309,264.48,7.72619314,0
1505511120,21501304,264.02,0.65136174,0
1505511102,21501263,264.53,1.00302423,0
1505511079,21501198,263.98,0.17908504,1
1505511071,21501180,264.00,2.73947169,1
1505511071,21501179,264.16,0.58021057,1
1505511070,21501178,264.26,0.58001358,1
1505511057,21501135,264.42,0.59016392,1
1505511057,21501134,264.44,0.30120000,1
1505511056,21501133,264.78,0.20000000,1
1505511056,21501131,264.92,0.20000000,1
1505511056,21501129,264.97,0.03449947,1
1505511055,21501123,264.97,0.66164865,1
1505511051,21501109,264.97,1.98764500,1
1505511049,21501099,265.00,3.95964040,0
1505511048,21501095,264.97,1.21085397,1
1505511047,21501091,264.97,1.21095699,1
1505511045,21501089,264.97,1.21106826,1
1505511044,21501081,264.97,0.42307066,1
1505511039,21501057,264.97,1.05715700,1
1505511038,21501053,265.00,2.64048902,0
1505511032,21501022,265.00,1.27497600,0
1505511032,21501017,265.00,0.27889602,0
1505511032,21501015,264.99,0.29950000,0
1505511023,21500979,264.99,0.58021057,1
1505511023,21500978,265.00,0.92687000,0
1505511022,21500962,265.00,3.47859738,0
1505511022,21500960,265.00,5.05439000,0
1505511021,21500959,265.00,7.01149872,0
1505511020,21500956,265.03,0.32000000,1
1505511020,21500953,265.21,5.05408100,1
1505511018,21500947,265.20,3.50000000,1
1505511015,21500943,265.89,2.90445826,0
1505511005,21500907,265.90,7.01149872,0
1505511000,21500897,265.03,0.04000000,1
1505510996,21500883,265.14,28.00520215,1
1505510994,21500876,265.16,6.39243547,0
1505510994,21500872,265.16,0.23000000,1
1505510994,21500871,265.17,6.43148514,1
1505510979,21500827,265.97,0.65136174,0
1505510974,21500816,265.09,0.58001358,1
1505510973,21500808,265.98,4.37649441,0
1505510972,21500805,265.70,0.00000387,0
1505510969,21500789,265.70,0.27513613,1
1505510968,21500783,265.99,0.36000000,0
1505510961,21500766,265.91,0.43505628,1
1505510961,21500764,265.92,0.29950000,1
1505510961,21500762,265.99,0.05536772,1
1505510960,21500759,266.00,0.57618091,0
1505510957,21500756,265.99,13.16000000,1
1505510957,21500755,265.99,5.47414400,1
1505510956,21500754,265.99,6.02000000,1
1505510949,21500735,266.00,0.33636577,0
1505510944,21500718,266.00,2.12077199,0
1505510943,21500716,265.90,0.16849638,0
1505510943,21500715,265.90,0.38723975,0
1505510943,21500714,265.90,0.02250789,0
1505510930,21500698,265.70,0.86386387,1
1505510930,21500697,265.70,0.45999713,1
1505510928,21500693,265.66,0.10000000,0
1505510928,21500692,265.55,0.47828986,0
1505510928,21500691,265.55,0.00071301,0
1505510928,21500690,265.55,0.10000000,0
1505510927,21500687,265.54,0.44000000,0
1505510927,21500686,265.54,0.02000000,0
1505510926,21500685,265.36,3.52856300,1
1505510920,21500678,265.52,0.26865700,0
1505510917,21500671,265.52,0.14620421,0
1505510915,21500669,265.52,0.06003906,0
1505510915,21500668,265.50,0.13001738,0
1505510914,21500662,265.50,0.44909109,0
1505510914,21500659,265.36,0.00489891,0
1505510913,21500655,265.36,0.09510109,0
1505510913,21500653,265.19,0.22000000,0
1505510910,21500643,265.11,0.10000000,0
1505510910,21500642,265.00,2.08829769,0
1505510909,21500639,265.00,1.40954200,0
1505510905,21500626,265.00,0.22873000,0
1505510902,21500612,265.00,0.14620421,0
1505510899,21500602,265.00,7.07716980,0
1505510898,21500601,265.00,4.05005630,0
1505510898,21500600,265.00,20.00000000,0
1505510897,21500595,264.99,1.29143698,1
1505510896,21500593,264.99,0.56000000,1
1505510893,21500586,265.00,17.33088500,0
1505510893,21500585,265.00,1.79109433,0
1505510892,21500584,264.99,7.73000000,1
1505510891,21500580,264.99,5.29048828,1
1505510891,21500578,264.99,2.43951172,1
1505510891,21500577,265.00,42.34361700,0
1505510891,21500576,265.00,5.28254322,0
1505510890,21500575,265.00,0.37959000,0
1505510890,21500572,264.99,7.73000000,1
1505510889,21500570,265.00,23.43962000,0
1505510888,21500562,265.00,0.65136174,0
1505510887,21500554,265.00,0.51000000,0
1505510886,21500548,265.00,1.78939621,0
1505510886,21500545,265.00,0.53000000,0
1505510884,21500538,265.00,4.03546527,0
1505510884,21500535,265.00,1.93100315,0
1505510882,21500533,264.99,0.63000000,1
1505510882,21500530,265.00,4.71517300,0
1505510881,21500526,265.00,1.67100578,0
1505510880,21500525,265.00,0.52000000,0
1505510880,21500523,265.00,1.20812543,0
1505510879,21500522,265.00,3.76497000,0
1505510879,21500521,265.00,5.41484600,0
1505510879,21500519,265.00,6.37460900,0
1505510879,21500517,265.00,9.66503000,0
1505510878,21500514,265.00,1.06057377,0
1505510878,21500513,265.00,0.77392946,0
1505510878,21500512,265.00,0.97699167,0
1505510878,21500510,265.00,7.29760900,0
1505510877,21500507,265.00,0.65136174,0
1505510874,21500498,265.00,1.78875471,0
1505510873,21500485,265.00,3.73135849,0
1505510872,21500478,265.00,2.26416001,0
1505510872,21500472,265.00,47.51339622,0
1505510869,21500453,264.99,0.75000000,1
1505510868,21500449,265.00,1.19230188,0
1505510866,21500442,264.99,5.42676400,1
1505510859,21500418,264.99,0.38175800,1
1505510858,21500411,265.00,0.58480000,0
1505510857,21500402,264.99,0.38676400,1
1505510856,21500399,264.99,0.89000000,1
1505510856,21500397,265.00,40.97967572,0
1505510855,21500392,265.00,0.65136174,0
1505510854,21500387,265.00,14.37709500,0
1505510854,21500385,265.00,1.13579000,0
1505510854,21500384,265.00,40.78247200,0
1505510853,21500383,265.00,4.00000000,0
1505510849,21500368,265.00,3.48957100,0
1505510849,21500367,265.00,4.04579600,0
1505510846,21500358,265.00,8.05115100,0
1505510845,21500357,265.00,2.91482300,0
1505510845,21500356,265.00,9.45720400,0
1505510844,21500350,265.00,56.23370000,0
1505510843,21500348,264.99,1.06000000,1
1505510840,21500338,265.00,0.73105659,0
1505510839,21500333,265.00,30.74744600,0
1505510839,21500332,265.00,16.04353700,0
1505510836,21500320,265.00,4.00000000,0
1505510835,21500312,265.00,4.54758490,0
1505510830,21500302,265.00,2.75000000,0
1505510830,21500300,264.99,1.25000000,0
1505510829,21500297,265.00,28.33105300,0
1505510829,21500296,265.00,0.03381999,0
1505510828,21500295,264.99,1.96618001,0
1505510827,21500287,265.00,13.45941000,0
1505510824,21500279,265.00,1.66207400,0
1505510822,21500268,265.00,19.45424100,0
1505510822,21500262,265.00,0.65136174,0
1505510820,21500257,265.00,10.32049700,0
1505510820,21500255,265.00,21.15749900,0
1505510818,21500250,265.00,3.78979900,0
1505510818,21500249,264.99,1.49000000,0
1505510816,21500242,265.00,3.09463100,0
1505510814,21500230,265.00,21.40195600,0
1505510810,21500217,265.00,0.49682323,0
1505510810,21500216,265.00,6.98629900,0
1505510807,21500203,265.00,90.06677500,0
1505510807,21500201,265.00,1.01235000,0
1505510806,21500198,265.00,3.65781300,0
1505510806,21500197,265.00,1.05900584,0
1505510806,21500195,265.00,0.15000000,0
1505510806,21500193,264.99,1.70505216,0
1505510804,21500184,264.99,0.47494784,0
1505510804,21500183,264.99,18.13724116,0
1505510804,21500182,264.99,0.65136174,0
1505510801,21500165,264.99,1.21442561,0
1505510800,21500152,264.99,1.21443401,0
1505510797,21500143,264.99,0.65136174,0
1505510797,21500142,264.98,0.19557400,0
1505510796,21500136,264.97,1.21451901,0
1505510785,21500107,264.99,0.65136174,0
1505510783,21500104,264.99,2.68900000,0
1505510779,21500101,264.98,12.02755728,0
1505510779,21500099,264.97,2.59000000,0
1505510776,21500086,264.97,0.65136174,0
1505510766,21500056,264.86,0.65136174,0
1505510762,21500042,264.88,0.11695862,0
1505510752,21500015,264.96,0.10000000,0
1505510750,21500013,264.96,0.65515350,0
1505510740,21499980,264.96,0.13287100,0
1505510725,21499934,264.98,0.65515350,0
1505510712,21499877,264.97,0.65860000,0
1505510694,21499792,264.84,1.29143698,0
1505510678,21499706,263.81,3.69027883,1
1505510677,21499701,264.86,0.57824402,0
1505510674,21499688,264.98,19.03959422,0
1505510674,21499686,264.91,0.10000000,0
1505510674,21499684,264.87,0.67000000,0
1505510673,21499681,264.87,3.33000000,0
1505510667,21499656,264.88,29.57549248,0
1505510667,21499655,264.84,0.10000000,0
1505510667,21499654,264.76,0.10000000,0
1505510667,21499652,264.66,0.20073800,0
1505510667,21499651,264.66,0.02376952,0
1505510666,21499648,264.66,0.00040712,0
1505510666,21499646,264.63,0.58099988,0
1505510662,21499619,264.64,0.74414114,1
1505510662,21499616,264.64,0.47828986,0
1505510661,21499612,264.41,0.50000000,0
1505510661,21499611,264.40,6.61588800,0
1505510661,21499610,264.37,0.24119700,0
1505510660,21499607,264.39,0.25880300,1
1505510591,21499281,263.65,0.16575154,1
1505510590,21499279,264.55,0.65860000,0
1505510584,21499265,263.60,0.95449553,1
1505510577,21499224,263.68,1.29714828,1
1505510545,21499137,263.60,1.80457616,1
1505510544,21499131,263.60,0.75122189,1
1505510482,21498926,263.60,6.62621386,0
1505510481,21498918,263.59,0.33559416,0
1505510480,21498917,263.59,3.61440584,0
1505510476,21498901,263.57,1.40236800,0
1505510476,21498900,262.60,0.00000500,0
1505510473,21498899,262.60,0.25999500,0
1505510462,21498868,262.54,0.93615000,0
1505510458,21498854,262.48,1.98765000,1
1505510458,21498853,262.52,0.80042132,1
1505510458,21498851,262.50,0.30380000,0
1505510458,21498850,262.49,2.28580136,0
1505510428,21498812,262.10,0.65860000,0
1505510400,21498787,262.19,0.61992553,0
1505510400,21498785,261.18,0.03867447,0
1505510382,21498769,261.18,0.55000000,1
1505510373,21498761,261.05,48.37516759,0
1505510373,21498760,261.05,0.58710096,1
1505510373,21498759,261.26,24.84690000,1
1505510372,21498758,261.27,24.84690000,1
1505510372,21498757,261.27,24.84690000,1
1505510372,21498756,261.28,0.74000000,1
1505510372,21498755,261.31,7.72620000,1
1505510372,21498754,261.31,0.50867200,1
1505510371,21498753,261.37,3.69000000,1
1505510371,21498752,261.46,0.53000000,1
1505510371,21498751,261.50,7.73000000,1
1505510369,21498749,261.61,0.15415945,1
1505510366,21498747,261.61,0.04584055,1
1505510364,21498745,261.76,0.20000000,1
1505510284,21498689,261.86,4.38055540,1
1505510284,21498688,261.88,0.71042965,1
1505510281,21498682,261.88,1.16643579,1
1505510248,21498631,261.86,1.11944460,1
1505510248,21498630,261.88,0.86260518,1
1505510247,21498627,261.88,0.58710096,1
1505510244,21498624,261.88,1.98765000,1
1505510244,21498623,261.88,1.40264386,1
1505510244,21498622,261.98,0.58500114,1
1505510235,21498606,261.99,4.84000000,1
1505510234,21498605,262.00,0.50000000,1
1505510234,21498604,262.01,0.20000000,1
1505510234,21498603,262.02,2.09999500,1
1505510234,21498602,262.10,0.30380000,1
1505510234,21498601,262.11,3.80000152,1
1505510215,21498587,262.99,1.29714828,0
1505510194,21498570,262.17,2.87461032,1
1505510138,21498515,262.02,0.81100000,1
1505510136,21498513,262.01,0.52000000,1
1505510136,21498512,262.41,0.20000000,1
1505510136,21498511,262.76,0.20000000,1
1505510135,21498508,263.03,0.20000000,0
1505510135,21498507,263.03,0.20000000,0
1505510135,21498506,262.05,0.20000000,0
1505510134,21498504,262.05,0.20000000,0
1505510134,21498503,262.01,0.05026493,1
1505510134,21498502,262.03,0.80373507,1
1505510134,21498501,262.03,0.19626493,1
1505510134,21498500,262.03,0.80373507,1
1505510131,21498495,262.03,0.19626493,1
1505510131,21498494,262.05,0.80373507,1
1505510131,21498493,262.05,1.29626493,1
1505510128,21498479,262.05,1.29626493,1
1505510128,21498477,262.07,0.22991136,1
1505510128,21498471,263.06,0.93615000,1
1505510127,21498468,263.06,0.30400000,1
1505510126,21498465,262.85,0.30400000,0
1505510126,21498464,262.07,0.23000000,0
1505510126,21498462,262.05,1.00000000,1
1505510125,21498460,262.07,0.93615000,1
1505510125,21498457,262.11,0.30400000,1
1505510119,21498445,262.10,1.22303516,1
1505510108,21498415,264.64,6.20486546,1
1505510108,21498414,264.64,5.50000000,1
1505510108,21498413,264.64,2.28145557,1
1505510108,21498411,264.23,7.80960000,0
1505510107,21498409,263.77,0.55000000,0
1505510107,21498408,263.77,2.30462869,1
1505510107,21498407,263.77,0.93012000,1
1505510107,21498404,263.76,2.98197800,0
1505510106,21498402,263.75,0.83000000,1
1505510106,21498401,263.75,0.20000000,1
1505510106,21498400,263.75,4.84000000,1
1505510106,21498399,263.60,5.50000000,0
1505510105,21498398,263.59,11.82000000,1
1505510105,21498396,263.54,4.84000000,0
1505510105,21498395,263.54,0.30330000,1
1505510105,21498394,263.54,7.01149870,1
1505510104,21498393,262.94,0.23000000,0
1505510104,21498390,262.92,4.17000000,1
1505510103,21498384,262.04,1.72917303,1
1505510102,21498382,262.04,0.86078898,0
1505510101,21498380,262.04,0.32783819,0
1505510101,21498378,262.04,5.00000000,1
1505510085,21498355,262.04,0.89431421,0
1505510085,21498352,262.04,0.20742926,0
1505510069,21498329,262.51,0.00000031,1
1505510069,21498328,262.51,2.43902700,1
1505510064,21498321,262.51,1.32097269,0
1505510063,21498319,262.51,0.30330000,0
1505510058,21498312,262.51,10.67000000,0
1505510057,21498310,262.51,0.14413927,0
1505510056,21498309,262.50,0.07185400,1
1505510052,21498287,262.50,0.85400000,1
1505510052,21498285,262.51,4.14000000,1
1505510052,21498283,262.51,0.10000000,1
1505510045,21498273,262.50,0.18230000,1
1505510042,21498259,262.50,0.10000000,1
1505510031,21498239,262.50,6.42158804,1
1505510031,21498236,262.51,5.54000000,1
1505510031,21498233,262.52,5.00000000,1
1505510031,21498230,262.65,0.20000000,1
1505510030,21498226,263.00,0.20000000,1
1505510030,21498225,263.30,0.20000000,1
1505510016,21498210,263.31,0.12000000,0
1505510008,21498197,263.32,3.61000000,0
1505510005,21498195,263.31,5.13254000,1
1505510004,21498188,263.32,7.80960000,0
1505510003,21498187,263.31,1.61746000,1
1505510002,21498183,263.55,0.20000000,1
1505510002,21498182,263.67,5.94198804,1
1505510001,21498181,263.67,1.61723000,1
1505510001,21498180,263.67,12.60724816,1
1505510000,21498179,263.76,0.22564884,1
1505509992,21498163,263.76,0.07600016,1
1505509992,21498161,263.76,0.62847100,1
1505509992,21498160,263.77,0.30230000,1
1505509976,21498120,263.68,0.05002341,1
1505509976,21498119,263.69,0.11899659,1
1505509976,21498118,263.75,0.20000000,1
1505509973,21498108,263.76,3.24494200,0
1505509973,21498105,263.90,0.20000000,1
1505509971,21498092,264.64,0.47828986,1
1505509968,21498086,264.64,0.00071301,1
1505509967,21498085,264.65,1.02057699,1
1505509965,21498080,264.65,0.58401245,1
1505509962,21498072,264.65,0.57910847,1
1505509957,21498063,264.64,0.10000000,0
1505509950,21498050,264.63,0.11835248,1
1505509949,21498049,264.34,0.57244740,0
1505509949,21498048,264.34,0.00920012,0
1505509949,21498046,264.29,0.10000000,0
1505509947,21498039,264.05,0.10000000,0
1505509937,21498025,264.04,0.38813900,1
1505509914,21497978,264.01,0.10000000,0
1505509903,21497967,264.00,0.02071000,1
1505509903,21497966,264.00,0.50000000,0
1505509902,21497964,263.99,0.10000000,0
1505509899,21497962,263.83,0.20073800,1
1505509896,21497961,263.73,0.10853781,1
1505509896,21497960,263.73,0.96848961,1
1505509895,21497959,263.83,0.45860000,0
1505509895,21497958,263.83,0.10000000,0
1505509895,21497957,263.76,0.10000000,0
1505509894,21497955,263.74,0.38552000,1
1505509893,21497954,263.74,0.10000000,0
1505509889,21497911,263.67,0.41364992,1
1505509889,21497907,263.67,0.02431932,1
1505509884,21497900,263.73,0.37451373,1
1505509883,21497896,263.73,0.24570975,1
1505509878,21497884,263.67,0.62098800,1
1505509877,21497875,263.67,1.32267656,1
1505509875,21497868,263.60,2.93171241,0
1505509875,21497867,263.60,1.54680000,0
1505509875,21497866,263.60,1.16340000,0
1505509875,21497864,263.60,1.80998759,0
1505509871,21497856,263.60,0.35860000,0
1505509871,21497855,263.56,0.10000000,0
1505509871,21497854,263.55,0.10000000,0
1505509871,21497853,263.54,0.10000000,0
1505509856,21497791,263.49,2.68686360,1
1505509856,21497788,263.50,0.57244740,1
1505509851,21497780,263.50,0.00920012,0
1505509843,21497762,263.50,0.09079988,0
1505509843,21497761,263.42,0.48367376,0
1505509843,21497760,263.42,0.01552636,0
1505509835,21497749,263.42,0.08447364,0
1505509835,21497748,263.41,0.10000000,0
1505509835,21497747,263.39,0.10000000,0
1505509835,21497746,263.34,0.39000000,0
1505509817,21497711,263.32,4.34566500,0
1505509808,21497686,263.14,0.85131626,0
1505509781,21497647,262.96,0.03923000,1
1505509765,21497633,262.95,0.20886300,1
1505509762,21497628,262.96,1.59740000,1
1505509760,21497621,263.06,0.29580000,0
1505509759,21497619,262.95,0.62863039,1
1505509757,21497612,262.95,0.62840506,1
1505509739,21497581,262.50,1.65276200,1
1505509738,21497578,263.13,8.69967133,0
1505509738,21497576,262.94,0.93303886,0
1505509736,21497566,262.50,0.59110800,1
1505509732,21497559,262.50,10.00000000,1
1505509730,21497557,262.50,30.00000000,1
1505509729,21497555,262.50,20.48700700,1
1505509728,21497550,262.50,0.92608200,1
1505509727,21497548,262.50,1.17295000,1
1505509722,21497539,262.50,22.54241200,1
1505509720,21497537,262.50,2.89576600,1
1505509719,21497536,262.40,0.95860047,0
1505509718,21497535,262.05,3.05255300,1
1505509717,21497534,262.05,0.20000000,1
1505509717,21497533,262.05,10.66000000,1
1505509717,21497531,262.25,0.20000000,1
1505509708,21497518,262.40,11.28257600,0
1505509699,21497504,262.40,0.20000000,1
1505509699,21497500,262.50,1.00000000,0
1505509682,21497446,262.30,7.73000000,0
1505509611,21497231,262.50,1.98625665,0
1505509611,21497230,262.50,1.14288761,0
1505509611,21497226,262.50,2.41483804,0
1505509599,21497169,262.05,0.37439615,0
1505509598,21497162,262.05,0.92745000,1
1505509582,21497123,262.37,0.92632114,0
1505509579,21497108,262.04,2.76457628,1
1505509579,21497106,262.05,0.37879054,1
1505509573,21497073,262.06,0.93191000,1
1505509565,21497035,262.05,0.18567698,1
1505509563,21497028,262.05,0.93361601,1
1505509563,21497026,262.38,0.68640000,1
1505509549,21496919,262.50,1.98765000,0
1505509546,21496899,262.50,5.44936200,0
1505509546,21496886,262.50,2.91397114,0
1505509543,21496849,262.50,1.52814963,0
1505509537,21496770,262.50,0.20983100,0
1505509534,21496748,262.50,1.97000000,0
1505509534,21496745,262.50,4.34566517,0
1505509533,21496740,263.14,0.85133389,1
1505509530,21496724,262.99,1.70243924,1
1505509528,21496722,263.00,0.08077224,0
1505509528,21496719,263.09,0.40200335,1
1505509527,21496713,262.99,1.57545936,1
1505509527,21496708,263.00,0.48277664,1
1505509526,21496701,263.25,0.10000000,0
1505509526,21496699,263.13,0.10000000,0
1505509526,21496697,263.10,0.10000000,0
1505509526,21496695,263.10,0.10000000,0
1505509525,21496694,263.09,0.40200335,0
1505509522,21496677,263.00,0.10000000,0
1505509521,21496666,262.99,2.89000000,0
1505509521,21496664,262.86,0.58492230,0
1505509520,21496661,262.83,0.10000000,0
1505509520,21496659,262.82,0.58500114,0
1505509517,21496640,262.81,0.10000000,0
1505509517,21496638,262.81,0.58367376,0
1505509517,21496637,262.81,0.10000000,0
1505509514,21496616,262.11,0.58635100,1
1505509514,21496615,262.24,0.68640000,1
1505509513,21496613,262.25,5.27285600,1
1505509513,21496611,262.26,0.05728000,1
1505509513,21496609,262.27,0.86399511,1
1505509512,21496600,262.26,0.72812000,1
1505509510,21496580,262.70,0.10000000,0
1505509510,21496570,262.58,0.48367376,1
1505509507,21496548,262.58,0.10000000,0
1505509504,21496529,262.55,0.10000000,0
1505509503,21496526,262.38,0.10000000,0
1505509501,21496510,262.35,0.09950000,1
1505509500,21496508,262.35,0.10000000,0
1505509498,21496505,262.23,0.10000000,0
1505509497,21496503,262.22,0.58635687,0
1505509496,21496502,262.15,0.10000000,0
1505509496,21496501,262.14,0.09900000,0
1505509487,21496488,262.05,0.10000000,0
1505509487,21496487,262.05,0.10000000,0
1505509486,21496483,262.04,0.94464247,1
1505509485,21496481,262.04,10.51458908,1
1505509484,21496472,262.04,3.24811899,1
1505509482,21496460,262.04,21.53050436,1
1505509475,21496442,262.04,0.25549644,0
1505509475,21496441,262.03,0.42275603,0
1505509464,21496413,262.04,0.04045230,0
1505509464,21496412,262.03,0.27464478,0
1505509463,21496411,262.03,0.58492230,0
1505509455,21496401,261.91,0.17825247,0
1505509455,21496400,261.80,0.10000000,0
1505509455,21496399,261.80,0.10000000,0
1505509454,21496398,261.60,0.10000000,0
1505509454,21496397,261.55,0.10000000,0
1505509454,21496396,261.50,0.10000000,0
1505509453,21496393,261.45,0.10000000,0
1505509453,21496392,261.43,0.00000003,0
1505509453,21496390,261.43,0.48813631,0
1505509453,21496389,261.43,0.09998799,0
1505509437,21496370,261.31,0.31752800,1
1505509436,21496369,261.32,5.83476700,1
1505509435,21496367,261.32,0.82620000,1
1505509423,21496337,261.28,5.83335700,0
1505509423,21496334,261.31,1.07049268,1
1505509422,21496331,261.31,1.51000000,1
1505509422,21496330,261.31,1.27036953,1
1505509422,21496329,261.31,0.68000000,1
1505509421,21496326,261.30,4.03113779,0
1505509421,21496324,261.30,1.51030000,0
1505509420,21496323,261.30,1.51030000,0
1505509420,21496322,261.30,0.67826221,0
1505509420,21496321,261.30,0.30740000,0
1505509420,21496319,261.30,0.52463779,0
1505509418,21496318,261.30,0.67829044,0
1505509413,21496308,261.05,1.41717835,1
1505509413,21496307,261.05,12.39648300,0
1505509413,21496306,261.05,3.16224800,0
1505509413,21496305,261.05,7.40214200,0
1505509412,21496300,261.06,0.35790000,1
1505509412,21496298,261.07,0.11098603,1
1505509411,21496295,261.08,1.43413961,0
1505509411,21496294,261.08,0.11892301,1
1505509407,21496287,261.08,0.11107699,1
1505509400,21496266,261.30,0.44995000,0
1505509398,21496262,261.30,0.67829044,0
1505509394,21496254,261.30,0.09678905,0
1505509394,21496253,261.30,0.26347836,0
1505509394,21496252,261.29,0.11998737,0
1505509393,21496251,261.29,0.21238800,0
1505509390,21496239,261.07,0.24691397,1
1505509390,21496238,261.07,0.00001796,1
1505509390,21496237,261.12,0.23000000,1
1505509388,21496231,261.30,0.58635687,0
1505509387,21496230,261.08,0.36337205,1
1505509387,21496229,261.08,0.01691993,1
1505509387,21496228,261.11,0.33549557,1
1505509387,21496226,261.11,0.02240443,1
1505509387,21496225,261.11,0.33550717,1
1505509386,21496221,261.11,0.02239283,1
1505509384,21496218,261.30,0.48061105,0
1505509384,21496216,261.30,0.19767939,0
1505509383,21496210,261.30,0.39072788,0
1505509383,21496209,261.25,0.10000000,0
1505509383,21496206,261.20,0.28304822,0
1505509382,21496196,261.08,0.34098007,1
1505509381,21496194,261.08,0.35790000,1
1505509379,21496180,260.99,0.35788204,0
1505509366,21496080,260.43,0.35788204,1
1505509366,21496079,260.44,0.79536916,1
1505509361,21496069,260.87,0.93570000,1
1505509361,21496068,260.87,0.46266736,1
1505509361,21496067,261.01,0.23000000,1
1505509357,21496059,260.87,0.47303264,1
1505509357,21496058,260.88,0.93570000,1
1505509357,21496057,261.00,1.00000000,1
1505509356,21496056,261.00,1.29253383,1
1505509356,21496055,261.01,2.29873353,1
1505509356,21496053,261.00,0.80876255,1
1505509355,21496052,261.00,1.82998905,1
1505509355,21496051,261.00,3.66673050,1
1505509351,21496045,261.00,1.87725169,1
1505509350,21496042,261.01,0.08452962,1
1505509350,21496041,261.01,2.00699785,1
1505509349,21496040,261.01,2.90847253,1
1505509349,21496038,261.01,0.23000000,1
1505509340,21496008,261.20,0.30558959,0
1505509339,21496004,261.00,0.93569000,1
1505509338,21496001,261.00,19.58904238,0
1505509335,21495989,260.11,1.60678171,1
1505509326,21495965,260.87,1.94367900,0
1505509322,21495951,260.87,2.87377000,0
1505509321,21495948,260.87,0.67829044,0
1505509316,21495936,260.87,0.61992100,0
1505509316,21495935,260.86,0.30640000,0
1505509311,21495923,260.88,1.98754311,0
1505509309,21495917,260.89,2.87000000,0
1505509287,21495863,259.98,2.91187400,1
1505509287,21495862,260.02,0.93569000,1
1505509286,21495860,259.98,0.66109238,1
1505509286,21495859,259.99,0.30640000,1
1505509286,21495858,260.00,0.00000662,1
1505509286,21495857,260.01,0.23000000,1
1505509278,21495842,261.03,0.67829044,0
1505509249,21495805,260.00,0.31934612,1
1505509246,21495800,260.00,0.70000000,0
1505509246,21495798,260.00,0.28249341,0
1505509230,21495788,260.00,0.67829044,0
1505509215,21495774,259.96,2.30804739,1
1505509202,21495755,260.00,7.28626015,0
1505509202,21495754,259.96,0.30750000,0
1505509202,21495753,259.95,0.93594000,0
1505509160,21495654,260.05,0.45655500,1
1505509160,21495652,260.06,0.26046600,1
1505509159,21495650,260.08,0.93593500,1
1505509159,21495648,260.05,0.04702900,0
1505509155,21495644,260.05,0.40953100,0
1505509154,21495642,260.05,1.24344000,0
1505509143,21495629,259.20,0.30740000,1
1505509142,21495628,259.21,5.00000000,1
1505509142,21495627,259.22,0.30750000,1
1505509141,21495626,259.22,7.73000000,1
1505509121,21495621,259.20,3.75840400,1
1505509121,21495620,259.47,5.00000000,1
1505509121,21495619,259.47,2.73000000,1
1505509120,21495618,259.47,5.00000000,1
1505509119,21495616,259.47,2.73000000,1
1505509119,21495615,259.48,5.00000000,1
1505508982,21495464,259.72,3.29000000,1
1505508980,21495461,259.70,5.00000000,1
1505508980,21495459,259.71,7.01149872,1
1505508929,21495378,261.07,0.55801000,0
1505508923,21495369,260.21,0.36086891,0
1505508916,21495365,260.21,0.23000000,1
1505508911,21495359,260.20,0.99999982,1
1505508911,21495358,260.28,2.29863420,1
1505508911,21495357,260.32,0.58871955,1
1505508911,21495356,260.39,5.00000000,1
1505508910,21495355,260.42,0.93594000,1
1505508910,21495354,260.43,0.88611143,1
1505508910,21495353,260.43,0.23000000,1
1505508910,21495351,261.09,0.44829044,0
1505508910,21495350,261.09,0.23000000,0
1505508876,21495310,261.13,0.12000000,1
1505508869,21495297,261.13,0.19326704,0
1505508869,21495296,261.12,0.23000000,0
1505508869,21495295,261.11,0.25506148,0
1505508844,21495248,261.13,0.67832852,0
1505508796,21495167,261.17,2.42776735,0
1505508795,21495166,261.16,0.58871955,1
1505508794,21495161,261.16,0.23000000,0
1505508781,21495133,260.54,0.45214146,0
1505508781,21495132,260.53,0.23000000,0
1505508750,21495106,260.53,0.07277257,0
1505508750,21495105,260.41,0.37936889,0
1505508750,21495104,260.40,0.23000000,0
1505508737,21495089,260.41,0.00629099,0
1505508737,21495088,260.00,0.01785901,0
1505508719,21495059,260.00,0.68214099,0
1505508719,21495058,260.00,0.00000047,0
1505508696,21495035,260.00,7.21431400,0
1505508693,21495030,259.72,0.67186478,0
1505508693,21495028,259.72,0.90181735,0
1505508693,21495027,259.69,4.06000458,0
1505508684,21495012,259.68,0.68214146,0
1505508672,21495004,259.32,0.52348600,0
1505508669,21494998,259.32,1.79025248,0
1505508668,21494994,259.41,3.55992307,1
1505508666,21494990,259.42,12.28291300,0
1505508666,21494989,259.41,3.56000000,0
1505508662,21494980,259.42,6.37275628,1
1505508662,21494977,259.42,2.31275700,0
1505508656,21494971,259.36,0.26600000,0
1505508639,21494953,259.46,0.50020840,0
1505508639,21494952,259.46,0.18193306,0
1505508627,21494935,258.14,0.59560703,1
1505508626,21494934,259.45,0.59100862,0
1505508620,21494925,259.50,0.68214146,0
1505508618,21494919,257.36,0.71846640,0
1505508618,21494918,257.36,3.71651000,0
1505508618,21494916,257.36,1.16000000,0
1505508617,21494914,258.02,0.46057138,1
1505508617,21494913,258.02,0.06620184,1
1505508617,21494911,258.02,0.53102469,1
1505508617,21494908,258.03,1.59000000,1
1505508616,21494906,258.11,0.59383569,1
1505508616,21494905,258.57,0.93339000,1
1505508615,21494902,258.63,0.23000000,1
1505508597,21494890,258.62,0.08998086,1
1505508597,21494889,258.63,2.33340914,1
1505508589,21494883,259.28,0.68214146,0
