date,tid,price,amount,type
1505520087,21517331,1.17254,80.00000,1
1505520073,21517322,1.17267,0.00419,0
1505520073,21517321,1.17267,57.98000,0
1505520066,21517316,1.17267,68.05000,0
1505520057,21517299,1.17247,1.31286,1
1505520057,21517298,1.17248,385.77712,1
1505520053,21517294,1.17267,14.58211,0
1505520050,21517286,1.17267,14.56752,0
1505519934,21517201,1.17267,35.65501,0
1505519904,21517152,1.17267,50.37000,0
1505519835,21517106,1.17266,131.18693,1
1505519571,21516922,1.17946,46.85096,0
1505519571,21516918,1.17946,467.02879,0
1505519567,21516902,1.17944,1816.78000,0
1505519567,21516900,1.17943,1370.00000,0
1505519532,21516866,1.17950,16.02374,0
1505519528,21516855,1.17949,16.00772,0
1505519528,21516853,1.17949,145.79154,0
1505519280,21516641,1.17246,3.62598,1
1505519280,21516640,1.17247,450.00000,1
1505519126,21516481,1.17247,87.96814,1
1505519098,21516448,1.17246,7.39676,1
1505519098,21516447,1.17247,1040.00000,1
1505519043,21516388,1.17247,210.75818,1
1505519039,21516381,1.17247,117.76372,1
1505518978,21516348,1.17443,73.47590,1
1505518917,21516300,1.17443,3.28752,1
1505518917,21516299,1.17443,76.71248,1
1505518684,21516190,1.17446,901.98097,1
1505518682,21516180,1.17446,1192.23805,1
1505518680,21516177,1.17446,257.11653,1
1505518680,21516176,1.17446,1028.19418,1
1505518680,21516175,1.17447,2097.40242,1
1505518677,21516168,1.17447,1204.33685,0
1505518676,21516166,1.17446,376.44235,1
1505518675,21516164,1.17447,1933.60314,1
1505518542,21516031,1.17447,274.98915,1
1505518541,21516029,1.17446,244.02792,1
1505518539,21516021,1.17448,273.94978,1
1505518538,21516017,1.17447,144.26968,1
1505518534,21516007,1.17447,36.78136,1
1505518522,21515979,1.17447,92.89769,1
1505518453,21515826,1.17447,37.93354,1
1505518450,21515816,1.17447,38.23024,1
1505518450,21515814,1.17447,49.68764,1
1505518419,21515780,1.17447,102.50582,0
1505518418,21515778,1.17447,130.99294,1
1505518418,21515775,1.17447,126.32042,1
1505518362,21515729,1.17999,89.00000,0
1505518302,21515662,1.18000,697.02877,0
1505518302,21515661,1.18000,457.13999,0
1505518301,21515660,1.18000,1470.05968,0
1505518301,21515659,1.18000,666.55739,0
1505518301,21515658,1.18000,1.13286,0
1505518301,21515657,1.18000,641.84627,0
1505518300,21515656,1.18000,1060.45311,0
1505518300,21515654,1.18000,84.65434,0
1505518300,21515652,1.18000,416.38298,0
1505518299,21515650,1.18000,34.14257,0
1505518299,21515649,1.18000,2886.79204,0
1505518299,21515647,1.18000,17.55690,0
1505518298,21515646,1.18000,718.70639,0
1505518298,21515645,1.18000,276.11915,0
1505518298,21515644,1.18000,371.51750,0
1505518298,21515643,1.18000,410.63830,0
1505518297,21515641,1.18000,1.99322,0
1505518297,21515640,1.18000,1000.00000,0
1505518297,21515639,1.18000,3.51781,0
1505518296,21515638,1.18000,787.20316,0
1505518296,21515635,1.18000,196.18131,0
1505518296,21515634,1.17946,4000.00000,0
1505518295,21515633,1.17900,3000.00000,0
1505518295,21515632,1.17750,299.21801,0
1505518295,21515631,1.17750,112.03722,0
1505518295,21515630,1.17750,258.83998,0
1505518294,21515629,1.17750,875.58893,0
1505518294,21515628,1.17750,801.43255,0
1505518294,21515626,1.17750,765.33997,0
1505518294,21515623,1.17750,48.68928,0
1505518293,21515622,1.17750,48.51470,0
1505518293,21515620,1.17750,48.32228,0
1505518293,21515619,1.17750,122.12194,0
1505518292,21515618,1.17750,2899.62999,0
1505518292,21515617,1.17750,122.93057,0
1505518292,21515616,1.17750,601.18998,0
1505518291,21515615,1.17750,152.93817,0
1505518291,21515613,1.17750,461.13146,0
1505518291,21515612,1.17750,1449.11997,0
1505518290,21515611,1.17750,462.77000,0
1505518290,21515609,1.17750,2962.57999,0
1505518290,21515605,1.17750,5250.98700,0
1505518289,21515600,1.17750,329.08999,0
1505518289,21515599,1.17750,201.93999,0
1505518289,21515594,1.17750,305.17999,0
1505518288,21515592,1.17750,206.33789,0
1505518288,21515591,1.17750,83.39398,0
1505518288,21515590,1.17750,48.03076,0
1505518288,21515589,1.17750,83.38999,0
1505518287,21515588,1.17750,201.85999,0
1505518287,21515587,1.17750,47.90275,0
1505518287,21515586,1.17750,47.84301,0
1505518286,21515585,1.17750,47.71313,0
1505518286,21515582,1.17750,83.43999,0
1505518286,21515581,1.17750,131.12999,0
1505518285,21515580,1.17750,242.26563,0
1505518285,21515579,1.17750,131.11999,0
1505518284,21515578,1.17750,47.66193,0
1505518284,21515577,1.17750,1932.95024,0
1505518284,21515575,1.17750,1444.08975,0
1505518284,21515574,1.17750,168.56999,0
1505518283,21515573,1.17750,240.65999,0
1505518283,21515571,1.17750,332.74998,0
1505518283,21515569,1.17750,85.65171,0
1505518282,21515568,1.17750,131.07037,0
1505518282,21515566,1.17750,131.06184,0
1505518282,21515565,1.17750,47.60415,0
1505518281,21515564,1.17750,390.29655,0
1505518281,21515563,1.17750,47.42445,0
1505518281,21515562,1.17750,66.18999,0
1505518280,21515561,1.17746,3529.00522,0
1505518280,21515560,1.17707,1010.00000,0
1505518280,21515559,1.17705,5747.58112,0
1505518280,21515558,1.17249,904.24044,0
1505518243,21515522,1.17249,29.63895,0
1505518242,21515515,1.17249,100.54328,0
1505518242,21515514,1.17249,153.50000,0
1505518242,21515513,1.17249,11.60589,0
1505518240,21515502,1.17200,512.62321,1
1505518240,21515499,1.17200,266.92717,1
1505518209,21515431,1.17201,395.20662,0
1505518209,21515427,1.17210,6.82536,1
1505518209,21515423,1.17250,299.21801,1
1505518206,21515412,1.17400,100.31439,1
1505518087,21515284,1.17744,528.86000,0
1505518083,21515276,1.17732,529.11780,0
1505518081,21515268,1.17734,133.62000,1
1505518042,21515181,1.17746,293.66462,0
1505518041,21515177,1.17749,177.33016,1
1505518038,21515144,1.17400,228.79717,0
1505518031,21515119,1.17400,83.69012,0
1505518030,21515117,1.17400,84.35244,0
1505518029,21515113,1.17400,45.21256,0
1505518026,21515100,1.17400,63.37340,0
1505518025,21515099,1.17398,4.29866,0
1505518023,21515088,1.17398,148.09747,0
1505518022,21515085,1.17250,112.03722,1
1505518019,21515060,1.17398,1918.77262,0
1505518019,21515053,1.17250,258.83998,1
1505518018,21515042,1.17398,99.76091,0
1505518017,21515040,1.17397,0.48357,0
1505518007,21514964,1.17250,875.58893,1
1505518003,21514953,1.17250,801.43255,1
1505518002,21514944,1.17250,765.33997,1
1505518000,21514930,1.17250,48.68928,1
1505517997,21514891,1.17250,48.51470,1
1505517994,21514879,1.17250,48.32228,1
1505517992,21514863,1.17250,122.12194,1
1505517988,21514847,1.17250,2899.62999,1
1505517983,21514831,1.17250,122.93057,1
1505517979,21514804,1.17250,601.18998,1
1505517976,21514790,1.17250,152.93817,1
1505517976,21514785,1.17250,461.13146,1
1505517974,21514775,1.17250,1449.11997,1
1505517973,21514768,1.17250,462.77000,1
1505517972,21514758,1.17250,2962.57999,1
1505517969,21514743,1.17250,5250.98700,1
1505517949,21514693,1.17250,329.08999,1
1505517928,21514641,1.17250,201.93999,1
1505517891,21514593,1.17250,305.17999,1
1505517888,21514586,1.17250,206.33789,1
1505517831,21514517,1.17250,83.39398,1
1505517822,21514501,1.17250,48.03076,1
1505517821,21514498,1.17250,83.38999,1
1505517818,21514488,1.17250,201.85999,1
1505517814,21514478,1.17250,47.90275,1
1505517811,21514473,1.17250,47.84301,1
1505517802,21514456,1.17250,47.71313,1
1505517801,21514451,1.17250,83.43999,1
1505517799,21514447,1.17250,131.12999,1
1505517799,21514445,1.17250,242.26563,1
1505517796,21514438,1.17250,131.11999,1
1505517796,21514436,1.17250,47.66193,1
1505517788,21514417,1.17250,1932.95024,1
1505517786,21514413,1.17250,1444.08975,1
1505517752,21514307,1.17250,168.56999,1
1505517741,21514274,1.17397,272.43643,0
1505517741,21514272,1.17266,0.02557,0
1505517735,21514242,1.17250,240.65999,1
1505517728,21514228,1.17250,332.74998,1
1505517724,21514215,1.17250,85.65171,1
1505517714,21514177,1.17250,131.07037,1
1505517711,21514167,1.17250,131.06184,1
1505517702,21514150,1.17250,47.60415,1
1505517697,21514134,1.17250,390.29655,1
1505517697,21514133,1.17250,47.42445,1
1505517696,21514127,1.17250,66.18999,1
1505517692,21514123,1.17266,72.18150,1
1505517688,21514116,1.17266,195.62238,1
1505517687,21514111,1.17266,213.05999,1
1505517686,21514105,1.17266,47.23882,1
1505517684,21514098,1.17266,50.00000,1
1505517682,21514096,1.17266,212.99806,1
1505517677,21514080,1.17266,59.59218,1
1505517676,21514079,1.17290,6.82070,1
1505517676,21514078,1.17300,6.82012,1
1505517676,21514077,1.17310,6.81954,1
1505517676,21514076,1.17320,6.81896,1
1505517676,21514075,1.17330,6.81838,1
1505517676,21514074,1.17331,6.31012,1
1505517672,21514065,1.17331,75.93942,1
1505517672,21514064,1.17331,9.00046,1
1505517672,21514063,1.17340,6.81779,1
1505517672,21514062,1.17350,6.81721,1
1505517672,21514061,1.17360,6.81663,1
1505517671,21514060,1.17361,92.26000,1
1505517671,21514059,1.17361,92.30000,1
1505517671,21514058,1.17361,88.36000,1
1505517671,21514057,1.17370,6.81605,1
1505517671,21514056,1.17380,6.81547,1
1505517671,21514054,1.17381,73.30000,1
1505517671,21514053,1.17390,6.81489,1
1505517667,21514013,1.17400,2043.22382,1
1505517666,21514008,1.17400,68.33000,1
1505517663,21514000,1.17400,85.57809,1
1505517663,21513993,1.17400,119.50649,1
1505517660,21513984,1.17400,627.22000,1
1505517659,21513978,1.17400,56.14160,1
1505517659,21513977,1.17400,6.81431,1
1505517656,21513966,1.17408,2701.40181,1
1505517655,21513964,1.17408,227.30000,1
1505517654,21513958,1.17408,71.29819,1
1505517654,21513957,1.17410,6.81373,1
1505517654,21513955,1.17420,6.81315,1
1505517654,21513952,1.17430,6.81257,1
1505517653,21513950,1.17440,6.81199,1
1505517653,21513948,1.17441,80.90000,1
1505517653,21513946,1.17441,47.85037,1
1505517651,21513937,1.17441,39.86963,1
1505517651,21513936,1.17450,6.81141,1
1505517651,21513935,1.17460,6.81083,1
1505517651,21513933,1.17463,92.80000,1
1505517651,21513932,1.17463,90.35000,1
1505517651,21513931,1.17464,182.28813,1
1505517649,21513920,1.17464,138.06034,1
1505517648,21513918,1.17464,14.83466,1
1505517648,21513915,1.17464,52.67687,1
1505517647,21513914,1.17464,129.09825,1
1505517645,21513898,1.17464,93.79175,1
1505517645,21513896,1.17464,389.25000,1
1505517645,21513895,1.17470,6.81025,1
1505517645,21513894,1.17480,6.80967,1
1505517645,21513892,1.17481,1000.00000,1
1505517644,21513889,1.17490,6.80909,1
1505517636,21513877,1.17500,1412.10197,1
1505517636,21513873,1.17500,475.57655,1
1505517635,21513870,1.17500,1745.98000,1
1505517634,21513864,1.17500,1503.47074,1
1505517631,21513852,1.17500,1597.57168,1
1505517629,21513842,1.17500,3831.75320,1
1505517628,21513840,1.17500,1629.93606,1
1505517626,21513835,1.17500,1503.47393,1
1505517624,21513828,1.17500,43.59999,1
1505517616,21513812,1.17500,3132.50346,1
1505517613,21513805,1.17500,63.03046,1
1505517610,21513803,1.17500,42.05264,1
1505517609,21513798,1.17500,85.49514,1
1505517608,21513794,1.17500,153.00999,1
1505517607,21513787,1.17500,434.75681,1
1505517604,21513771,1.17500,88.34532,1
1505517599,21513744,1.17500,67.05532,1
1505517592,21513723,1.17500,88.34894,1
1505517588,21513712,1.17500,1523.29787,1
1505517587,21513708,1.17500,153.00999,1
1505517584,21513690,1.17500,4272.79867,1
1505517583,21513685,1.17500,26.43789,1
1505517580,21513668,1.17500,131.07320,1
1505517580,21513665,1.17500,3132.67332,1
1505517578,21513661,1.17500,58.03264,1
1505517575,21513653,1.17500,26.37237,1
1505517572,21513641,1.17500,130.93523,1
1505517571,21513637,1.17500,85.47179,1
1505517569,21513628,1.17500,711.23442,1
1505517568,21513625,1.17500,51.98912,1
1505517567,21513616,1.17500,2984.96853,1
1505517566,21513603,1.17500,130.88510,1
1505517563,21513577,1.17500,1768.34953,1
1505517562,21513572,1.17500,626.11338,1
1505517560,21513552,1.17500,50.37999,1
1505517550,21513512,1.17500,9100.18724,1
1505517549,21513505,1.17500,94.01998,1
1505517547,21513495,1.17500,130.33068,1
1505517547,21513491,1.17500,210.41999,1
1505517162,21512844,1.17501,0.24830,1
1505517162,21512842,1.17503,42.96592,1
1505517150,21512799,1.17501,90.64604,0
1505517150,21512798,1.17500,70.64556,1
1505517145,21512777,1.17500,182.58724,1
1505517134,21512747,1.17500,152.86605,1
1505517133,21512741,1.17501,6.06286,1
1505517133,21512740,1.17501,240.95897,1
1505517131,21512738,1.17500,274.42853,1
1505517130,21512737,1.17500,139.88937,1
1505517128,21512720,1.17500,580.29997,1
1505517127,21512716,1.17501,32.02333,1
1505517126,21512711,1.17501,240.95897,1
1505517024,21512421,1.17500,161.69999,1
1505516961,21512285,1.17501,152.97811,1
1505516958,21512278,1.17500,152.70146,1
1505516942,21512247,1.17500,219.74739,1
1505516932,21512194,1.17500,58.68937,1
1505516929,21512176,1.17500,4644.39455,1
1505516923,21512144,1.17500,953.10639,1
1505516922,21512140,1.17500,306.10998,1
1505516921,21512136,1.17501,111.69494,1
1505516918,21512112,1.17500,152.32341,1
1505516917,21512109,1.17500,2538.43406,1
1505516917,21512103,1.17500,124.09049,1
1505516915,21512090,1.17500,253.55999,1
1505516915,21512086,1.17500,112.11039,1
1505516914,21512078,1.17501,123.43289,1
1505516875,21511978,1.17500,199.80426,1
1505516872,21511966,1.17500,50.97217,1
1505516872,21511964,1.17501,0.00656,1
1505516871,21511961,1.17501,156.04974,1
1505516766,21511782,1.17501,135.72387,1
1505516730,21511748,1.17500,179.30138,1
1505516730,21511747,1.17501,0.00325,1
1505516723,21511735,1.17501,167.59858,0
1505516722,21511733,1.17500,168.40171,1
1505516722,21511730,1.17500,1521.28328,1
1505516721,21511728,1.17501,167.60183,1
1505516670,21511652,1.17501,61.79843,0
1505516669,21511651,1.17501,32.05914,0
1505516656,21511630,1.17501,103.72221,0
1505516643,21511618,1.17501,114.62255,0
1505516630,21511602,1.17501,101.56430,0
1505516628,21511599,1.17500,46.36596,1
1505516617,21511577,1.17501,107.38638,0
1505516614,21511568,1.17500,131.04762,1
1505516603,21511558,1.17501,118.67157,0
1505516590,21511547,1.17501,131.14285,0
1505516580,21511529,1.17500,130.91999,1
1505516577,21511526,1.17501,66.30773,0
1505516577,21511525,1.17501,78.61780,0
1505516564,21511513,1.17501,150.79567,0
1505516564,21511511,1.17501,9.36139,0
1505516556,21511496,1.17501,143.65860,1
1505516529,21511477,1.17501,98.51492,1
1505516511,21511440,1.17501,169.10889,0
1505516506,21511431,1.17500,58.45814,1
1505516505,21511429,1.17501,4.39785,1
1505516504,21511423,1.17501,79.07020,1
1505516499,21511405,1.17501,103.41433,1
1505516489,21511390,1.17501,206.52191,1
1505516463,21511372,1.17501,90.00000,1
1505516452,21511357,1.17501,85.47999,1
1505516441,21511328,1.17500,1685.01999,1
1505516438,21511315,1.17500,341.33998,1
1505516437,21511311,1.17500,476.22452,1
1505516436,21511308,1.17500,152.70195,1
1505516435,21511306,1.17501,213.10804,1
1505516432,21511299,1.17500,1116.19575,1
1505516430,21511297,1.17500,88.10213,1
1505516429,21511291,1.17500,1176.25532,1
1505516424,21511283,1.17500,1648.41325,1
1505516424,21511282,1.17501,235.50379,1
1505516424,21511281,1.17501,539.97294,1
1505516403,21511251,1.17500,951.87031,1
1505516397,21511242,1.17500,457.13999,1
1505516394,21511237,1.17500,1470.05968,1
1505516394,21511235,1.17501,83.64770,1
1505516392,21511234,1.17501,203.43260,0
1505516391,21511228,1.17500,666.55739,1
1505516390,21511227,1.17501,203.43260,1
1505516357,21511205,1.17501,135.60736,1
1505516341,21511193,1.17500,1.13286,1
1505516340,21511192,1.17501,239.06285,1
1505516266,21511088,1.17500,641.84627,1
1505516266,21511084,1.17501,0.00054,1
1505516266,21511079,1.17501,294.91665,1
1505516249,21511059,1.17500,1060.45311,1
1505516249,21511058,1.17501,313.06179,1
1505516221,21511014,1.17501,67.84057,0
1505516221,21511013,1.17501,76.11891,0
1505516214,21511004,1.17500,84.65434,1
1505516213,21511002,1.17501,7.93325,1
1505516212,21510997,1.17501,76.11891,1
1505516209,21510989,1.17501,299.11235,1
1505516206,21510983,1.17501,366.55946,1
1505516175,21510893,1.17501,173.89058,1
1505516036,21510675,1.17501,303.75627,0
1505516036,21510674,1.17501,85.47692,0
1505516032,21510655,1.17500,416.38298,1
1505516031,21510648,1.17500,34.14257,1
1505516030,21510644,1.17500,2886.79204,1
1505516028,21510626,1.17500,17.55690,1
1505516027,21510625,1.17501,419.95660,1
1505516027,21510623,1.17502,443.60404,1
1505516025,21510613,1.17501,13.72706,1
1505515983,21510563,1.17500,718.70639,1
1505515977,21510557,1.17500,276.11915,1
1505515975,21510552,1.17500,371.51750,1
1505515974,21510551,1.17501,1.85799,1
1505515973,21510549,1.17501,369.73916,1
1505515940,21510521,1.17500,410.63830,1
1505515936,21510517,1.17500,1.99322,1
1505515935,21510511,1.17501,410.64902,1
1505515782,21510438,1.17501,264.34258,1
1505515780,21510437,1.17501,189.46312,1
1505515715,21510390,1.17501,210.04502,1
1505515710,21510377,1.17501,72.78273,1
1505515708,21510374,1.17501,104.25976,1
1505515703,21510365,1.17501,131.03933,1
1505515677,21510315,1.17501,257.05256,1
1505515677,21510313,1.17501,258.45043,1
1505515661,21510288,1.17501,369.76309,1
1505515454,21510144,1.17501,100.00000,1
1505515413,21510109,1.17500,3.51781,1
1505515412,21510107,1.17501,758.72013,1
1505515406,21510094,1.17501,0.28598,1
1505515405,21510091,1.17502,51.37893,1
1505515274,21509949,1.17501,66.40022,1
1505515274,21509948,1.17502,13.59978,1
1505515269,21509942,1.17981,54.17131,0
1505515265,21509934,1.17501,75.83871,1
1505515265,21509933,1.17502,24.16129,1
1505515256,21509925,1.17501,88.93542,1
1505515210,21509872,1.17501,64.72286,1
1505515207,21509870,1.17501,109.30967,1
1505514981,21509703,1.17994,512.13986,0
1505514977,21509693,1.17502,88.85872,0
1505514970,21509680,1.17748,43.10545,1
1505514958,21509659,1.17748,124.43294,1
1505514953,21509637,1.17748,86.48179,1
1505514950,21509626,1.17748,1.28258,0
1505514948,21509620,1.17748,255.23316,0
1505514821,21509433,1.17500,787.20316,1
1505514820,21509432,1.17501,168.02907,1
1505514816,21509425,1.17501,231.26689,1
1505514815,21509415,1.17501,221.39119,1
1505514808,21509388,1.17501,11.33299,1
1505514808,21509387,1.17508,55.55908,1
1505514808,21509386,1.17747,35.08898,1
1505514807,21509385,1.17747,283.56892,1
1505514798,21509367,1.17748,8.78614,1
1505514797,21509366,1.17995,1.17537,1
1505514789,21509334,1.17995,10.41950,1
1505514789,21509333,1.17995,11.59487,1
1505514767,21509317,1.17748,160.92000,1
1505514763,21509309,1.17748,304.16452,1
1505514762,21509308,1.17759,2.07152,1
1505514762,21509307,1.17995,11.59487,1
1505514762,21509306,1.17995,0.58909,1
1505514744,21509287,1.17995,11.00578,1
1505514744,21509286,1.17995,11.59487,1
1505514717,21509251,1.17994,11.59487,0
1505514696,21509226,1.17999,151.86868,0
1505514694,21509222,1.17995,46.69000,1
1505514680,21509207,1.18000,42.55196,0
1505514680,21509205,1.18000,240.88804,0
1505514655,21509151,1.17999,119.31000,0
1505514641,21509112,1.17998,55.36086,0
1505514629,21509087,1.17748,52.11813,0
1505514628,21509084,1.17748,206.78529,0
1505514627,21509081,1.17748,317.04102,0
1505514627,21509077,1.17748,206.29708,0
1505514625,21509071,1.17748,207.83590,0
1505514620,21509057,1.17747,242.80901,0
1505514614,21509037,1.17608,40.56003,0
1505514614,21509031,1.17608,317.77367,0
1505514614,21509030,1.17608,298.59938,0
1505514613,21509029,1.17608,357.87162,0
1505514613,21509028,1.17608,241.06039,0
1505514611,21509018,1.17608,116.56011,0
1505514610,21509012,1.17608,83.68026,0
1505514609,21509003,1.17608,206.60866,0
1505514606,21508995,1.17608,64.69321,0
1505514606,21508994,1.17606,34.04594,0
1505514606,21508991,1.17600,123.94616,0
1505514605,21508987,1.17600,234.46032,0
1505514601,21508964,1.17598,210.20544,0
1505514601,21508962,1.17598,558.68456,0
1505514579,21508914,1.17500,196.18131,1
1505514578,21508913,1.17500,6.80851,1
1505514578,21508912,1.17501,286.91817,1
1505514572,21508902,1.17501,202.16851,0
1505514572,21508900,1.17510,6.80793,1
1505514572,21508898,1.17520,6.80735,1
1505514572,21508896,1.17530,6.80677,1
1505514572,21508895,1.17540,6.80619,1
1505514572,21508894,1.17550,6.80561,1
1505514571,21508892,1.17560,6.80504,1
1505514571,21508890,1.17570,6.80446,1
1505514571,21508888,1.17580,6.80388,1
1505514571,21508886,1.17590,6.80330,1
1505514551,21508807,1.17598,120.42000,0
1505514535,21508760,1.17598,38.23043,0
1505514530,21508732,1.17600,554.46357,1
1505514530,21508731,1.17600,24.66476,1
1505514529,21508727,1.17600,358.15238,1
1505514528,21508709,1.17600,120.10000,1
1505514527,21508706,1.17600,210.22551,1
1505514524,21508686,1.17600,25.50233,1
1505514523,21508675,1.17600,1297.18581,1
1505514519,21508644,1.17600,24.48151,1
1505514518,21508641,1.17600,112.91000,1
1505514515,21508621,1.17600,112.98000,1
1505514512,21508597,1.17600,24.50876,1
1505514507,21508566,1.17600,24.68809,1
1505514503,21508546,1.17600,110.13728,1
1505514503,21508543,1.17600,6.80272,1
1505514498,21508519,1.17608,2.38725,1
1505514496,21508510,1.17608,52.43734,1
1505514491,21508485,1.17608,210.31115,1
1505514491,21508479,1.17608,265.33915,1
1505514488,21508458,1.17608,204.76991,1
1505514488,21508451,1.17608,1890.29296,1
1505514487,21508444,1.17608,288.25310,1
1505514485,21508435,1.17608,86.20914,1
1505514485,21508433,1.17610,0.03401,1
1505514484,21508430,1.17610,6.76813,1
1505514481,21508412,1.17612,885.68204,1
1505514480,21508408,1.17612,114.29000,1
1505514479,21508400,1.17612,0.02796,1
1505514479,21508398,1.17620,6.80156,1
1505514479,21508396,1.17630,6.80099,1
1505514479,21508393,1.17640,6.80041,1
1505514479,21508391,1.17650,6.79983,1
1505514479,21508390,1.17660,6.79925,1
1505514456,21508287,1.17670,6.79867,1
1505514455,21508286,1.17680,6.79810,1
1505514455,21508285,1.17690,6.79752,1
1505514455,21508283,1.17710,6.79636,1
1505514455,21508282,1.17730,6.79521,1
1505514445,21508251,1.17750,6.79406,1
1505514444,21508249,1.17750,1684.62886,1
1505514443,21508243,1.17750,105.54610,1
1505514443,21508241,1.17750,269.55381,1
1505514440,21508225,1.17750,210.05434,1
1505514439,21508220,1.17750,392.89324,1
1505514438,21508215,1.17750,104.67613,1
1505514437,21508213,1.17750,210.90001,1
1505514437,21508207,1.17750,344.39637,1
1505514435,21508196,1.17750,268.32140,1
1505514434,21508189,1.17750,129.49503,1
1505514431,21508162,1.17750,676.03000,1
1505514430,21508153,1.17750,222.59705,1
1505514429,21508149,1.17750,268.05661,1
1505514427,21508141,1.17750,265.37543,1
1505514426,21508138,1.17750,210.90001,1
1505514424,21508124,1.17750,120.04000,1
1505514424,21508119,1.17750,391.58894,1
1505514423,21508113,1.17750,404.12000,1
1505514418,21508085,1.17750,360.10125,1
1505514412,21508054,1.17750,3681.72000,1
1505514405,21508008,1.17750,209.57263,1
1505514404,21507990,1.17750,205.89995,1
1505514400,21507964,1.17750,1102.96264,1
1505514399,21507958,1.17750,85.27113,1
1505514398,21507949,1.17750,980.75000,1
1505514398,21507945,1.17750,256.69260,1
1505514397,21507940,1.17750,220.80999,1
1505514397,21507938,1.17750,928.79287,1
1505514393,21507906,1.17750,5.38185,1
1505514390,21507885,1.17750,205.64812,1
1505514389,21507882,1.17750,128.27808,1
1505514389,21507881,1.17750,92.53192,1
1505514387,21507874,1.17750,57.07223,1
1505514386,21507867,1.17750,379.90927,1
1505514384,21507862,1.17750,210.89051,1
1505514381,21507846,1.17750,78.89115,1
1505514378,21507831,1.17750,2604.16623,1
1505514377,21507828,1.17750,92.64377,1
1505514377,21507823,1.17750,58.60000,1
1505514371,21507800,1.17750,398.70116,1
1505514368,21507797,1.17750,261.09999,1
1505514368,21507796,1.17750,428.82002,1
1505514367,21507793,1.17750,882.32999,1
1505514355,21507762,1.17750,313.96288,1
1505514350,21507745,1.17750,19.67000,1
1505514347,21507739,1.17750,75.09000,1
1505514345,21507721,1.17750,2394.56644,1
1505514345,21507719,1.17750,928.79287,1
1505514345,21507717,1.17750,55.38584,1
1505514344,21507716,1.17750,114.38269,1
1505514344,21507709,1.17750,102.18148,1
1505514343,21507707,1.17750,2863.21999,1
1505514337,21507684,1.17750,159.06700,1
1505514335,21507680,1.17750,78.10415,1
1505514335,21507679,1.17750,35.71585,1
1505514331,21507667,1.17750,638.84032,1
1505514329,21507665,1.17750,153.04000,1
1505514329,21507664,1.17750,35.72000,1
1505514325,21507653,1.17750,3643.09771,1
1505514317,21507616,1.17750,79.14942,1
1505514312,21507601,1.17750,252.57747,1
1505514310,21507596,1.17750,127.93567,1
1505514309,21507583,1.17751,98.47693,1
1505514308,21507580,1.17751,153.04999,1
1505514296,21507536,1.17750,554.74310,1
1505514296,21507532,1.17750,2503.53119,1
1505514295,21507531,1.17751,0.01872,1
1505514295,21507526,1.17751,140.67822,1
1505514294,21507521,1.17751,137.26540,1
1505514293,21507511,1.17750,1646.76858,1
1505514287,21507496,1.17750,1935.01487,1
1505514285,21507486,1.17750,1932.73886,1
1505514283,21507481,1.17750,1964.31510,1
1505514283,21507480,1.17750,2595.34687,1
1505514283,21507478,1.17751,307.17312,1
1505514280,21507465,1.17750,3231.18489,1
1505514270,21507452,1.17750,1.04117,1
1505514269,21507451,1.17751,339.45456,1
1505514251,21507425,1.18000,44.08568,0
1505514251,21507424,1.18000,147.44614,0
1505514239,21507359,1.17999,149.82538,1
1505514238,21507349,1.18000,211.81417,0
1505514227,21507322,1.17751,10.88986,0
1505514226,21507319,1.17751,79.87795,1
1505514224,21507310,1.17751,231.80273,1
1505514224,21507307,1.17790,129.55609,1
1505514224,21507303,1.17790,79.62494,1
1505514221,21507293,1.17790,210.90952,0
1505514221,21507289,1.17790,152.64905,0
1505514220,21507283,1.17790,53.65828,0
1505514220,21507279,1.17790,153.77428,0
1505514105,21507129,1.17751,100.00000,1
1505514098,21507116,1.17790,57.14474,0
1505514095,21507112,1.17751,100.00000,1
1505514072,21507071,1.17750,689.85822,1
1505514071,21507070,1.17751,236.89410,1
1505514070,21507067,1.17790,209.74794,0
1505514069,21507064,1.17750,116.94483,1
1505514066,21507061,1.17751,155.49743,1
1505514030,21507031,1.17751,79.62999,0
1505514029,21507030,1.17751,40.00372,0
1505514021,21507023,1.17751,4.33766,0
1505514016,21507020,1.17751,260.94544,0
1505514004,21507007,1.17750,32.08524,1
1505514004,21507006,1.17751,284.58934,1
1505513998,21507001,1.17750,0.34854,1
1505513998,21507000,1.17751,304.92539,1
1505513976,21506953,1.17751,119.65448,1
1505513962,21506936,1.17751,28.44209,1
1505513960,21506934,1.17751,79.62791,1
1505513933,21506874,1.17750,126.75001,1
1505513929,21506860,1.17750,2471.39243,1
1505513925,21506843,1.17750,151.41713,1
1505513925,21506840,1.17751,91.73671,1
1505513924,21506834,1.17751,78.59284,0
1505513924,21506831,1.17770,6.79290,1
1505513907,21506793,1.17790,6.79175,1
1505513907,21506791,1.17792,0.01066,1
1505513905,21506786,1.17792,215.53000,1
1505513897,21506761,1.17800,953.86831,1
1505513897,21506760,1.17800,28.04996,1
1505513897,21506757,1.17800,149.71987,1
1505513896,21506756,1.17800,139.49165,1
1505513896,21506753,1.17800,267.20455,1
1505513894,21506747,1.17800,267.14324,1
1505513884,21506712,1.17800,1194.52242,1
1505513884,21506710,1.17810,6.79060,1
1505513884,21506708,1.17830,6.78944,1
1505513884,21506707,1.17850,6.78829,1
1505513884,21506706,1.17930,6.78369,1
1505513883,21506704,1.17940,6.78311,1
1505513883,21506703,1.17950,6.78253,1
1505513883,21506702,1.17960,6.78196,1
1505513883,21506701,1.17970,6.78139,1
1505513883,21506699,1.17980,6.78081,1
1505513883,21506697,1.17990,6.78024,1
1505513883,21506694,1.18000,1587.91505,1
1505513882,21506691,1.18000,154.32204,1
1505513881,21506686,1.18000,76.70000,1
1505513880,21506684,1.18000,359.00578,1
1505513880,21506680,1.18000,154.33000,1
1505513879,21506678,1.18000,265.70805,1
1505513879,21506674,1.18000,154.47577,1
1505513877,21506665,1.18000,76.69884,1
1505513877,21506660,1.18000,139.65191,1
1505513876,21506656,1.18000,31.19256,1
1505513876,21506654,1.18000,6.77966,1
1505513876,21506653,1.18000,383.34417,1
1505513874,21506646,1.18000,76.62219,1
1505513874,21506642,1.18000,121.67051,1
1505513873,21506638,1.18000,273.25949,1
1505513873,21506627,1.18000,1636.50728,1
1505513872,21506625,1.18000,104.76272,1
1505513871,21506615,1.18000,104.77000,1
1505513871,21506607,1.18000,125.20969,1
1505513866,21506588,1.18000,27.43278,1
1505513864,21506581,1.18000,126.10764,1
1505513864,21506579,1.18000,1148.63814,1
1505513864,21506576,1.18000,35.98694,1
1505513863,21506575,1.18000,130.67506,1
1505513863,21506567,1.18000,74.05933,1
1505513862,21506565,1.18000,155.51695,1
1505513862,21506562,1.18000,974.94864,1
1505513861,21506556,1.18000,52.53001,1
1505513861,21506550,1.18000,21.52999,1
1505513859,21506533,1.18000,42.63807,1
1505513835,21506426,1.18000,865.84774,1
1505513834,21506424,1.18000,6.32243,1
1505513833,21506423,1.18000,203.91000,1
1505513831,21506415,1.18000,88.86826,1
1505513830,21506411,1.18000,155.52000,1
1505513829,21506409,1.18000,265.57000,1
1505513829,21506407,1.18000,88.52000,1
1505513822,21506383,1.18000,203.85671,1
1505513814,21506363,1.18000,416.18516,1
1505513810,21506359,1.18000,415.55663,1
1505513808,21506356,1.18000,1071.46135,1
1505513807,21506354,1.18000,267.04243,1
1505513807,21506351,1.18000,221.90999,1
1505513805,21506345,1.18000,390.88965,1
1505513805,21506336,1.18000,336.96051,1
1505513804,21506327,1.18000,250.75999,1
1505513804,21506321,1.18000,80.52754,1
1505513803,21506315,1.18000,6730.90273,1
1505513802,21506312,1.18000,272.25322,1
1505513802,21506304,1.18000,85.22337,1
1505513801,21506299,1.18000,414.78677,1
1505513800,21506292,1.18000,237.95965,1
1505513799,21506281,1.18000,266.97738,1
1505513797,21506276,1.18000,269.48763,1
1505513796,21506273,1.18000,8.12771,1
1505513795,21506270,1.18000,483.52250,1
1505513786,21506249,1.18000,1135.77967,1
1505513785,21506247,1.18000,334.30900,1
1505513783,21506242,1.18000,413.86633,1
1505513781,21506235,1.18000,733.87443,1
1505513781,21506234,1.18001,152.68664,1
1505513777,21506229,1.18000,2153.64954,1
1505513776,21506228,1.18001,297.11046,1
1505513775,21506222,1.18000,904.87991,1
1505513771,21506210,1.18001,353.90999,1
1505513770,21506208,1.18001,41.91979,1
1505513769,21506207,1.18003,16.51273,1
1505513763,21506197,1.18003,41.62607,1
1505513516,21505901,1.18000,400.48999,1
1505513515,21505900,1.18000,315.69689,1
1505513456,21505790,1.18000,601.85997,1
1505513455,21505787,1.18000,77.05004,1
1505513455,21505786,1.18000,130.83999,1
1505513451,21505772,1.18000,79.79999,1
1505513450,21505770,1.18000,51.04002,1
1505513447,21505762,1.18000,1253.88668,1
1505513446,21505761,1.18000,809.56999,1
1505513441,21505703,1.18000,483.86282,1
1505513440,21505700,1.18000,131.01943,1
1505513432,21505688,1.18000,130.88850,1
1505513430,21505685,1.18000,85.21589,1
1505513430,21505683,1.18000,122.23679,1
1505513414,21505652,1.18000,101.55299,1
1505513413,21505644,1.18000,95.67739,1
1505513412,21505637,1.18000,523.37731,1
1505513411,21505633,1.18000,601.85749,1
1505513406,21505608,1.18000,130.52039,1
1505513404,21505591,1.18000,146.85626,1
1505513402,21505579,1.18000,144.16496,1
1505513398,21505561,1.18000,79.80000,1
1505513389,21505532,1.18000,129.06592,1
1505513387,21505521,1.18000,11.94917,1
1505513385,21505514,1.18000,1601.33999,1
1505513374,21505478,1.18000,1105.75741,1
1505513374,21505477,1.18001,315.11258,1
1505513365,21505450,1.18000,426.04115,1
1505513362,21505442,1.18000,596.93646,1
1505513360,21505441,1.18000,199.36046,1
1505513359,21505437,1.18000,3417.69218,1
1505513359,21505436,1.18001,348.22814,1
1505513350,21505415,1.18001,29.50175,1
1505513350,21505413,1.18001,400.48999,1
1505513339,21505374,1.18001,67.75957,1
1505513337,21505372,1.18001,116.82105,1
1505513336,21505367,1.18001,100.04693,1
1505513306,21505301,1.18000,2814.32613,1
1505513304,21505280,1.18001,579.30678,1
1505513269,21505217,1.18001,640.18102,1
1505513225,21505163,1.18001,108.15540,1
1505513221,21505153,1.18000,291.96999,1
1505513221,21505150,1.18001,538.15210,1
1505513219,21505143,1.18001,99.01612,1
1505513146,21505045,1.18002,137.93000,1
1505513000,21504844,1.18000,111.37502,1
1505512977,21504786,1.18001,111.28642,1
1505512966,21504772,1.18001,111.12039,1
1505512918,21504737,1.18001,111.03364,1
1505512847,21504667,1.18001,131.57446,1
1505512813,21504608,1.18001,300.62458,1
1505512774,21504566,1.18002,108.30960,0
1505512773,21504564,1.18002,128.40570,1
1505512770,21504557,1.18002,1590.92219,1
1505512758,21504535,1.18002,174.59217,1
1505512752,21504521,1.18003,700.50470,1
1505512750,21504518,1.18002,402.17999,1
1505512710,21504419,1.18002,110.86789,1
1505512506,21504171,1.18499,110.14824,0
1505512500,21504160,1.18499,110.06220,0
1505512340,21503989,1.18000,169.00569,1
1505512339,21503988,1.18000,107.87766,1
1505512339,21503986,1.18001,903.62953,1
1505512339,21503984,1.18003,108.92711,1
1505512338,21503981,1.18004,108.92711,1
1505512292,21503900,1.18476,778.54381,1
1505512213,21503810,1.18612,204.31587,1
1505512204,21503798,1.18612,105.42154,1
1505512194,21503783,1.18637,143.03000,0
1505512193,21503780,1.18612,1000.00000,0
1505512193,21503778,1.18500,75.22535,0
1505512193,21503776,1.18500,601.07553,0
1505512193,21503775,1.18500,231.12975,0
1505512192,21503773,1.18500,341.19845,0
1505512192,21503770,1.18500,70.81381,0
1505512191,21503768,1.18500,1113.20000,0
1505512171,21503723,1.18500,24.22000,0
1505512170,21503721,1.18500,170.03284,0
1505512169,21503718,1.18500,210.79281,0
1505512168,21503715,1.18500,664.34248,0
1505512167,21503713,1.18500,54.04138,0
1505512166,21503711,1.18500,246.01257,0
1505512161,21503696,1.18500,109.97631,0
1505512159,21503682,1.18500,804.91000,0
1505512156,21503640,1.18500,109.88297,0
1505512154,21503628,1.18500,100.21185,0
1505512150,21503606,1.18500,109.79896,0
1505512144,21503595,1.18500,109.70620,0
1505512139,21503579,1.18500,109.61091,0
1505512134,21503566,1.18500,109.50945,0
1505512127,21503546,1.18500,847.80646,0
1505512127,21503545,1.18500,459.83997,0
1505512126,21503544,1.18500,358.84936,0
1505512126,21503543,1.18500,96.33375,0
1505512126,21503542,1.18478,159.95792,0
1505512126,21503541,1.18478,1566.59630,0
1505512126,21503540,1.18478,242.04381,0
1505512120,21503528,1.18478,109.45942,0
1505512115,21503512,1.18478,43.54234,0
1505512114,21503509,1.18478,65.83417,0
1505512109,21503487,1.18478,109.17654,0
1505512102,21503450,1.18478,109.02564,0
1505512098,21503424,1.18478,257.18181,0
1505512097,21503411,1.18478,108.56133,0
1505512095,21503407,1.18476,2783.18000,0
1505512091,21503397,1.18478,108.47720,0
1505512086,21503387,1.18478,108.39166,0
1505512081,21503373,1.18479,108.56249,0
1505512029,21503270,1.18000,75.22535,1
1505512028,21503268,1.18003,108.84245,1
1505512014,21503215,1.18001,199.80558,1
1505512013,21503212,1.18001,62.63495,1
1505512004,21503139,1.18486,625.71414,0
1505512003,21503138,1.18001,163.23422,1
1505512003,21503136,1.18001,100.34650,1
1505512000,21503118,1.18000,601.07553,1
1505511997,21503101,1.18001,245.17970,0
1505511997,21503100,1.18000,231.12975,1
1505511990,21503081,1.18000,341.19845,1
1505511989,21503076,1.18000,2253.40194,1
1505511989,21503074,1.18001,263.58072,1
1505511978,21503049,1.18000,54.04138,1
1505511973,21503017,1.18000,2657.42568,1
1505511972,21503014,1.18001,230.35900,1
1505511972,21503011,1.18001,72.33837,1
1505511968,21502995,1.18000,459.83997,1
1505511967,21502987,1.18000,358.84936,1
1505511965,21502970,1.18000,96.33375,1
1505511964,21502965,1.18001,28.88352,1
1505511963,21502958,1.18001,305.62517,1
1505511963,21502957,1.18001,99.51245,1
1505511954,21502930,1.18001,1065.10728,1
1505511954,21502929,1.18001,369.66271,1
1505511944,21502908,1.18001,108.83034,1
1505511896,21502771,1.18001,830.26999,1
1505511884,21502726,1.18001,639.28415,1
1505511884,21502724,1.18008,0.00583,1
1505511871,21502677,1.18008,124.72036,1
1505511854,21502639,1.18008,245.25646,1
1505511853,21502630,1.18008,635.04360,1
1505511843,21502609,1.18008,324.83391,1
1505511839,21502601,1.18008,85.11068,1
1505511829,21502575,1.18008,1227.45916,1
1505511827,21502570,1.18009,872.41998,0
1505511826,21502565,1.18009,2101.17724,1
1505511709,21502460,1.18009,47.23000,1
1505511705,21502457,1.18009,84.70000,1
1505511696,21502450,1.18009,209.60000,1
1505511683,21502442,1.18009,100.00000,1
1505511682,21502432,1.18009,85.30000,1
1505511679,21502419,1.18008,357.57000,1
1505511678,21502418,1.18009,297.69404,1
1505511678,21502416,1.18010,6.77909,1
1505511678,21502415,1.18020,6.77851,1
1505511678,21502414,1.18030,6.77794,1
1505511678,21502411,1.18040,6.77736,1
1505511678,21502409,1.18050,6.77679,1
1505511678,21502408,1.18060,6.77622,1
1505511678,21502407,1.18070,6.77564,1
1505511677,21502405,1.18090,6.77449,1
1505511677,21502404,1.18200,5.65992,1
1505511676,21502401,1.18200,2994.34008,1
1505511675,21502398,1.18200,3957.58991,1
1505511673,21502390,1.18200,1444.89002,1
1505511673,21502387,1.18200,637.58998,1
1505511668,21502372,1.18200,240.14345,1
1505511626,21502318,1.18200,71.63283,1
1505511603,21502289,1.18200,145.65999,1
1505511600,21502282,1.18200,254.11999,1
1505511598,21502276,1.18200,1950.24997,1
1505511589,21502272,1.18200,108.21604,1
1505511584,21502267,1.18200,348.59000,1
1505511581,21502262,1.18200,352.35000,1
1505511575,21502256,1.18200,226.44200,1
1505511550,21502223,1.18200,543.63791,1
1505511535,21502203,1.18200,230.82000,1
1505511533,21502201,1.18200,65.11000,1
1505511528,21502197,1.18200,84.10000,1
1505511524,21502188,1.18200,388.18951,1
1505511496,21502168,1.18200,30.11999,1
1505511492,21502165,1.18200,345.27000,1
1505511487,21502147,1.18200,63.42000,1
1505511429,21502103,1.18200,483.93545,1
1505511428,21502099,1.18201,99.77000,1
1505511403,21502034,1.18200,84.96337,1
1505511402,21502029,1.18200,6181.79708,1
1505511399,21502024,1.18200,108.43000,1
1505511397,21502020,1.18200,141.55454,1
1505511397,21502019,1.18201,685.08904,1
1505511383,21502010,1.18200,650.77877,1
1505511381,21502008,1.18200,1941.60642,1
1505511380,21502007,1.18200,997.30701,1
1505511380,21502005,1.18201,671.91652,1
1505511377,21501997,1.18201,85.16999,1
1505511371,21501982,1.18200,2350.72998,1
1505511370,21501980,1.18201,836.64780,1
1505511294,21501786,1.18201,493.47000,1
1505511293,21501781,1.18201,427.69044,1
1505511281,21501745,1.18201,53.45997,1
1505511281,21501743,1.18208,3000.00000,1
1505511280,21501741,1.18399,1369.26277,1
1505511280,21501738,1.18400,1566.59726,1
1505511098,21501256,1.18400,1356.61276,1
1505511091,21501229,1.18400,39.96999,1
1505511082,21501204,1.18400,36.81999,1
1505511072,21501187,1.18399,1630.73723,1
1505511048,21501096,1.18650,198.26234,0
1505511045,21501086,1.18649,1.81188,0
1505511044,21501080,1.18649,262.00812,0
1505511044,21501077,1.18649,98.55680,0
1505511035,21501047,1.18649,98.06402,1
1505511033,21501033,1.18651,119.42989,1
1505511033,21501031,1.18651,119.60735,1
1505511033,21501030,1.18651,119.50778,1
1505511033,21501029,1.18651,119.43179,1
1505511033,21501027,1.18651,119.50810,1
1505511033,21501025,1.18651,119.62669,1
1505511033,21501024,1.18651,119.55063,1
1505511033,21501023,1.18651,119.62605,1
1505511032,21501019,1.18651,119.62605,1
1505511032,21501018,1.18651,76.24290,1
1505511032,21501016,1.18651,43.38315,1
1505511031,21501013,1.18651,119.43021,1
1505511031,21501011,1.18651,119.49670,1
1505511031,21501009,1.18651,119.49208,1
1505511023,21500972,1.18702,777.41654,1
1505511014,21500936,1.18705,110.82923,1
1505511014,21500934,1.18705,110.93593,1
1505511013,21500932,1.18705,110.90710,1
1505511013,21500930,1.18705,64.57022,1
1505510994,21500879,1.18705,46.35872,1
1505510994,21500875,1.18705,110.92894,1
1505510967,21500780,1.18994,658.78249,0
1505510944,21500720,1.18994,185.19141,0
1505510935,21500704,1.18994,185.19141,0
1505510927,21500689,1.18994,121.03660,0
1505510927,21500688,1.18820,10.98861,0
1505510811,21500221,1.18702,111.03999,1
1505510808,21500204,1.18703,110.90710,0
1505510804,21500181,1.18703,542.75410,1
1505510800,21500155,1.18702,271.49448,1
1505510795,21500135,1.18703,277.77765,1
1505510786,21500112,1.18702,76.73910,1
1505510786,21500111,1.18822,13.26090,1
1505510783,21500105,1.18822,10.98861,1
1505510778,21500090,1.18822,10.98861,1
1505510772,21500083,1.18822,10.98861,1
1505510767,21500059,1.18822,10.98861,1
1505510762,21500041,1.18822,10.98861,1
1505510749,21500009,1.18822,39.18088,1
1505510719,21499910,1.18990,92.55000,0
1505510719,21499908,1.18990,90.13316,0
1505510719,21499905,1.18980,87.50947,0
1505510719,21499904,1.18980,80.70584,0
1505510718,21499903,1.18980,6.77449,0
1505510718,21499902,1.18960,6.77564,0
1505510718,21499901,1.18950,6.77622,0
1505510718,21499900,1.18940,6.77679,0
1505510718,21499899,1.18937,6.19000,0
1505510718,21499898,1.18930,6.77736,0
1505510718,21499897,1.18920,6.77794,0
1505510718,21499896,1.18919,73.12408,0
1505510718,21499895,1.18910,6.77851,0
1505510717,21499894,1.18904,0.02675,0
1505510679,21499708,1.18904,2412.62000,0
1505510665,21499640,1.18904,587.35325,0
1505510665,21499639,1.18900,88.14794,0
1505510665,21499637,1.18900,6.77909,0
1505510665,21499635,1.18899,510.91876,0
1505510665,21499634,1.18898,0.06096,0
1505510664,21499628,1.18898,91.97762,0
1505510664,21499627,1.18898,92.07848,0
1505510664,21499626,1.18890,0.03390,0
1505510663,21499621,1.18890,6.74576,0
1505510653,21499582,1.18822,14.64342,1
1505510649,21499559,1.18880,6.78024,0
1505510649,21499558,1.18870,6.78081,0
1505510649,21499556,1.18869,91.03100,0
1505510649,21499555,1.18860,6.78139,0
1505510649,21499554,1.18850,6.78196,0
1505510649,21499553,1.18840,6.78253,0
1505510648,21499551,1.18830,6.78311,0
1505510648,21499550,1.18820,6.78369,0
1505510648,21499549,1.18740,6.78829,0
1505510648,21499547,1.18720,6.78944,0
1505510648,21499545,1.18708,2297.18739,0
1505510646,21499534,1.18708,416.47329,0
1505510640,21499481,1.18708,286.33932,0
1505510639,21499476,1.18700,46.65235,0
1505510639,21499473,1.18700,26.12764,0
1505510639,21499472,1.18700,198.53999,0
1505510638,21499470,1.18700,299.43581,0
1505510638,21499468,1.18700,6.79060,0
1505510638,21499467,1.18700,706.95102,0
1505510634,21499451,1.18700,146.15428,0
1505510634,21499449,1.18700,115.65861,0
1505510634,21499446,1.18700,54.63164,0
1505510633,21499442,1.18700,13.96469,0
1505510632,21499435,1.18700,204.41905,0
1505510632,21499431,1.18700,246.95308,0
1505510631,21499425,1.18700,1198.26000,0
1505510628,21499415,1.18700,1238.01243,0
1505510628,21499410,1.18700,146.15428,0
1505510624,21499399,1.18700,146.15428,0
1505510623,21499397,1.18700,749.80380,0
1505510623,21499396,1.18700,109.42471,0
1505510623,21499391,1.18700,207.88390,0
1505510622,21499388,1.18700,45.55000,0
1505510622,21499386,1.18700,124.50005,0
1505510617,21499384,1.18700,94.77446,0
1505510617,21499380,1.18700,201.66874,0
1505510617,21499379,1.18700,195.00242,0
1505510616,21499378,1.18700,745.81435,0
1505510612,21499370,1.18700,1236.57695,0
1505510606,21499361,1.18700,229.08868,0
1505510606,21499359,1.18700,54.95259,0
1505510600,21499346,1.18700,1235.95791,0
1505510595,21499286,1.18700,228.96950,0
1505510595,21499285,1.18700,1006.70230,0
1505510587,21499271,1.18700,98.45522,0
1505510572,21499219,1.18700,1869.08368,0
1505510572,21499218,1.18700,215.17562,0
1505510572,21499216,1.18700,256.19214,0
1505510571,21499214,1.18700,500.11000,0
1505510571,21499213,1.18700,996.50249,0
1505510571,21499212,1.18700,996.70246,0
1505510571,21499210,1.18700,12.96000,0
1505510571,21499209,1.18700,144.49361,0
1505510561,21499191,1.18700,101.59639,0
1505510560,21499188,1.18700,948.97647,0
1505510559,21499186,1.18700,63.44000,0
1505510559,21499185,1.18700,2121.28000,0
1505510555,21499177,1.18700,1822.01297,0
1505510555,21499176,1.18700,199.34048,0
1505510555,21499175,1.18700,256.89248,0
1505510554,21499174,1.18700,140.78000,0
1505510554,21499173,1.18700,194.67407,0
1505510550,21499163,1.18700,2.29379,0
1505510550,21499160,1.18700,122.65621,0
1505510549,21499158,1.18700,5.97379,0
1505510549,21499156,1.18700,1084.18000,0
1505510548,21499155,1.18700,277.91621,0
1505510546,21499150,1.18700,1367.11000,0
1505510535,21499114,1.18700,241.52484,0
1505510529,21499090,1.18700,1801.81895,0
1505510529,21499089,1.18700,390.28000,0
1505510528,21499087,1.18700,777.89243,0
1505510528,21499084,1.18700,57.85153,0
1505510528,21499082,1.18700,1047.60436,0
1505510528,21499081,1.18699,13.59273,0
1505510527,21499080,1.18699,86.96535,0
1505510527,21499078,1.18680,6.79175,0
1505510527,21499077,1.18660,6.79290,0
1505510513,21499023,1.18650,0.00462,0
1505510512,21499019,1.18650,2425.82000,0
1505510510,21499013,1.18650,36.59000,0
1505510507,21499005,1.18650,119.51000,0
1505510507,21499001,1.18650,179.27131,0
1505510502,21498991,1.18650,119.50905,0
1505510497,21498983,1.18650,119.29502,0
1505510496,21498979,1.18649,0.21403,0
1505510491,21498952,1.18649,105.03277,0
1505510491,21498951,1.18640,6.79406,0
1505510491,21498950,1.18633,7.68000,0
1505510491,21498949,1.18623,0.00190,0
1505510483,21498931,1.18623,20.73714,0
1505510483,21498930,1.18623,132.49788,0
1505510483,21498929,1.18623,10.41498,0
1505510479,21498911,1.18623,132.01501,0
1505510479,21498909,1.18623,242.26709,0
1505510479,21498907,1.18620,6.79521,0
1505510479,21498906,1.18600,6.79636,0
1505510479,21498905,1.18598,43.59633,0
1505510473,21498897,1.18502,26.86874,1
1505510457,21498846,1.18500,220.95695,0
1505510292,21498707,1.18500,112.83668,1
1505510292,21498706,1.18500,112.23949,1
1505510290,21498702,1.18500,0.59719,1
1505510290,21498701,1.18502,112.71338,1
1505510290,21498700,1.18502,107.51868,1
1505510152,21498531,1.18500,5.27680,0
1505510146,21498526,1.18500,107.74781,0
1505510128,21498476,1.18500,50.96120,0
1505510119,21498444,1.18500,266.69285,0
1505510119,21498441,1.18500,714.42272,0
1505510118,21498440,1.18500,758.08358,0
1505510104,21498392,1.18200,72.77999,1
1505510089,21498360,1.18200,198.53999,1
1505510085,21498353,1.18200,299.43581,1
1505510071,21498334,1.18358,12.47202,1
1505510037,21498254,1.18502,945.39676,1
1505510037,21498253,1.18502,197.64408,1
1505509971,21498101,1.18598,52.06367,0
1505509971,21498100,1.18580,6.79752,0
1505509971,21498099,1.18570,6.79810,0
1505509971,21498098,1.18560,6.79867,0
1505509971,21498097,1.18550,6.79925,0
1505509971,21498096,1.18540,6.79983,0
1505509971,21498095,1.18530,6.80041,0
1505509971,21498093,1.18520,6.80099,0
1505509970,21498091,1.18510,6.80156,0
1505509970,21498090,1.18508,0.01000,0
1505509882,21497888,1.18508,2212.65000,0
1505509876,21497870,1.18508,137.85000,0
1505509870,21497852,1.18508,649.49000,0
1505509868,21497849,1.18500,6.80214,0
1505509868,21497848,1.18500,322.34168,0
1505509868,21497846,1.18500,418.55183,0
1505509863,21497828,1.18500,474.22938,0
1505509862,21497822,1.18500,180.22671,0
1505509862,21497816,1.18500,290.07301,0
1505509856,21497792,1.18500,943.71916,0
1505509850,21497775,1.18500,942.90992,0
1505509844,21497765,1.18500,573.19460,0
1505509839,21497753,1.18500,941.70120,0
1505509832,21497744,1.18500,580.68566,0
1505509826,21497733,1.18500,580.47429,0
1505509823,21497727,1.18500,3078.93000,0
1505509821,21497718,1.18500,95.17629,0
1505509816,21497708,1.18500,580.47120,0
1505509815,21497706,1.18500,1160.11185,0
1505509815,21497703,1.18500,591.97104,0
1505509815,21497700,1.18500,125.47711,0
1505509810,21497691,1.18500,329.90289,0
1505509810,21497688,1.18500,250.56831,0
1505509772,21497639,1.18499,235.92000,0
1505509760,21497622,1.18499,139.35000,0
1505509758,21497613,1.18499,139.30000,0
1505509734,21497563,1.18498,126.29782,0
1505509691,21497480,1.18358,53.18610,1
1505509683,21497460,1.18358,94.07899,1
1505509662,21497426,1.18499,438.20965,0
1505509660,21497418,1.18499,72.84000,1
1505509656,21497400,1.18500,635.07817,0
1505509651,21497387,1.18500,18.60352,0
1505509651,21497385,1.18500,51.74115,0
1505509650,21497382,1.18499,564.69520,0
1505509645,21497365,1.18500,96.65102,0
1505509644,21497364,1.18500,538.35055,0
1505509639,21497358,1.18500,1009.87695,0
1505509639,21497356,1.18499,623.97330,0
1505509634,21497343,1.18500,1400.67244,0
1505509634,21497341,1.18500,204.89051,0
1505509631,21497331,1.18500,153.45000,0
1505509630,21497325,1.18500,265.98832,0
1505509629,21497324,1.18500,179.86334,0
1505509629,21497322,1.18500,208.93000,0
1505509629,21497320,1.18500,1093.20117,0
1505509629,21497318,1.18500,57.32945,0
1505509628,21497316,1.18500,0.03055,0
1505509628,21497314,1.18500,129.71653,0
1505509628,21497312,1.18499,241.68494,0
1505509625,21497302,1.18499,66.64520,0
1505509622,21497256,1.18499,371.16876,0
1505509616,21497243,1.18500,5.42799,0
1505509616,21497242,1.18499,365.71840,0
1505509610,21497221,1.18499,370.88120,0
1505509605,21497196,1.18500,364.83548,0
1505509604,21497195,1.18500,5.78070,0
1505509604,21497190,1.18500,275.72000,0
1505509599,21497173,1.18500,432.33107,0
1505509599,21497168,1.18499,800.62295,0
1505509593,21497148,1.18500,1233.09174,0
1505509588,21497139,1.18500,26.36649,0
1505509588,21497137,1.18500,1204.60986,0
1505509583,21497130,1.18500,14.46894,0
1505509583,21497128,1.18500,80.25091,0
1505509583,21497126,1.18499,32.17850,0
1505509581,21497122,1.18499,839.19000,0
1505509578,21497101,1.18500,175.85697,0
1505509578,21497098,1.18500,318.19654,0
1505509578,21497095,1.18499,0.00509,0
1505509577,21497091,1.18499,1234.71985,0
1505509571,21497061,1.18499,1290.07030,0
1505509571,21497058,1.18498,415.55301,0
1505509568,21497052,1.18498,525.63384,0
1505509565,21497037,1.18498,158.70220,0
1505509553,21496945,1.18499,72.77765,0
1505509553,21496943,1.18499,175.69492,0
1505509552,21496940,1.18499,61.98617,0
1505509552,21496936,1.18499,226.36170,0
1505509552,21496934,1.18499,131.44916,0
1505509552,21496930,1.18499,120.37999,0
1505509551,21496928,1.18499,937.46576,0
1505509546,21496898,1.18499,84.38528,0
1505509546,21496896,1.18499,304.68986,0
1505509546,21496892,1.18499,196.74791,0
1505509546,21496885,1.18499,294.95621,0
1505509545,21496882,1.18499,357.01618,0
1505509545,21496878,1.18498,486.20637,0
1505509543,21496860,1.18498,524.80168,0
1505509539,21496807,1.18499,1417.54667,0
1505509533,21496741,1.18499,580.77330,0
1505509533,21496737,1.18498,833.47848,0
1505509532,21496731,1.18498,260.38477,0
1505509528,21496721,1.18499,305.37766,0
1505509528,21496718,1.18499,642.24996,0
1505509528,21496717,1.18499,443.59999,0
1505509527,21496714,1.18499,493.09024,0
1505509527,21496712,1.18499,123.96024,0
1505509527,21496706,1.18499,930.10604,0
1505509521,21496672,1.18499,266.84459,0
1505509520,21496655,1.18499,248.51634,0
1505509517,21496633,1.18499,1067.43300,0
1505509516,21496632,1.18499,82.94941,0
1505509516,21496629,1.18498,1099.41790,0
1505509511,21496590,1.18498,8.03098,0
1505509511,21496589,1.18362,132.86902,0
1505509511,21496585,1.18362,193.45018,0
1505509510,21496577,1.18362,32.37000,1
1505509510,21496572,1.18498,32.06769,0
1505509508,21496566,1.18498,96.00271,0
1505509508,21496558,1.18362,219.21417,1
1505509507,21496553,1.18362,20.06139,1
1505509507,21496550,1.18362,208.92764,1
1505509502,21496515,1.18499,100.11412,0
1505509489,21496492,1.18499,300.91392,0
1505509488,21496490,1.18481,1171.54855,1
1505509486,21496485,1.18499,2031.48406,0
1505509486,21496484,1.18499,291.30594,0
1505509484,21496471,1.18481,1000.00000,0
1505509483,21496469,1.18471,1294.52795,0
1505509483,21496467,1.18362,1453.65428,0
1505509483,21496465,1.18362,1017.89346,0
1505509483,21496462,1.18360,0.00654,0
1505509482,21496461,1.18360,3743.99000,0
1505509477,21496451,1.18360,93.48000,0
1505509467,21496421,1.18359,190.09000,0
1505509465,21496418,1.18360,158.07729,0
1505509407,21496289,1.18357,24.26853,0
1505509407,21496288,1.18245,0.20825,0
1505509398,21496263,1.18245,41.44180,0
1505509396,21496259,1.18245,26.47000,0
1505509395,21496255,1.18245,46.87000,0
1505509390,21496236,1.18245,105.18253,0
1505509387,21496227,1.18244,114.99005,0
1505509386,21496224,1.18244,121.79830,0
1505509384,21496213,1.18244,154.08000,0
1505509381,21496195,1.18244,139.20497,0
1505509380,21496188,1.18245,10.39954,0
1505509373,21496135,1.18245,220.17258,1
1505509373,21496128,1.18245,31.82732,1
1505509372,21496122,1.18245,6.13458,1
1505509343,21496020,1.18360,201.89334,0
1505509336,21495994,1.18362,528.45226,0
1505509335,21495990,1.18360,352.75430,0
1505509331,21495974,1.18360,404.21646,0
1505509313,21495926,1.18360,808.43290,0
1505509301,21495889,1.18245,100.00000,1
1505509295,21495874,1.18360,180.74307,0
1505509256,21495821,1.18360,373.69898,0
1505509251,21495813,1.18246,59.93111,0
1505509251,21495812,1.18246,59.86558,0
1505509251,21495811,1.18246,15.47576,0
1505509251,21495810,1.18245,0.00001,0
1505509250,21495807,1.18245,352.88007,0
1505509249,21495804,1.18245,70.14249,0
1505509098,21495606,1.18245,35.71305,0
1505509084,21495596,1.18245,77.98120,0
1505509074,21495580,1.18245,44.56002,0
1505509031,21495527,1.18247,44.40594,1
1505509026,21495515,1.18247,0.15333,1
1505509026,21495514,1.18248,59.77757,1
1505509004,21495493,1.18248,44.55928,0
1505509003,21495491,1.18248,59.95157,0
1505508957,21495401,1.18250,52.73640,1
1505508957,21495399,1.18250,51.54898,1
1505508924,21495373,1.18250,1.18742,1
1505508924,21495372,1.18250,52.73640,1
1505508924,21495371,1.18250,38.99562,1
1505508923,21495370,1.18251,30.13860,1
1505508861,21495280,1.18250,2.00492,0
1505508861,21495279,1.18250,11.73305,0
1505508845,21495253,1.18250,39.08920,0
1505508835,21495221,1.18250,64.90472,0
1505508835,21495220,1.18250,28.47055,0
1505508733,21495087,1.17752,436.09367,1
1505508685,21495016,1.18249,797.81000,0
1505508618,21494920,1.17751,36.81059,1
1505508488,21494830,1.17751,369.72086,1
1505508473,21494770,1.17750,2.00492,1
1505508473,21494769,1.17751,408.57745,1
1505508443,21494737,1.17750,115.72697,1
1505508442,21494736,1.17751,504.53673,1
1505508431,21494725,1.17750,28.47055,1
1505508431,21494724,1.17751,504.53673,1
1505508431,21494722,1.17751,87.61000,1
1505508371,21494517,1.18361,25.48918,0
1505508350,21494421,1.17755,269.83539,1
1505508347,21494403,1.17755,269.13159,1
1505508343,21494359,1.17757,175.45192,1
1505508342,21494352,1.17756,109.12663,0
1505508341,21494337,1.17756,85.74219,1
1505508337,21494289,1.17756,60.47169,1
1505508337,21494285,1.17862,1.30572,1
1505508333,21494247,1.17862,259.83755,1
1505508330,21494216,1.17862,85.74219,1
1505508330,21494207,1.17862,241.43588,1
1505508262,21494086,1.17862,208.22408,1
1505508261,21494084,1.17862,207.68884,1
1505508260,21494081,1.17862,377.76266,1
1505508259,21494078,1.17862,211.10288,1
1505508146,21493949,1.17862,70.00000,1
1505508102,21493907,1.17862,133.35999,1
1505508102,21493903,1.17863,1086.15153,1
1505508101,21493898,1.17864,150.21655,1
1505508077,21493863,1.17863,230.55267,1
1505508072,21493848,1.17864,1.40650,1
1505508072,21493846,1.17865,229.14617,1
1505508039,21493792,1.17863,6.19707,1
1505508039,21493791,1.17864,441.90292,1
1505507966,21493714,1.17864,98.74367,1
1505507950,21493695,1.17864,154.87342,1
1505507949,21493692,1.17864,395.55608,1
1505507919,21493655,1.17900,12.32703,1
1505507652,21493167,1.17875,86.30329,0
1505507648,21493149,1.18498,118.38173,0
1505507632,21493078,1.17985,2204.69573,1
1505507632,21493077,1.18251,207.09966,1
1505507632,21493076,1.18251,146.27454,1
1505507632,21493075,1.18251,207.23486,1
1505507632,21493073,1.18251,207.38397,1
1505507632,21493071,1.18471,11.49842,1
1505507631,21493069,1.18477,0.00697,1
1505507628,21493029,1.18477,265.04723,1
1505507621,21492978,1.18499,219.64497,0
1505507621,21492977,1.18498,31.17546,0
1505507615,21492952,1.18498,259.69174,0
1505507613,21492944,1.18498,5.32916,0
1505507607,21492922,1.18498,259.69104,0
1505507587,21492890,1.18477,0.10488,1
1505507587,21492889,1.18478,145.80000,1
1505507558,21492836,1.18499,698.06217,0
1505507554,21492833,1.18499,227.68690,0
1505507553,21492832,1.18499,383.23635,0
1505507553,21492829,1.18499,1269.82998,0
1505507553,21492827,1.18499,544.79502,0
1505507550,21492823,1.18499,148.48634,0
1505507549,21492818,1.18499,92.39505,0
1505507549,21492817,1.18498,321.02495,0
1505507547,21492810,1.18499,644.08207,0
1505507542,21492797,1.18499,908.82150,0
1505507542,21492795,1.18499,1520.29427,0
1505507538,21492792,1.18499,131.62732,0
1505507537,21492791,1.18499,89.29525,0
1505507537,21492790,1.18499,782.56780,0
1505507537,21492789,1.18499,1069.93304,0
1505507537,21492788,1.18498,354.72335,0
1505507532,21492779,1.18499,391.08539,0
1505507531,21492777,1.18498,0.43708,0
1505507526,21492770,1.18498,391.52247,0
1505507460,21492711,1.18498,413.99000,0
1505507450,21492692,1.18498,148.77202,0
1505507408,21492639,1.18498,166.26221,0
1505507399,21492629,1.18498,165.90000,0
1505507370,21492601,1.18499,833.45212,0
1505507368,21492595,1.18499,661.78715,0
1505507367,21492593,1.18498,84.06285,0
1505507367,21492591,1.18498,148.55351,0
1505507367,21492584,1.18498,372.68374,0
1505507360,21492559,1.18499,57.83772,0
1505507357,21492550,1.18499,100.22346,0
1505507357,21492548,1.18499,54.53310,0
1505507356,21492544,1.18499,230.67800,0
1505507355,21492542,1.18499,91.18833,0
1505507355,21492540,1.18499,94.88639,0
1505507355,21492539,1.18499,1238.52999,0
1505507354,21492538,1.18499,894.12379,0
1505507354,21492535,1.18499,217.16950,0
1505507354,21492533,1.18499,349.57033,0
1505507353,21492526,1.18499,62.49966,0
1505507353,21492522,1.18499,730.82204,0
1505507353,21492519,1.18499,730.74577,0
1505507353,21492516,1.18499,304.01755,0
1505507352,21492512,1.18499,1852.54763,0
1505507352,21492508,1.18498,451.87830,0
1505507352,21492507,1.18498,200.73940,0
1505507351,21492494,1.18499,52.67251,0
1505507350,21492488,1.18499,152.12824,0
1505507350,21492481,1.18499,607.28137,0
1505507350,21492474,1.18499,204.80075,0
1505507349,21492468,1.18499,115.94258,0
1505507347,21492451,1.18499,100.62855,0
1505507347,21492444,1.18499,253.16669,0
1505507344,21492425,1.18499,218.08005,0
1505507343,21492421,1.18499,489.71456,0
1505507343,21492418,1.18499,109.15005,0
1505507342,21492411,1.18499,108.93000,0
1505507342,21492405,1.18499,70.86509,0
1505507341,21492403,1.18499,778.42845,0
1505507341,21492401,1.18499,196.85722,0
1505507341,21492398,1.18499,778.04426,0
1505507340,21492396,1.18499,183.47323,0
1505507340,21492395,1.18499,410.80999,0
1505507340,21492393,1.18499,183.39420,0
1505507340,21492391,1.18499,646.41210,0
1505507339,21492390,1.18499,36.91999,0
1505507339,21492388,1.18499,197.95517,0
1505507339,21492386,1.18498,695.28030,0
1505507304,21492342,1.18498,188.20000,0
1505507292,21492337,1.18498,265.37000,0
1505507291,21492333,1.18475,213.30469,0
1505507291,21492332,1.18475,50.80272,0
1505507183,21492220,1.18469,20.71090,0
1505507181,21492217,1.18469,145.91000,0
1505507181,21492215,1.18469,444.32258,0
1505507166,21492181,1.18475,28.93222,0
1505507166,21492179,1.18469,37.10778,0
1505507166,21492178,1.18474,694.70002,1
1505507155,21492136,1.18251,190.67917,1
1505507154,21492132,1.18250,16.24875,0
1505507154,21492129,1.18250,164.38903,0
1505507153,21492125,1.18249,200.44824,0
1505507151,21492115,1.18250,104.03881,0
1505507151,21492112,1.18250,105.24417,0
1505507148,21492106,1.18250,10.07528,0
1505507148,21492104,1.18250,14.22915,0
1505507127,21492067,1.18249,103.21000,0
1505507125,21492066,1.18249,94.65663,0
1505507114,21492055,1.18249,228.83000,0
1505506984,21491819,1.17879,26.50280,1
1505506983,21491817,1.17880,814.09228,1
1505506981,21491810,1.17879,204.76493,1
1505506978,21491790,1.17880,147.46792,0
1505506978,21491787,1.17879,404.67941,1
1505506978,21491786,1.17879,635.92059,1
1505506977,21491781,1.17881,231.29771,1
1505506977,21491780,1.17881,562.73999,1
1505506910,21491687,1.17880,977.89055,1
1505506910,21491686,1.17880,240.44166,1
1505506903,21491673,1.17880,70.00000,1
1505506875,21491643,1.17880,845.69701,1
1505506875,21491642,1.17880,154.60839,1
1505506875,21491639,1.17880,314.21915,1
1505506874,21491633,1.17880,85.27956,1
1505506783,21491463,1.17880,394.60469,0
1505506774,21491436,1.18250,261.43764,0
1505506774,21491434,1.18250,603.32290,0
1505506774,21491433,1.18249,278.04710,0
1505506769,21491412,1.18250,49.92761,0
1505506769,21491411,1.18249,211.22879,0
1505506763,21491397,1.18249,261.72159,0
1505506745,21491323,1.17880,130.86999,1
1505506732,21491252,1.17880,402.61468,1
1505506702,21491116,1.17862,471.21391,1
1505506701,21491112,1.18250,88.36241,0
1505506701,21491111,1.18249,440.59952,0
1505506701,21491110,1.17880,248.86326,0
1505506701,21491109,1.17877,297.16866,0
1505506701,21491108,1.17877,339.84655,0
1505506699,21491097,1.17865,70.85225,1
1505506697,21491081,1.17877,11.18328,0
1505506697,21491080,1.17865,70.85225,0
1505506675,21490987,1.17863,60.00000,1
1505506663,21490953,1.17863,60.41956,0
1505506660,21490950,1.17877,131.49956,0
1505506658,21490939,1.17880,588.74277,1
1505506638,21490900,1.17864,21.90808,1
1505506617,21490832,1.17859,732.32630,0
1505506591,21490744,1.18252,237.55601,1
1505506590,21490741,1.18252,135.06001,1
1505506590,21490739,1.18252,113.80999,1
1505506586,21490725,1.18252,763.96456,1
1505506519,21490589,1.18252,134.45492,1
1505506517,21490580,1.18252,51.44051,1
1505506517,21490579,1.18252,187.57456,1
1505506513,21490568,1.18476,134.47737,1
1505506511,21490560,1.18476,49.80756,1
1505506510,21490548,1.18476,49.96814,1
1505506508,21490529,1.18476,256.19673,1
1505506508,21490528,1.18476,65.00008,1
1505506508,21490526,1.18476,149.89262,1
1505506507,21490514,1.18476,405.06091,1
1505506503,21490483,1.18476,0.71516,1
1505506502,21490481,1.18477,213.70000,1
1505506489,21490437,1.18498,379.58119,0
1505506483,21490431,1.18498,379.42855,0
1505506478,21490415,1.18499,318.58596,0
1505506477,21490410,1.18499,93.14532,0
1505506477,21490409,1.18499,9.89468,0
1505506475,21490401,1.18499,49.62227,0
1505506474,21490400,1.18499,824.30304,0
1505506474,21490399,1.18499,280.54469,0
1505506474,21490398,1.18499,313.24530,0
1505506473,21490395,1.18499,65.81307,0
1505506472,21490389,1.18499,106.27324,0
1505506471,21490384,1.18499,274.73105,0
1505506471,21490383,1.18499,564.24003,0
1505506471,21490379,1.18499,57.88568,0
1505506469,21490375,1.18499,47.42136,0
1505506469,21490371,1.18498,125.66864,0
1505506467,21490367,1.18498,379.73995,0
1505506466,21490361,1.18498,378.60156,1
1505506463,21490353,1.18499,177.88643,0
1505506463,21490349,1.18499,174.02357,0
1505506462,21490347,1.18499,378.76539,0
1505506460,21490338,1.18499,147.14000,0
1505506458,21490332,1.18499,127.97449,0
1505506458,21490331,1.18499,206.88946,0
1505506457,21490330,1.18499,830.66605,0
1505506457,21490325,1.18498,547.99844,0
1505506457,21490320,1.18498,378.60971,0
1505506453,21490313,1.18499,404.94006,0
1505506452,21490312,1.18499,213.69000,0
1505506452,21490309,1.18499,99.86491,0
1505506452,21490307,1.18499,131.00321,0
1505506451,21490302,1.18499,147.59102,0
1505506449,21490296,1.18499,310.27996,0
1505506449,21490294,1.18498,82.58131,0
1505506448,21490290,1.18498,131.12562,0
1505506442,21490257,1.18498,677.81000,0
1505506441,21490255,1.18498,107.16012,0
1505506439,21490253,1.18499,206.49343,0
1505506438,21490252,1.18499,206.69689,0
1505506438,21490250,1.18499,153.70198,0
1505506438,21490247,1.18499,211.88403,0
1505506437,21490245,1.18499,114.70367,0
1505506436,21490238,1.18499,381.24147,0
1505506433,21490228,1.18499,462.63275,0
1505506433,21490226,1.18499,16.32215,0
1505506433,21490224,1.18499,221.67990,0
1505506433,21490221,1.18499,15.40806,0
1505506432,21490216,1.18499,20.88810,0
1505506432,21490215,1.18499,48.80000,0
1505506432,21490214,1.18499,42.58021,0
1505506431,21490213,1.18499,114.60843,0
1505506431,21490211,1.18498,1154.47040,0
1505506387,21490107,1.18474,565.99000,0
1505506361,21490040,1.18250,2.83131,0
1505506357,21490028,1.18250,1932.86435,0
1505506357,21490026,1.18250,256.36156,0
1505506356,21490025,1.18250,52.64445,0
1505506351,21490005,1.18249,218.75063,0
1505506341,21489919,1.18250,130.94308,0
1505506340,21489913,1.18249,185.70988,0
1505506339,21489912,1.18249,281.05393,0
1505506193,21489642,1.17756,300.01999,1
1505506149,21489563,1.18249,23.37000,0
1505506140,21489545,1.17753,317.54988,1
1505506125,21489504,1.17768,51.46999,1
1505506108,21489486,1.18175,8.54424,1
1505506094,21489465,1.18175,334.33995,1
1505506093,21489462,1.18175,342.88419,1
1505506068,21489408,1.18175,250.27403,1
1505506053,21489383,1.18173,92.47363,0
1505506048,21489380,1.18173,250.74349,0
1505506039,21489367,1.18173,80.07000,0
1505506039,21489366,1.18173,80.15160,0
1505506034,21489352,1.18173,80.23178,0
1505506034,21489347,1.18173,98.02782,0
1505506034,21489346,1.18173,112.36397,0
1505506029,21489341,1.18173,299.32862,0
1505505883,21489074,1.18175,191.56839,1
1505505883,21489073,1.18175,577.74893,1
1505505857,21489025,1.18250,12.97190,0
1505505835,21488964,1.18250,4.84425,0
1505505834,21488955,1.18250,55.25666,0
1505505834,21488954,1.18250,275.05014,0
1505505834,21488953,1.18250,278.88534,0
1505505834,21488952,1.18250,142.95867,0
1505505833,21488951,1.18250,157.88072,0
1505505833,21488950,1.18250,153.18471,0
1505505833,21488949,1.18250,546.95253,0
1505505832,21488946,1.18250,53.68999,0
1505505832,21488942,1.18250,142.13194,0
1505505832,21488939,1.18250,531.81708,0
1505505831,21488933,1.18250,557.56702,0
1505505831,21488931,1.18250,316.32584,0
1505505831,21488928,1.18250,85.38790,0
1505505831,21488925,1.18250,254.66724,0
1505505830,21488920,1.18250,271.38322,0
1505505830,21488915,1.18250,148.91878,0
1505505827,21488908,1.18250,81.38696,0
1505505826,21488906,1.18250,26.70676,0
1505505826,21488905,1.18250,85.42075,0
1505505826,21488902,1.18250,237.76784,0
1505505825,21488901,1.18250,162.05378,0
1505505821,21488893,1.18250,416.94073,0
1505505820,21488891,1.18250,176.39536,0
1505505815,21488879,1.18249,2332.30374,0
1505505811,21488872,1.18249,497.63577,1
1505505809,21488859,1.18250,406.99279,0
1505505807,21488839,1.18248,36.52748,0
1505505807,21488838,1.18248,236.43805,0
1505505806,21488837,1.18250,548.63734,0
1505505806,21488835,1.18250,262.55235,0
1505505805,21488832,1.18250,111.39703,0
1505505805,21488830,1.18250,990.06998,0
1505505804,21488826,1.18250,151.73975,0
1505505804,21488824,1.18250,262.54992,0
1505505803,21488822,1.18249,472.13294,0
1505505799,21488808,1.18250,2327.44326,0
1505505797,21488802,1.18249,488.10743,0
1505505793,21488793,1.18248,499.56356,0
1505505791,21488780,1.18249,144.16000,1
1505505789,21488771,1.18249,144.16285,0
1505505788,21488768,1.18250,122.67009,0
1505505786,21488761,1.18249,200.11000,0
1505505782,21488739,1.18248,450.38000,0
1505505780,21488727,1.18249,320.93013,0
1505505780,21488726,1.18249,149.79999,0
1505505775,21488700,1.18174,84.88192,0
1505505775,21488695,1.18174,52.44811,0
1505505771,21488678,1.18174,33.61809,0
1505505771,21488677,1.18174,85.91253,0
1505505771,21488676,1.18174,85.90919,0
1505505771,21488675,1.18173,356.04181,0
1505505765,21488650,1.18173,577.77085,0
1505505716,21488551,1.17752,153.24842,1
1505505714,21488545,1.17751,154.61776,1
1505505714,21488544,1.17751,392.44933,1
1505505712,21488528,1.17751,202.17560,0
1505505711,21488520,1.17751,209.23397,1
1505505710,21488518,1.17753,648.86240,1
1505505707,21488496,1.18174,85.11189,0
1505505699,21488441,1.18174,8.87509,1
1505505699,21488440,1.18174,76.66450,1
1505505697,21488427,1.18176,80.70167,1
1505505696,21488421,1.18176,185.37999,1
1505505694,21488414,1.18178,45.54014,1
1505505694,21488412,1.18178,31.20071,1
1505505684,21488376,1.18178,168.78738,1
1505505684,21488375,1.18179,100.48077,1
1505505683,21488374,1.18179,176.81646,1
1505505681,21488371,1.18179,77.03575,1
1505505677,21488356,1.18180,244.08703,1
1505505675,21488343,1.18250,142.57081,0
1505505673,21488332,1.18248,76.72277,1
1505505672,21488329,1.18250,54.45288,0
1505505672,21488327,1.18250,39.09108,0
1505505672,21488326,1.18183,223.00422,0
1505505672,21488325,1.18183,205.91269,0
1505505664,21488279,1.18183,17.13054,0
1505505662,21488272,1.18181,459.18858,0
1505505662,21488269,1.18181,142.65000,0
1505505657,21488239,1.18181,445.26615,1
1505505655,21488228,1.18181,615.57577,0
1505505654,21488226,1.18178,401.45428,0
1505505654,21488225,1.18178,198.98815,0
1505505654,21488224,1.18174,22.21550,0
1505505649,21488214,1.18174,0.00507,1
1505505646,21488205,1.18174,82.22621,1
1505505641,21488189,1.18174,16.64872,1
1505505628,21488136,1.18176,438.24311,1
1505505620,21488044,1.18171,339.52794,0
1505505620,21488038,1.17751,272.36287,1
1505505576,21487861,1.17781,32.37362,0
1505505552,21487767,1.17781,31.37659,0
1505505547,21487737,1.17759,8.33550,1
1505505547,21487736,1.17759,58.73999,1
1505505545,21487713,1.17783,0.99997,1
1505505544,21487704,1.17783,198.99319,1
1505505486,21487603,1.17782,61.04349,0
1505505486,21487602,1.17782,41.44708,0
1505505486,21487601,1.17782,102.49392,0
1505505485,21487596,1.17782,102.66780,0
1505505484,21487589,1.17782,102.68386,0
1505505481,21487580,1.17757,0.42106,0
1505505470,21487551,1.17757,146.89071,0
1505505435,21487470,1.17750,1935.69566,1
1505505433,21487466,1.17750,256.36156,1
1505505429,21487448,1.17750,256.66034,1
1505505427,21487436,1.17750,275.05014,1
1505505424,21487421,1.17750,278.88534,1
1505505424,21487420,1.17751,144.90586,1
1505505420,21487385,1.17751,51.87959,1
1505505414,21487356,1.17751,201.42228,1
1505505413,21487345,1.17780,8.71896,1
1505505413,21487344,1.17782,52.62638,1
1505505412,21487339,1.17782,164.09333,1
1505505412,21487334,1.17783,221.25759,1
1505505409,21487323,1.17783,215.63611,1
1505505406,21487311,1.17783,434.74546,1
1505505404,21487300,1.17784,102.05608,1
1505505332,21487043,1.18185,168.14440,1
1505505332,21487042,1.18185,54.59597,1
1505505293,21486939,1.18185,187.84051,1
1505505293,21486938,1.18203,5.04813,1
1505505292,21486937,1.18248,100.21117,1
1505505279,21486909,1.18250,207.19768,0
1505505279,21486908,1.18250,9.55495,0
1505505278,21486906,1.18250,236.73304,0
1505505278,21486905,1.18250,20.42359,0
1505505269,21486872,1.18250,167.53000,0
1505505267,21486865,1.18250,57.57293,0
1505505262,21486851,1.18169,32.21081,0
1505505258,21486834,1.18169,57.61059,0
1505505256,21486825,1.18247,30.04328,1
1505505256,21486821,1.18247,595.53854,1
1505505249,21486800,1.18248,79.44319,0
1505505226,21486708,1.18169,183.24892,0
1505505213,21486674,1.17780,316.32584,0
1505505213,21486672,1.17780,186.66520,0
1505505205,21486650,1.17750,142.95867,1
1505505199,21486643,1.17780,125.99761,0
1505505193,21486623,1.17780,3.66303,0
1505505192,21486621,1.17780,121.76151,0
1505505192,21486615,1.17750,157.88072,1
1505505181,21486575,1.17780,125.75988,0
1505505178,21486562,1.17750,153.18471,1
1505505165,21486510,1.17779,144.31034,1
1505505165,21486503,1.17780,68.80445,0
1505505165,21486497,1.17780,52.35108,0
1505505164,21486494,1.17779,33.90379,0
1505505164,21486491,1.17779,100.31957,0
1505505163,21486484,1.17779,100.31957,0
1505505163,21486479,1.17779,418.35155,0
1505505162,21486473,1.17779,146.79299,0
1505505153,21486444,1.17750,546.95253,1
1505505151,21486431,1.17750,53.68999,1
1505505150,21486418,1.17750,142.13194,1
1505505149,21486407,1.17750,1089.38410,1
1505505147,21486398,1.17751,23.64336,1
1505505146,21486389,1.17751,150.34904,1
1505505145,21486379,1.17750,316.32584,1
1505505141,21486356,1.17750,85.38790,1
1505505139,21486338,1.17750,254.66724,1
1505505137,21486322,1.17750,271.38322,1
1505505133,21486296,1.17780,192.22453,0
1505505133,21486293,1.17750,230.30574,1
1505505132,21486280,1.17750,26.70676,1
1505505130,21486269,1.17750,85.42075,1
1505505127,21486240,1.17750,237.76784,1
1505505126,21486228,1.17750,578.99451,1
1505505123,21486205,1.17750,1132.02549,1
1505505122,21486195,1.17750,262.55235,1
1505505121,21486190,1.17750,111.39703,1
1505505121,21486188,1.17750,990.06998,1
1505505120,21486181,1.17783,284.47492,0
1505505118,21486163,1.17784,799.46342,1
1505505118,21486162,1.17784,225.41964,1
1505505117,21486155,1.17784,85.24904,0
1505505117,21486151,1.17783,255.22546,1
1505505113,21486129,1.17784,151.04815,1
1505505111,21486119,1.17784,273.80635,1
1505505110,21486106,1.17784,214.72577,1
1505505104,21486087,1.17783,1004.59321,0
1505505101,21486069,1.17750,151.73975,1
1505505100,21486061,1.17780,234.07132,0
1505505100,21486052,1.17750,2909.68696,1
1505505099,21486049,1.17775,64.31034,1
1505505099,21486046,1.17775,321.70246,1
1505505098,21486035,1.17785,386.00722,1
1505505097,21486031,1.17784,208.69442,1
1505505093,21486006,1.18183,173.54951,1
1505505092,21485994,1.18183,210.64085,1
1505505091,21485992,1.18183,27.64758,1
1505505090,21485984,1.18183,233.66439,1
1505505090,21485981,1.18183,244.29526,1
1505505087,21485960,1.18183,518.92193,1
1505505087,21485956,1.18183,339.86910,1
1505505085,21485941,1.18183,421.33751,1
1505505079,21485913,1.18183,153.43202,1
1505505079,21485911,1.18183,244.72947,1
1505505076,21485905,1.18183,256.82012,1
1505505073,21485897,1.18183,172.59253,1
1505505068,21485865,1.18252,15.60474,1
1505505058,21485819,1.18252,99.60425,1
1505505053,21485792,1.18252,129.46831,1
1505505046,21485760,1.18461,198.72766,1
1505505002,21485637,1.18498,373.25487,0
1505505002,21485634,1.18498,480.28656,0
1505504998,21485611,1.18498,118.09481,0
1505504988,21485581,1.18498,159.31313,0
1505504985,21485564,1.18498,300.97550,0
1505504985,21485559,1.18498,1001.58964,0
1505504983,21485548,1.18498,159.19498,0
1505504978,21485511,1.18498,100.21363,0
1505504972,21485477,1.18498,189.11198,0
1505504966,21485446,1.18498,243.25488,0
1505504952,21485389,1.18498,253.16883,0
1505504951,21485387,1.18498,16.33112,0
1505504951,21485384,1.18498,271.38007,0
1505504944,21485315,1.18498,68.76072,0
1505504938,21485263,1.18498,275.55141,0
1505504933,21485228,1.18462,198.92558,0
1505504932,21485226,1.18462,23.46845,0
1505504931,21485221,1.18462,14.79392,0
1505504928,21485210,1.18462,60.36638,0
1505504928,21485207,1.18462,43.09279,0
1505504928,21485206,1.18462,133.49391,0
1505504923,21485185,1.18309,0.00936,0
1505504914,21485104,1.18309,97.13000,0
1505504913,21485091,1.18309,2813.55000,0
1505504901,21485062,1.18309,58.95000,0
1505504899,21485051,1.18309,30.36064,0
1505504881,21484971,1.18250,114.76142,0
1505504876,21484957,1.18250,244.13862,0
1505504873,21484938,1.18250,42.91995,0
1505504873,21484935,1.18250,131.69314,0
1505504871,21484930,1.18250,244.25318,0
1505504867,21484918,1.18250,444.03378,0
1505504865,21484912,1.18250,31.54988,0
1505504865,21484911,1.18250,212.43726,0
1505504863,21484901,1.18250,72.41933,0
1505504862,21484896,1.18250,100.30412,0
1505504862,21484894,1.18250,32.03751,0
1505504862,21484893,1.18250,410.54033,0
1505504861,21484892,1.18250,887.59938,0
1505504861,21484889,1.18250,226.32000,0
1505504860,21484886,1.18250,250.73904,0
1505504860,21484884,1.18250,244.17395,0
1505504857,21484871,1.18250,111.50087,0
1505504857,21484870,1.18250,240.92801,0
1505504857,21484868,1.18250,3.99901,0
1505504856,21484866,1.18250,1661.91119,0
1505504855,21484862,1.18250,243.49565,0
1505504851,21484844,1.18250,406.14209,0
1505504850,21484826,1.18250,243.96633,0
1505504845,21484803,1.18250,243.67894,0
1505504840,21484792,1.18250,247.86444,0
1505504839,21484790,1.18250,2.52673,0
1505504839,21484789,1.18250,222.33606,0
1505504838,21484784,1.18250,269.20805,0
1505504837,21484781,1.18250,112.36075,0
1505504814,21484710,1.18249,81.29000,1
1505504811,21484699,1.18249,1181.42000,0
1505504807,21484682,1.18183,616.86720,0
1505504806,21484679,1.18183,71.89724,0
1505504805,21484674,1.18181,29.91329,1
1505504805,21484671,1.18180,0.00671,0
1505504804,21484668,1.18180,199.53000,0
1505504785,21484571,1.18183,235.88840,0
1505504783,21484564,1.18183,75.34716,0
1505504783,21484562,1.18180,430.33469,0
1505504782,21484555,1.18181,269.11354,0
1505504780,21484542,1.18182,800.61068,0
1505504780,21484538,1.17751,132.45158,1
1505504780,21484537,1.18180,71.79298,1
1505504710,21484406,1.17751,94.72532,1
1505504690,21484378,1.17751,42.61253,1
1505504669,21484341,1.17751,241.67165,1
1505504665,21484328,1.17751,52.03999,1
1505504653,21484302,1.17751,241.96780,1
1505504643,21484262,1.17751,241.95329,1
1505504619,21484172,1.17751,120.81214,1
1505504615,21484167,1.17750,401.81999,1
1505504613,21484160,1.17750,851.52998,1
1505504605,21484152,1.17750,417.19822,1
1505504605,21484151,1.17751,399.34531,1
1505504590,21484127,1.17752,89.95147,1
1505504590,21484124,1.17752,158.07498,1
1505504543,21484060,1.17752,425.76530,1
1505504524,21484026,1.17752,31.45491,1
1505504509,21483971,1.17751,159.31041,1
1505504503,21483952,1.18249,839.44581,0
1505504503,21483951,1.18248,694.91810,0
1505504502,21483945,1.17750,2130.87357,1
1505504502,21483944,1.17751,453.27775,1
1505504499,21483937,1.17751,0.02675,0
1505504497,21483921,1.17750,240.92801,1
1505504493,21483901,1.17751,5.32291,0
1505504493,21483896,1.17750,2803.19321,1
1505504493,21483893,1.17750,250.39117,1
1505504491,21483885,1.17751,226.50954,1
1505504491,21483882,1.17751,5.34966,1
1505504487,21483863,1.17751,245.88471,1
1505504469,21483823,1.17751,1.19131,1
1505504469,21483822,1.17752,239.73088,1
1505504444,21483757,1.18249,262.03820,0
1505504356,21483590,1.17751,279.25255,1
1505504356,21483588,1.17751,211.89000,1
1505504350,21483576,1.17750,491.54411,1
1505504349,21483569,1.17750,112.36075,1
1505504349,21483567,1.17751,1.29531,1
1505504344,21483552,1.17751,491.67280,1
1505504296,21483447,1.17751,30.70795,1
1505504296,21483445,1.17751,1089.08284,1
1505504296,21483441,1.17752,262.35788,1
1505504286,21483404,1.17752,189.82047,1
1505504286,21483400,1.17752,209.85967,1
1505504284,21483388,1.17751,399.78430,1
1505504267,21483355,1.18307,148.41893,0
1505504266,21483353,1.18307,120.11122,0
1505504266,21483351,1.17752,154.52135,1
1505504266,21483349,1.17752,183.94711,1
1505504254,21483308,1.17755,85.34684,0
1505504253,21483306,1.17755,731.30612,0
1505504251,21483286,1.17754,202.27257,1
1505504250,21483276,1.17754,145.89335,1
1505504250,21483275,1.17755,483.28338,1
1505504244,21483257,1.17753,541.18165,1
1505504233,21483231,1.17755,116.18393,1
1505504220,21483204,1.17755,429.18773,0
1505504176,21483046,1.18305,404.53731,0
1505504172,21483033,1.18308,37.43694,0
1505504171,21483030,1.18308,108.88625,0
1505504170,21483018,1.18306,171.57000,0
1505504167,21483001,1.18308,117.94096,0
1505504166,21482999,1.18308,100.42616,0
1505504166,21482998,1.18308,72.86252,0
1505504151,21482958,1.18306,109.21103,0
1505504146,21482936,1.18303,108.52000,0
1505504139,21482911,1.18308,1853.57339,0
1505504138,21482910,1.18308,101.16301,0
1505504133,21482897,1.18308,94.38638,0
1505504125,21482852,1.17752,100.00000,1
1505504106,21482781,1.18308,143.08055,0
1505504103,21482773,1.18308,80.14997,0
1505504100,21482762,1.18308,103.05357,0
1505504099,21482753,1.18308,86.21563,0
1505503909,21482214,1.17808,58.42823,1
1505503890,21482187,1.17808,2941.57177,1
1505503890,21482186,1.17809,1668.36942,1
1505503888,21482184,1.17810,390.05881,1
1505503837,21482119,1.17810,413.38970,1
1505503823,21482105,1.17811,3.37493,1
1505503823,21482104,1.17812,410.66234,1
1505503623,21481829,1.18459,799.35820,0
1505503615,21481802,1.18460,799.35386,0
1505503526,21481592,1.17809,245.13999,1
1505503500,21481488,1.18000,639.04452,1
1505503500,21481485,1.18000,115.72481,1
1505503491,21481465,1.18000,511.43999,1
1505503490,21481461,1.18000,298.19406,1
1505503490,21481460,1.18000,611.80594,1
1505503487,21481445,1.18000,313.55292,1
1505503487,21481444,1.18000,279.31513,1
1505503487,21481443,1.18000,308.73295,1
1505503487,21481441,1.18001,133.72980,1
1505503408,21481280,1.18001,0.66865,0
1505503408,21481277,1.18001,133.06115,0
1505503376,21481224,1.18001,102.12000,0
1505503361,21481208,1.17998,616.58303,0
1505503356,21481204,1.17998,310.35015,0
1505503308,21481121,1.17809,984.70420,1
1505503301,21481109,1.17809,44.26640,1
1505503281,21481083,1.17809,57.51999,1
1505503271,21481060,1.18000,0.00509,1
1505503267,21481044,1.18000,2597.56780,1
1505503265,21481042,1.18000,175.69492,1
1505503265,21481041,1.18000,61.98617,1
1505503257,21481028,1.18000,226.36170,1
1505503251,21481012,1.18000,131.44916,1
1505503249,21481011,1.18000,120.37999,1
1505503241,21480992,1.18000,1021.85104,1
1505503236,21480983,1.18000,304.68986,1
1505503236,21480980,1.18001,340.88068,1
1505503235,21480977,1.18001,912.50971,1
1505503231,21480957,1.18001,237.58012,1
1505503225,21480947,1.18001,912.50971,1
1505503219,21480935,1.18001,1129.60999,1
1505503203,21480891,1.18001,605.53575,1
1505503185,21480847,1.18001,154.16001,1
1505503185,21480845,1.18001,73.93999,1
1505503175,21480805,1.18001,2148.32926,1
1505503134,21480688,1.18462,100.39839,1
1505503131,21480679,1.18464,198.72704,1
1505503005,21480501,1.18498,57.14751,0
1505502975,21480422,1.18498,49.39323,0
1505502955,21480371,1.18499,30.09919,0
1505502954,21480366,1.18498,157.07437,0
1505502932,21480288,1.18498,173.71000,0
1505502930,21480279,1.18499,647.29845,0
1505502929,21480276,1.18499,126.02267,0
1505502929,21480272,1.18499,11.45000,0
1505502929,21480267,1.18499,304.83999,0
1505502929,21480264,1.18499,155.09768,0
1505502928,21480263,1.18499,87.04603,0
1505502928,21480261,1.18499,12.43387,0
1505502928,21480259,1.18499,47.30217,0
1505502928,21480257,1.18471,460.62380,0
1505502927,21480254,1.18471,332.08685,0
1505502927,21480252,1.18464,320.34847,0
1505502927,21480250,1.18462,1774.42282,0
1505502917,21480205,1.18000,196.74791,1
1505502916,21480199,1.18462,2554.97000,0
1505502913,21480184,1.18462,67.50687,1
1505502913,21480182,1.18464,67.51153,0
1505502911,21480168,1.18462,16.75766,0
1505502880,21480036,1.18462,48.89833,0
1505502880,21480034,1.18415,167.90148,0
1505502876,21480013,1.18415,97.18215,1
1505502874,21480003,1.18415,255.53818,1
1505502818,21479876,1.18415,461.88337,1
1505502818,21479875,1.18415,686.40770,1
1505502782,21479840,1.18415,128.19600,1
1505502782,21479839,1.18415,93.05399,1
1505502768,21479769,1.18415,222.28016,1
1505502767,21479763,1.18415,499.26953,1
1505502766,21479762,1.18415,0.00002,0
1505502766,21479761,1.18415,812.21972,0
1505502765,21479760,1.18413,2.38398,0
1505502761,21479754,1.18415,812.20000,1
1505502761,21479751,1.18415,0.03093,1
1505502753,21479733,1.18415,812.16907,1
1505502707,21479691,1.18001,1750.22999,1
1505502686,21479675,1.18001,812.20000,1
1505502672,21479662,1.18000,294.95621,1
1505502671,21479655,1.18000,3302.96377,1
1505502670,21479654,1.18000,443.59999,1
1505502668,21479650,1.18000,493.09024,1
1505502663,21479630,1.18000,123.96024,1
1505502659,21479618,1.18000,2512.89997,1
1505502658,21479613,1.18000,2515.46151,1
1505502656,21479602,1.18000,1436.69998,1
1505502653,21479598,1.18000,383.23635,1
1505502652,21479593,1.18000,1269.82998,1
1505502624,21479526,1.18000,2338.57998,1
1505502535,21479353,1.18001,960.78299,1
1505502531,21479344,1.18000,1651.92159,1
1505502465,21479152,1.18464,222.89000,0
1505502464,21479149,1.18462,484.51823,0
1505502415,21478959,1.18462,664.60973,1
1505502413,21478947,1.18462,664.50000,0
1505502405,21478929,1.18462,1122.41899,0
1505502393,21478888,1.18462,222.65000,1
1505502391,21478878,1.18462,222.41000,0
1505502360,21478774,1.18462,131.20900,0
1505502355,21478751,1.18462,1807.98060,0
1505502345,21478692,1.18462,9.90798,0
1505502316,21478571,1.18462,24.13885,0
1505502116,21478213,1.18462,124.83007,0
1505502105,21478182,1.18001,14.68410,1
1505502100,21478141,1.18001,217.59525,1
1505502094,21478105,1.18001,217.59525,1
1505502088,21478094,1.18001,217.59525,1
1505502083,21478081,1.18001,217.59525,1
1505502080,21478069,1.18464,389.25000,0
1505502077,21478061,1.18000,89.29525,1
1505502077,21478057,1.18001,128.30000,1
1505501905,21477736,1.18000,782.56780,1
1505501877,21477707,1.18000,3399.52998,1
1505501869,21477690,1.18000,186.07472,1
1505501837,21477659,1.18000,1238.52999,1
1505501828,21477650,1.18000,894.12379,1
1505501827,21477647,1.18000,217.16950,1
1505501821,21477625,1.18000,412.06999,1
1505501820,21477624,1.18000,730.82204,1
1505501796,21477603,1.18000,730.74577,1
1505501743,21477534,1.18000,304.01755,1
1505501742,21477531,1.18000,1905.22014,1
1505501738,21477526,1.18000,152.12824,1
1505501734,21477519,1.18000,1499.89999,1
1505501732,21477510,1.18000,778.65970,1
1505501725,21477495,1.18000,778.42845,1
1505501717,21477482,1.18000,196.85722,1
1505501712,21477467,1.18000,778.04426,1
1505501703,21477455,1.18000,183.47323,1
1505501697,21477446,1.18000,410.80999,1
1505501697,21477444,1.18000,183.39420,1
1505501691,21477430,1.18000,646.41210,1
1505501689,21477422,1.18000,36.91999,1
1505501688,21477416,1.18000,609.68645,1
1505501685,21477404,1.18000,59.51695,1
1505501684,21477403,1.18000,824.30304,1
1505501682,21477396,1.18000,593.78999,1
1505501680,21477386,1.18000,172.08631,1
1505501679,21477380,1.18000,274.73105,1
1505501673,21477365,1.18000,564.24003,1
1505501668,21477350,1.18000,283.19347,1
1505501668,21477344,1.18000,827.90345,1
1505501667,21477341,1.18000,206.88946,1
1505501626,21477258,1.18000,1549.16102,1
1505501621,21477255,1.18000,131.00321,1
1505501617,21477245,1.18001,129.32626,1
1505501516,21477182,1.18000,664.36441,1
1505501511,21477169,1.18000,206.69689,1
1505501477,21477133,1.18000,153.70198,1
1505501334,21476875,1.18000,211.88403,1
1505501302,21476777,1.18000,958.57789,1
1505501222,21476680,1.18000,16.32215,1
1505501214,21476674,1.18000,221.67990,1
1505501213,21476673,1.18000,15.40806,1
1505501171,21476623,1.18453,143.51395,1
1505501171,21476622,1.18453,143.53000,1
1505501171,21476620,1.18453,143.53000,1
1505501171,21476619,1.18453,60.38028,1
1505501169,21476612,1.18453,83.14972,1
1505501169,21476611,1.18453,60.36712,1
1505501168,21476610,1.18448,83.16288,0
1505501168,21476609,1.18448,143.53000,0
1505501168,21476608,1.18448,143.53000,0
1505501168,21476607,1.18448,143.53000,0
1505501167,21476606,1.18448,143.53000,0
1505501121,21476542,1.18001,498.35123,1
1505501107,21476516,1.18001,44.52514,0
1505501015,21476400,1.18001,48.35972,1
1505500976,21476366,1.18002,304.65620,1
1505500975,21476365,1.18001,8.17139,1
1505500953,21476332,1.18001,469.94046,1
1505500914,21476246,1.18001,79.26096,1
1505500914,21476245,1.18002,20.73904,1
1505500853,21476155,1.18002,132.49788,1
1505500852,21476153,1.18002,142.42999,1
1505500852,21476152,1.18003,11.00000,1
1505500780,21476000,1.18473,128.49483,1
1505500775,21475979,1.18473,37.29755,1
1505500775,21475978,1.18473,128.46244,1
1505500770,21475957,1.18473,37.45108,1
1505500770,21475955,1.18473,128.26347,1
1505500752,21475931,1.18498,365.84794,0
1505500746,21475918,1.18498,365.84895,0
1505500741,21475903,1.18498,365.84794,0
1505500737,21475893,1.18498,675.74388,1
1505500737,21475890,1.18499,60.18783,0
1505500736,21475888,1.18499,817.19217,0
1505500735,21475881,1.18498,365.84794,0
1505500735,21475879,1.18499,67.89783,0
1505500734,21475877,1.18499,164.82630,0
1505500734,21475876,1.18499,124.34381,0
1505500734,21475875,1.18499,117.87903,0
1505500734,21475874,1.18499,74.76954,0
1505500733,21475873,1.18499,74.73865,0
1505500733,21475870,1.18499,142.28000,0
1505500733,21475869,1.18499,35.58484,0
1505500731,21475867,1.18498,272.88241,0
1505500731,21475865,1.18497,12.46721,0
1505500731,21475864,1.18497,43.09871,0
1505500731,21475862,1.18497,12.47097,0
1505500731,21475861,1.18497,12.47659,0
1505500730,21475859,1.18497,12.45205,0
1505500730,21475855,1.18497,12.48857,0
1505500729,21475853,1.18497,12.47535,0
1505500728,21475850,1.18497,12.48857,0
1505500728,21475849,1.18497,12.47485,0
1505500728,21475848,1.18497,12.48857,0
1505500727,21475840,1.18497,12.47385,0
1505500727,21475839,1.18497,42.97249,0
1505500721,21475822,1.18497,12.48857,0
1505500721,21475820,1.18497,12.47334,0
1505500721,21475819,1.18497,12.48857,0
1505500720,21475817,1.18497,42.96784,0
1505500720,21475814,1.18497,12.47334,0
1505500720,21475813,1.18497,12.47471,0
1505500720,21475812,1.18497,12.49140,0
1505500720,21475811,1.18497,12.47036,0
1505500720,21475810,1.18497,12.49306,0
1505500719,21475809,1.18497,12.49374,0
1505500716,21475798,1.18497,12.48312,0
1505500715,21475797,1.18497,12.48268,0
1505500705,21475759,1.18472,12.50923,0
1505500705,21475756,1.18471,57.43721,0
1505500704,21475754,1.18471,85.38304,0
1505500703,21475749,1.18471,22.69307,0
1505500685,21475698,1.18002,242.26709,1
1505500655,21475552,1.18457,150.09840,1
1505500655,21475551,1.18457,150.09840,1
1505500655,21475549,1.18457,62.80616,1
1505500654,21475545,1.18457,87.29224,1
1505500654,21475542,1.18457,150.09840,1
1505500654,21475541,1.18457,62.42715,1
1505500653,21475536,1.18457,87.67125,1
1505500653,21475535,1.18457,150.09840,1
1505500653,21475534,1.18457,150.09840,1
1505500653,21475533,1.18457,150.09840,1
1505500652,21475532,1.18457,150.09840,1
1505500652,21475531,1.18457,125.08515,1
1505500647,21475522,1.18457,25.01325,0
1505500646,21475521,1.18457,0.00005,0
1505500646,21475520,1.18456,125.08442,0
1505500646,21475519,1.18454,25.01393,0
1505500634,21475510,1.18000,20.88810,1
1505500630,21475471,1.18000,48.80000,1
1505500629,21475468,1.18000,42.58021,1
1505500623,21475445,1.18000,792.00607,1
1505500613,21475415,1.18000,126.02267,1
1505500612,21475412,1.18000,11.45000,1
1505500606,21475395,1.18001,461.68642,1
1505500603,21475392,1.18001,242.15082,1
1505500601,21475383,1.18001,1517.71168,0
1505500600,21475376,1.18001,210.12344,1
1505500600,21475374,1.18001,265.56475,1
1505500571,21475287,1.18001,179.94900,1
1505500571,21475286,1.18450,543.16350,1
1505500570,21475285,1.18450,127.79487,1
1505500570,21475283,1.18450,399.72141,1
1505500570,21475281,1.18450,15.64722,1
1505500570,21475280,1.18450,543.16350,1
1505500570,21475279,1.18450,543.16350,1
1505500569,21475278,1.18450,84.54907,1
1505500568,21475273,1.18450,458.61443,1
1505500568,21475269,1.18450,11.61419,1
1505500567,21475260,1.18450,265.78404,1
1505500566,21475256,1.18450,265.76527,1
1505500565,21475253,1.18450,175.51879,1
1505500564,21475248,1.18450,264.70130,1
1505500563,21475239,1.18450,102.94341,1
1505500562,21475237,1.18450,14.77689,1
1505500560,21475233,1.18450,528.38661,1
1505500560,21475230,1.18450,182.47575,1
1505500558,21475226,1.18450,298.63094,1
1505500558,21475224,1.18450,62.05681,1
1505500558,21475220,1.18450,238.25579,1
1505500557,21475213,1.18450,161.47049,1
1505500556,21475209,1.18450,143.43722,1
1505500556,21475208,1.18450,17.70278,1
1505500556,21475207,1.18450,111.65957,1
1505500554,21475202,1.18451,5.00498,1
1505500552,21475200,1.18450,25.09410,1
1505500551,21475195,1.18450,363.64406,1
1505500549,21475184,1.18450,25.06299,0
1505500548,21475181,1.18450,0.00005,0
1505500548,21475180,1.18450,20.88910,0
1505500548,21475179,1.18450,25.06710,0
1505500548,21475178,1.18450,25.11286,0
1505500548,21475177,1.18450,25.11286,0
1505500547,21475176,1.18450,25.11489,0
1505500547,21475175,1.18450,25.07319,0
1505500547,21475174,1.18450,25.06405,0
1505500547,21475173,1.18450,25.06405,0
1505500547,21475171,1.18449,150.80623,0
1505500547,21475170,1.18449,150.61982,0
1505500547,21475169,1.18449,45.23930,0
1505500506,21475073,1.18449,49.78680,0
1505500505,21475070,1.18449,49.78680,0
1505500505,21475068,1.18449,5.65438,0
1505500505,21475065,1.18449,44.13242,0
1505500504,21475063,1.18449,49.78680,0
1505500504,21475062,1.18449,49.78680,0
1505500503,21475058,1.18449,6.76076,0
1505500492,21475019,1.18451,25.01850,1
1505500492,21475018,1.18451,25.01850,1
1505500492,21475017,1.18451,25.01850,1
1505500492,21475016,1.18451,25.01850,1
1505500492,21475015,1.18451,25.01850,1
1505500492,21475014,1.18452,25.01850,1
1505500490,21475010,1.18454,25.01850,1
1505500490,21475009,1.18454,25.01850,1
1505500490,21475008,1.18454,25.01850,1
1505500489,21475007,1.18454,25.01850,1
1505500489,21475006,1.18454,25.01850,1
1505500489,21475005,1.18454,25.01850,1
1505500488,21475004,1.18454,25.01850,1
1505500488,21475003,1.18454,25.01850,1
1505500485,21475000,1.18454,25.01850,1
1505500483,21474994,1.18454,25.01850,1
1505500483,21474992,1.18454,25.01850,1
1505500482,21474988,1.18456,25.01850,1
1505500480,21474976,1.18456,25.01850,1
1505500480,21474975,1.18456,25.01850,1
1505500479,21474970,1.18456,25.01850,1
1505500479,21474969,1.18456,25.01850,1
1505500479,21474968,1.18456,25.01850,1
1505500479,21474966,1.18456,25.01850,1
1505500478,21474962,1.18456,25.01850,1
1505500478,21474959,1.18456,25.01850,1
1505500477,21474956,1.18456,0.47243,1
1505500476,21474950,1.18456,24.54607,1
1505500476,21474947,1.18456,25.01850,1
1505500472,21474933,1.18001,4.99558,1
1505500472,21474932,1.18001,10.26738,1
1505500472,21474931,1.18001,6.84492,1
1505500471,21474930,1.18456,25.01850,1
1505500471,21474929,1.18456,25.01850,1
1505500471,21474927,1.18456,25.01850,1
1505500471,21474926,1.18456,25.01850,1
1505500471,21474925,1.18456,25.01850,1
1505500471,21474923,1.18456,2.89962,1
1505500470,21474917,1.18456,22.11888,1
1505500470,21474914,1.18456,25.01850,1
1505500469,21474910,1.18456,25.01850,1
1505500469,21474908,1.18457,25.01850,1
1505500469,21474907,1.18458,25.01850,1
1505500469,21474906,1.18458,25.01850,1
1505500468,21474904,1.18458,25.01850,1
1505500464,21474896,1.18001,19.01346,1
1505500464,21474895,1.18002,6.84492,1
1505500461,21474882,1.18000,304.83999,1
1505500461,21474875,1.18001,654.20561,1
1505500460,21474870,1.18002,5.49435,1
1505500459,21474864,1.18002,8.44647,1
1505500459,21474862,1.18002,10.45561,1
1505500459,21474859,1.18003,6.95630,1
1505500451,21474824,1.18460,6.97041,1
1505500450,21474816,1.18002,89.29995,1
1505500450,21474814,1.18459,0.00005,1
1505500449,21474801,1.18004,25.01845,0
1505500442,21474760,1.18003,107.52000,0
1505500440,21474741,1.18002,86.94777,1
1505500438,21474732,1.18001,638.53963,1
1505500432,21474691,1.18000,155.09768,1
1505500429,21474680,1.18001,140.79548,1
1505500421,21474643,1.18000,87.04603,1
1505500420,21474638,1.18001,202.23797,1
1505500416,21474620,1.18002,87.05049,1
1505500415,21474618,1.18000,107.49000,1
1505500414,21474612,1.18001,107.49000,1
1505500412,21474605,1.18000,885.09000,1
1505500410,21474598,1.18002,87.09784,1
1505500409,21474592,1.18000,164.82630,1
1505500409,21474591,1.18002,16.21986,1
1505500409,21474589,1.18002,12.17384,1
1505500408,21474587,1.18003,194.01524,1
1505500400,21474557,1.18002,192.40000,1
1505500399,21474555,1.18001,192.39999,0
1505500399,21474554,1.18000,124.34381,1
1505500399,21474553,1.18000,117.87903,1
1505500398,21474548,1.18000,74.76954,1
1505500397,21474546,1.18001,12.18284,1
1505500397,21474544,1.18002,342.33000,1
1505500394,21474530,1.18001,429.28000,1
1505500393,21474525,1.18000,74.73865,1
1505500392,21474521,1.18002,12.23789,1
1505500392,21474519,1.18002,42.82738,1
1505500391,21474518,1.18002,19.92764,1
1505500390,21474513,1.18001,223.31400,1
1505500388,21474506,1.18005,8.15860,1
1505500387,21474501,1.18000,142.28000,1
1505500386,21474493,1.18000,35.58484,1
1505500386,21474490,1.18001,18.35459,1
1505500386,21474488,1.18001,24.47279,1
1505500386,21474486,1.18004,8.50662,1
1505500382,21474467,1.18003,12.17521,1
1505500374,21474437,1.18003,12.97240,1
1505500374,21474436,1.18006,18.35459,1
1505500374,21474435,1.18006,12.23639,1
1505500372,21474429,1.18004,0.12509,1
1505500370,21474423,1.18004,24.89336,1
1505500368,21474417,1.18471,0.42692,1
1505500367,21474414,1.18471,29.11378,1
1505500367,21474413,1.18471,29.54070,1
1505500367,21474410,1.18471,26.30164,1
1505500365,21474405,1.18471,3.23906,1
1505500365,21474401,1.18471,29.54070,1
1505500365,21474399,1.18471,29.54070,1
1505500365,21474397,1.18471,29.54070,1
1505500365,21474395,1.18471,29.54070,1
1505500365,21474394,1.18471,27.22814,1
1505500363,21474385,1.18471,2.31256,1
1505500363,21474383,1.18471,29.54070,1
1505500362,21474381,1.18472,12.50923,1
1505500360,21474374,1.18471,0.00002,1
1505500359,21474372,1.18449,29.54068,0
1505500358,21474368,1.18002,18.71545,1
1505500356,21474363,1.18497,30.50184,1
1505500320,21474249,1.18497,30.49205,1
1505500319,21474241,1.18497,51.76788,1
1505500316,21474210,1.18500,2.45938,0
1505500316,21474209,1.18497,30.54828,0
1505500310,21474175,1.18497,30.51003,0
1505500293,21474115,1.18500,326.18944,0
1505500293,21474113,1.18497,30.55173,0
1505500278,21474056,1.18499,30.49974,1
1505500277,21474053,1.18500,213.50426,0
1505500273,21474028,1.18500,212.82552,0
1505500272,21474020,1.18500,91.51166,0
1505500251,21473963,1.18444,31.16710,1
1505500250,21473956,1.18444,258.20647,1
1505500250,21473953,1.18446,11.75936,1
1505500242,21473935,1.18444,31.76082,1
1505500242,21473934,1.18499,30.51596,1
1505500242,21473933,1.18499,7.27206,1
1505500240,21473924,1.18499,23.39312,1
1505500240,21473919,1.18500,21.10312,0
1505500237,21473902,1.18500,429.15706,0
1505500234,21473887,1.18500,173.57688,0
1505500226,21473848,1.18498,18.82492,0
1505500226,21473847,1.18469,11.84026,0
1505500224,21473834,1.18472,11.74833,1
1505500223,21473830,1.18468,0.05115,0
1505500222,21473821,1.18470,41.63816,1
1505500222,21473820,1.18471,11.81966,1
1505500211,21473726,1.18444,123.13072,1
1505500210,21473723,1.18444,217.86269,1
1505500210,21473720,1.18444,13.65398,1
1505500207,21473709,1.18444,237.60415,1
1505500206,21473707,1.18444,612.49047,1
1505500206,21473706,1.18445,0.03413,1
1505500206,21473704,1.18470,41.63816,1
1505500203,21473682,1.18499,9.14669,0
1505500203,21473676,1.18445,6.79286,1
1505500191,21473635,1.18003,6.82699,0
1505500191,21473634,1.18003,10.24048,0
1505500189,21473626,1.18003,17.36786,1
1505500187,21473620,1.18458,0.00455,1
1505500187,21473619,1.18461,6.82699,1
1505500173,21473567,1.18470,160.74071,0
1505500173,21473565,1.18469,51.36905,0
1505500157,21473529,1.18471,51.33000,1
1505500131,21473487,1.18500,156.53614,0
1505500131,21473485,1.18500,883.89386,0
1505500124,21473451,1.18500,458.57614,0
1505500124,21473447,1.18500,179.88400,0
1505500124,21473446,1.18500,65.73986,0
1505500122,21473440,1.18500,662.10969,0
1505500116,21473418,1.18500,202.48524,0
1505500115,21473411,1.18500,182.47030,0
1505500115,21473410,1.18500,24.56060,0
1505500114,21473406,1.18500,163.41479,0
1505500114,21473404,1.18470,0.00521,0
1505500114,21473398,1.18470,123.85526,0
1505500114,21473394,1.18470,254.56474,0
1505500076,21473333,1.18470,156.16943,0
1505500075,21473329,1.18470,471.73771,0
1505500074,21473326,1.18470,29.58571,0
1505500072,21473313,1.18470,21.73093,0
1505500027,21473139,1.18458,317.57215,1
1505500027,21473138,1.18458,317.57670,1
1505500026,21473134,1.18458,317.57670,1
1505500026,21473130,1.18458,317.57670,1
1505500026,21473128,1.18458,171.51680,1
1505500026,21473122,1.18472,2.43433,1
1505500025,21473117,1.18472,51.33807,1
1505500010,21473070,1.18472,101.48460,1
1505500010,21473069,1.18472,155.25700,1
1505500010,21473068,1.18472,155.25700,1
1505500010,21473067,1.18472,155.25700,1
1505500010,21473066,1.18472,155.25700,1
1505500010,21473064,1.18472,155.25700,1
1505500009,21473062,1.18473,5.83981,1
1505499993,21473033,1.18458,146.05990,1
1505499992,21473031,1.18458,56.27946,1
1505499990,21473020,1.18458,60.52530,1
1505499987,21473001,1.18500,201.75295,0
1505499984,21472986,1.18464,5.79830,0
1505499983,21472977,1.18458,200.77194,1
1505499982,21472975,1.18459,1.55368,1
1505499982,21472973,1.18459,5.00000,1
1505499980,21472953,1.18446,202.35606,0
1505499980,21472952,1.18446,115.22060,0
1505499977,21472933,1.18448,87.10370,1
1505499970,21472901,1.18448,115.11144,1
1505499970,21472900,1.18449,7.31528,1
1505499970,21472899,1.18450,33.65027,1
1505499970,21472897,1.18450,46.24665,1
1505499968,21472893,1.18500,195.04166,0
1505499968,21472891,1.18500,55.14373,0
1505499968,21472889,1.18500,2.97917,0
1505499967,21472881,1.18500,197.60983,0
1505499964,21472860,1.18500,1043.89311,0
1505499964,21472858,1.18500,90.00000,0
1505499963,21472856,1.18500,588.25000,0
1505499963,21472855,1.18500,527.63275,0
1505499963,21472851,1.18486,11.21658,0
1505499963,21472849,1.18486,11.21658,0
1505499962,21472845,1.18486,11.21711,0
1505499962,21472842,1.18464,62.76366,0
1505499962,21472839,1.18464,46.24665,0
1505499952,21472801,1.18448,200.81000,1
1505499951,21472798,1.18464,5.19750,0
1505499950,21472788,1.18464,8.26004,0
1505499949,21472780,1.18464,7.36292,0
1505499944,21472766,1.18448,420.08136,1
1505499944,21472764,1.18448,80.23102,1
1505499925,21472709,1.18466,3.71706,1
1505499924,21472704,1.18466,48.87479,1
1505499921,21472689,1.18466,77.12597,1
1505499911,21472662,1.18466,819.40485,1
1505499909,21472654,1.18466,24.44215,1
1505499908,21472648,1.18466,1035.30999,1
1505499907,21472640,1.18467,9.12137,1
1505499904,21472625,1.18466,268.47368,1
1505499901,21472619,1.18466,514.77815,1
1505499898,21472611,1.18468,8.60911,1
1505499892,21472593,1.18466,120.97986,1
1505499877,21472527,1.18500,243.38725,0
1505499877,21472526,1.18500,180.22854,0
1505499876,21472524,1.18500,245.65257,0
1505499872,21472520,1.18468,7.45240,1
1505499871,21472518,1.18500,46.27743,0
1505499871,21472516,1.18500,357.72651,0
1505499871,21472514,1.18499,412.35748,0
1505499868,21472509,1.18499,416.82152,0
1505499863,21472490,1.18500,333.69000,0
1505499863,21472488,1.18500,416.59190,0
1505499858,21472483,1.18499,499.60629,0
1505499857,21472477,1.18499,416.61361,0
1505499856,21472474,1.18470,47.93129,1
1505499856,21472473,1.18472,7.51840,1
1505499851,21472467,1.18471,7.51778,1
1505499806,21472377,1.18500,573.56394,0
1505499805,21472375,1.18499,822.58315,0
1505499805,21472374,1.18485,284.75291,0
1505499804,21472372,1.18485,81.51604,0
1505499794,21472321,1.18485,416.39695,0
1505499788,21472303,1.18485,357.31000,0
1505499787,21472297,1.18485,11.89403,0
1505499781,21472283,1.18485,988.58000,0
1505499780,21472280,1.18485,416.16051,0
1505499779,21472273,1.18485,326.14254,0
1505499770,21472258,1.18485,8.49990,0
1505499764,21472230,1.18485,1232.62015,0
1505499729,21472173,1.18448,2090.00000,1
1505499719,21472145,1.18448,21.11411,1
1505499707,21472118,1.18448,242.20227,1
1505499707,21472115,1.18448,1404.80998,1
1505499704,21472106,1.18448,50.00000,1
1505499703,21472102,1.18448,242.29999,1
1505499700,21472097,1.18448,869.34263,0
1505499700,21472096,1.18448,4490.00000,0
1505499700,21472095,1.18439,510.00000,0
1505499694,21472074,1.17810,100.00000,1
1505499685,21472039,1.17810,100.00000,1
1505499672,21471978,1.17810,460.52821,1
1505499659,21471928,1.17810,237.37211,1
