date,tid,price,amount,type
1505520030,21517269,0.01404900,34.87350513,0
1505520030,21517268,0.01404899,54.11849487,0
1505520030,21517267,0.01404898,158.50800000,0
1505519903,21517151,0.01398002,13.89000000,1
1505519836,21517107,0.01396023,0.20000000,1
1505519721,21517016,0.01400313,37.12192200,0
1505519719,21517014,0.01400313,62.87807800,0
1505519674,21516988,0.01398000,8.43685081,0
1505519665,21516985,0.01398000,22.40072000,0
1505519664,21516984,0.01398000,95.89570000,0
1505519654,21516981,0.01398000,1.85292900,0
1505519652,21516980,0.01398000,10.42481400,0
1505519617,21516957,0.01397999,0.68660000,0
1505519607,21516954,0.01397999,1.68633800,0
1505519606,21516952,0.01398000,0.68380000,0
1505519601,21516946,0.01398000,41.84356719,0
1505519601,21516945,0.01397999,13.48300181,0
1505519569,21516911,0.01393008,0.20000000,1
1505519549,21516882,0.01398000,18.46161900,0
1505519152,21516500,0.01392039,1.28639458,1
1505519046,21516397,0.01392039,8.71360542,1
1505519046,21516395,0.01392060,58.00600000,1
1505519046,21516394,0.01392063,54.35400000,0
1505519045,21516392,0.01392063,5.03249562,0
1505519045,21516390,0.01392063,17.89389896,1
1505518881,21516268,0.01400312,5.00245659,0
1505518829,21516247,0.01404746,17.89389896,0
1505518409,21515764,0.01389007,7.25961440,1
1505518409,21515763,0.01389007,1.80203900,1
1505518387,21515744,0.01389007,1.48666100,1
1505518290,21515610,0.01389106,9.27937200,1
1505518290,21515603,0.01389109,11.92261135,1
1505517849,21514531,0.01406873,11.92261135,0
1505517215,21512999,0.01397187,43.20325315,1
1505517215,21512996,0.01397190,8.80592885,1
1505516731,21511749,0.01400131,19.74442369,1
1505516598,21511555,0.01402257,2.94331000,1
1505516186,21510937,0.01410422,30.79987300,0
1505516180,21510919,0.01402005,33.99769400,1
1505516176,21510907,0.01402003,19.49496800,1
1505516078,21510772,0.01402206,2.65999500,1
1505516059,21510731,0.01402202,5.74416260,1
1505516021,21510599,0.01404180,2.94795500,1
1505516021,21510598,0.01404180,7.05204500,1
1505516020,21510590,0.01404183,9.74420700,1
1505515409,21510099,0.01404157,21.05566600,1
1505515405,21510087,0.01404150,0.00769125,0
1505515400,21510079,0.01404150,0.49230875,0
1505515045,21509752,0.01411801,45.33153681,1
1505515044,21509751,0.01411801,26.56060225,0
1505514710,21509247,0.01416869,4.93306029,0
1505514689,21509215,0.01402004,0.32938539,1
1505514653,21509146,0.01408905,0.68805558,0
1505514653,21509145,0.01403327,0.42733442,0
1505514630,21509088,0.01398001,1.57495911,1
1505514616,21509048,0.01402947,5.56090053,0
1505514508,21508568,0.01394611,3.46448150,1
1505514501,21508536,0.01400000,1.72165242,1
1505514498,21508521,0.01403327,2.32550000,1
1505514482,21508416,0.01404633,12.03197600,1
1505514480,21508405,0.01405008,12.44049830,1
1505514480,21508403,0.01405042,10.02765218,1
1505514360,21507775,0.01415058,1.49853000,1
1505514356,21507763,0.01415057,1.17692009,1
1505514221,21507294,0.01420376,6.84370138,0
1505514221,21507292,0.01420375,13.89000000,0
1505514221,21507288,0.01420375,2.30771562,0
1505513980,21506960,0.01421181,7.24394000,1
1505513889,21506739,0.01424037,2.31941000,0
1505513826,21506400,0.01432883,2.08845796,0
1505513318,21505327,0.01430026,0.50000000,1
1505513213,21505134,0.01429011,2.75000000,1
1505513146,21505043,0.01425061,10.29515027,1
1505513139,21505025,0.01438997,3.91680038,1
1505513139,21505024,0.01435178,15.00000000,0
1505513139,21505023,0.01433628,7.14680858,1
1505513138,21505021,0.01433612,17.64907427,1
1505513138,21505020,0.01433612,25.87079008,0
1505513090,21504964,0.01425025,1.00000000,1
1505513081,21504952,0.01425027,2.75000000,1
1505512811,21504604,0.01428029,3.47359893,1
1505512715,21504479,0.01435745,2.08922893,1
1505512160,21503684,0.01435946,31.81580992,1
1505512106,21503469,0.01426002,2.20336900,1
1505512033,21503289,0.01432000,0.74912016,1
1505511983,21503065,0.01432035,2.55154200,0
1505511977,21503042,0.01432035,2.55154200,1
1505511976,21503027,0.01432035,7.44845800,1
1505511972,21503008,0.01432036,17.45353539,1
1505511968,21502989,0.01432066,20.91742108,1
1505511524,21502190,0.01432004,6.28437600,1
1505511403,21502036,0.01440996,20.78773724,0
1505511302,21501809,0.01441941,8.22972683,0
1505511159,21501451,0.01433078,3.33948740,0
1505511153,21501426,0.01433083,1.93987369,0
1505511153,21501425,0.01433082,44.11064666,0
1505511153,21501423,0.01433079,13.09023715,0
1505511152,21501413,0.01433083,25.20992956,1
1505511152,21501410,0.01433083,28.73912920,1
1505511028,21500998,0.01443951,1.42921500,1
1505511027,21500989,0.01443960,9.04218200,1
1505510983,21500839,0.01443973,3.04805500,1
1505510946,21500725,0.01441043,1.00000000,1
1505510946,21500724,0.01443951,6.72572200,0
1505510945,21500723,0.01443951,8.27427800,0
1505510910,21500640,0.01443951,0.00000015,0
1505510909,21500637,0.01443951,7.73529826,0
1505510909,21500635,0.01442000,0.83235574,0
1505510887,21500557,0.01436990,0.00000041,0
1505510761,21500037,0.01436990,7.73529800,0
1505510631,21499427,0.01430000,10.00000000,0
1505510461,21498865,0.01420257,12.54139800,0
1505510461,21498864,0.01420257,4.30859200,0
1505510239,21498615,0.01429885,40.61255625,1
1505510239,21498613,0.01429883,12.73014544,0
1505510239,21498612,0.01429877,9.66912301,0
1505510238,21498610,0.01429842,54.07134405,1
1505510238,21498608,0.01429842,31.55550660,0
1505509633,21497337,0.01419002,4.20732318,1
1505508344,21494375,0.01407269,0.43836177,1
1505507978,21493733,0.01423046,6.29012554,1
1505507978,21493732,0.01423047,5.26150586,1
1505507978,21493730,0.01423083,31.55550660,1
1505507783,21493489,0.01435801,0.16311739,0
1505507783,21493488,0.01435798,3.16946400,0
1505507703,21493276,0.01422039,3.16946400,1
1505507635,21493096,0.01428000,33.78579266,0
1505507635,21493093,0.01424984,12.92270194,0
1505507635,21493092,0.01424974,3.99392700,0
1505507630,21493061,0.01424977,6.28156847,0
1505507628,21493036,0.01424978,53.76721074,0
1505507559,21492844,0.01430000,121.18109581,0
1505507559,21492842,0.01429784,16.68266049,0
1505507558,21492841,0.01429781,3.33653210,0
1505507558,21492839,0.01429765,34.25114905,0
1505507558,21492837,0.01429761,163.83900000,0
1505507558,21492835,0.01429758,31.55550660,0
1505506985,21491822,0.01416079,47.15378251,0
1505506982,21491816,0.01416079,2.56251157,0
1505506982,21491815,0.01416078,47.15418219,0
1505506981,21491809,0.01416073,38.07754343,1
1505506981,21491808,0.01416073,2.93911787,1
1505506980,21491807,0.01416073,14.73632851,1
1505506980,21491804,0.01416078,5.09790019,1
1505506726,21491234,0.01419025,0.43945658,1
1505506717,21491187,0.01424005,2.21339300,1
1505506680,21491019,0.01426146,13.89289004,1
1505506620,21490838,0.01435000,2.00000000,1
1505506509,21490537,0.01421016,4.34609322,1
1505506461,21490346,0.01419083,5.69418762,1
1505506461,21490345,0.01430879,1.55581238,1
1505506461,21490343,0.01430878,12.37418762,0
1505506284,21489842,0.01419021,3.50000000,1
1505506115,21489496,0.01439415,2.26057113,0
1505506109,21489488,0.01439415,3.29022554,0
1505506090,21489451,0.01439415,0.00052938,0
1505506089,21489450,0.01439297,2.00030849,1
1505505996,21489287,0.01429727,1.06439760,1
1505505996,21489284,0.01429728,4.01151540,1
1505505993,21489282,0.01429731,5.07982660,1
1505505993,21489279,0.01429731,8.43003240,1
1505505901,21489130,0.01431966,14.34459500,0
1505505901,21489129,0.01431966,2.92499400,0
1505505900,21489125,0.01431966,2.92492978,0
1505505894,21489104,0.01431966,16.60220982,0
1505505892,21489093,0.01431966,10.02146000,0
1505505892,21489092,0.01431966,30.06913500,0
1505505889,21489086,0.01431966,3.49134800,0
1505505885,21489077,0.01431966,7.09477400,0
1505505857,21489024,0.01431966,1.47817756,0
1505505856,21489022,0.01431965,9.45926500,0
1505505854,21489020,0.01431964,8.08851479,0
1505505854,21489019,0.01431964,5.67555374,0
1505505852,21489012,0.01431965,3.23988139,0
1505505847,21488993,0.01431965,31.08937718,1
1505505846,21488992,0.01431966,11.04837684,0
1505505845,21488987,0.01431965,5.38468920,0
1505505845,21488986,0.01431965,0.29086851,0
1505505832,21488936,0.01430428,0.55251704,0
1505505832,21488934,0.01430427,2.18618047,0
1505505831,21488932,0.01424993,0.10840041,0
1505505818,21488888,0.01422002,0.87021546,1
1505505797,21488799,0.01424993,0.14094000,0
1505505793,21488794,0.01424980,1.07897138,0
1505505792,21488788,0.01424980,1.75405970,0
1505505785,21488758,0.01424993,0.75290359,0
1505505785,21488754,0.01424993,1.18605600,0
1505505778,21488719,0.01424983,1.34887599,0
1505505778,21488717,0.01424983,6.74437994,0
1505505775,21488699,0.01421559,2.72517005,0
1505505670,21488313,0.01410599,1.00224400,1
1505505607,21487975,0.01410599,1.18605600,1
1505505567,21487839,0.01422000,0.22164596,1
1505505461,21487526,0.01424330,59.38938900,1
1505505459,21487525,0.01424330,40.61061057,1
1505505459,21487523,0.01424331,18.89701551,1
1505505459,21487521,0.01428092,0.49364892,1
1505505429,21487446,0.01428673,3.80287659,1
1505505426,21487429,0.01428069,2.91543263,1
1505505426,21487427,0.01430256,1.05101737,1
1505505419,21487378,0.01428093,5.14771329,1
1505505417,21487373,0.01428093,3.78244573,0
1505505416,21487363,0.01428096,18.84667227,1
1505505372,21487193,0.01438920,8.07209388,0
1505505365,21487145,0.01438923,2.45242514,0
1505505364,21487138,0.01438924,12.42127033,0
1505505356,21487114,0.01438933,5.47978620,0
1505505350,21487093,0.01438938,2.54658795,0
1505505350,21487090,0.01438937,8.90737159,0
1505505333,21487048,0.01438941,6.42540194,0
1505505251,21486802,0.01439003,1.48663100,1
1505505249,21486798,0.01439003,6.01231800,1
1505505246,21486788,0.01439003,123.54590600,1
1505505244,21486779,0.01439003,8.71268200,1
1505505243,21486770,0.01439003,4.84200000,1
1505505229,21486712,0.01439003,3.29730300,1
1505505226,21486705,0.01439003,25.86200000,1
1505505216,21486683,0.01439003,198.65724348,1
1505505215,21486682,0.01439004,9.41382252,1
1505505209,21486667,0.01439003,72.62057875,1
1505505208,21486666,0.01439006,4.58574725,1
1505505172,21486549,0.01439002,46.94162100,1
1505505171,21486546,0.01439002,161.46114500,1
1505505171,21486544,0.01439002,12.31973300,1
1505505171,21486542,0.01439002,1.87903793,1
1505505170,21486540,0.01439003,5.08759607,1
1505505169,21486528,0.01459932,4.58574725,0
1505505168,21486524,0.01439003,4.52600000,1
1505504851,21484842,0.01455817,8.60802600,0
1505504837,21484782,0.01455817,4.86620227,0
1505504487,21483855,0.01436000,159.67240470,1
1505504486,21483851,0.01439004,0.93393459,1
1505504486,21483849,0.01442348,4.66834738,1
1505504486,21483848,0.01442375,53.25780673,1
1505504485,21483847,0.01442377,59.91200000,0
1505504485,21483846,0.01442377,31.55550660,1
1505504453,21483774,0.01454566,166.03185005,0
1505504452,21483773,0.01454565,39.76152020,0
1505504372,21483615,0.01454606,11.89007745,1
1505504371,21483614,0.01454606,31.55550660,0
1505504352,21483580,0.01442236,2.83691000,0
1505504305,21483456,0.01439857,5.73828400,0
1505504218,21483196,0.01439889,13.18288202,0
1505504183,21483066,0.01434999,7.83164308,0
1505504181,21483058,0.01430002,3.45000000,1
1505504179,21483051,0.01434999,3.45268533,0
1505504151,21482957,0.01435000,4.38285900,0
1505504151,21482955,0.01435000,1.60000000,0
1505504100,21482759,0.01422000,1.53985404,1
1505504100,21482757,0.01422002,0.22049122,1
1505504099,21482755,0.01424009,0.00057036,1
1505504099,21482748,0.01424009,1.10062016,1
1505503976,21482384,0.01422003,2.46741100,1
1505503968,21482366,0.01423331,2.30439311,1
1505503966,21482360,0.01423331,3.27765800,1
1505503964,21482356,0.01423330,20.56126000,0
1505503963,21482349,0.01423329,1.44164000,0
1505503961,21482342,0.01423329,42.09077362,0
1505503960,21482329,0.01423331,6.66920200,1
1505503949,21482307,0.01423324,3.57476831,0
1505503949,21482306,0.01423321,35.58254500,0
1505503947,21482303,0.01423321,2.52572460,0
1505503947,21482301,0.01423321,0.56870909,1
1505503947,21482299,0.01423324,3.57476831,1
1505503622,21481827,0.01430011,0.00000300,1
1505503619,21481819,0.01430011,5.34957000,1
1505503615,21481803,0.01430011,1.60836500,1
1505503612,21481789,0.01430011,3.74120800,1
1505503605,21481770,0.01434867,3.47595352,0
1505503589,21481722,0.01430012,5.61513626,1
1505503442,21481367,0.01435000,1.60000000,1
1505503268,21481053,0.01430013,3.66147995,1
1505503255,21481024,0.01430012,0.22195582,1
1505503244,21481002,0.01430029,3.50118521,1
1505503234,21480972,0.01436980,1.65870200,0
1505503048,21480558,0.01448969,3.00000000,0
1505502925,21480236,0.01436999,2.41476300,0
1505502923,21480231,0.01436999,1.10349800,0
1505502913,21480181,0.01437000,126.16000000,0
1505502913,21480179,0.01436999,5.63427058,0
1505502912,21480178,0.01436999,28.51205407,0
1505502904,21480138,0.01436982,5.08581900,0
1505502895,21480105,0.01436980,1.34097467,1
1505502885,21480066,0.01436985,0.60000000,0
1505502609,21479504,0.01437020,1.34097467,1
1505502463,21479134,0.01434008,24.65933993,1
1505502463,21479130,0.01434011,7.57680907,1
1505502411,21478943,0.01445912,5.14531174,0
1505502362,21478789,0.01445961,0.67322973,0
1505502353,21478737,0.01433011,8.33223200,1
1505502346,21478702,0.01439387,0.17268264,0
1505502346,21478701,0.01439387,1.50000000,0
1505502317,21478572,0.01439387,7.37905700,0
1505502301,21478547,0.01439387,0.44704800,0
1505502287,21478518,0.01439387,9.50722300,0
1505502132,21478266,0.01432548,2.30311779,0
1505502131,21478257,0.01432548,4.33917325,0
1505502131,21478254,0.01429001,0.67538821,0
1505502129,21478244,0.01429001,1.09004700,0
1505502128,21478242,0.01429001,1.09004693,1
1505502127,21478239,0.01432548,2.01058215,0
1505502127,21478238,0.01429001,1.09004693,0
1505502093,21478100,0.01429001,2.64748000,1
1505502083,21478086,0.01429001,4.99649700,1
1505502083,21478082,0.01429001,4.37748107,1
1505502059,21477979,0.01429000,1.99600000,1
1505502058,21477978,0.01432000,147.16336600,1
1505502056,21477976,0.01432000,1.67264800,0
1505502056,21477974,0.01432000,42.16398600,0
1505502052,21477968,0.01432000,0.99800000,1
1505502050,21477962,0.01429000,0.99800100,1
1505502049,21477960,0.01429000,4.22974000,1
1505502047,21477949,0.01432000,123.15396600,1
1505502040,21477939,0.01426000,13.00000000,1
1505502040,21477937,0.01429000,169.00000000,1
1505501994,21477837,0.01423109,2.53870000,0
1505501993,21477836,0.01423109,2.07290000,0
1505501993,21477835,0.01423109,1.46570000,0
1505501950,21477783,0.01422000,34.65108430,0
1505501943,21477773,0.01422000,18.81191079,0
1505501941,21477764,0.01422000,5.59543900,0
1505501940,21477757,0.01422000,26.34156591,0
1505501659,21477327,0.01422001,16.49059600,1
1505501452,21477103,0.01419000,49.16009200,0
1505501438,21477079,0.01419000,128.11050800,0
1505501425,21477071,0.01419000,22.72940000,0
1505501348,21476957,0.01419000,3.04932578,1
1505501347,21476956,0.01419000,3.01022000,1
1505501346,21476948,0.01419000,5.00695000,1
1505501346,21476945,0.01419000,0.93350422,1
1505501311,21476810,0.01415000,24.32027961,0
1505501310,21476801,0.01415000,13.33377600,0
1505501310,21476795,0.01415000,19.13031802,0
1505501308,21476789,0.01415000,17.66784500,0
1505501304,21476782,0.01415000,25.54778137,0
1505501304,21476781,0.01414999,4.76028263,0
1505501301,21476773,0.01411002,7.03918210,1
1505501289,21476752,0.01413000,72.96830536,0
1505501289,21476751,0.01412978,12.72904867,0
1505501285,21476734,0.01413000,27.03169464,0
1505501285,21476732,0.01412999,60.18160154,0
1505501285,21476731,0.01412966,5.70950636,0
1505501285,21476730,0.01412965,7.07719746,0
1505501124,21476551,0.01401003,4.59738500,1
1505500803,21476061,0.01418308,1.75826760,0
1505500587,21475348,0.01402000,1.57740100,1
1505500449,21474804,0.01404014,1.33084203,1
1505500449,21474803,0.01404014,2.60367900,1
1505500448,21474800,0.01404014,6.38928072,1
1505500381,21474464,0.01408002,258.40314500,1
1505500364,21474390,0.01408002,7.38898646,1
1505500364,21474388,0.01408003,0.62764054,1
1505500349,21474343,0.01408002,24.86542852,1
1505500349,21474340,0.01408003,1.25231448,1
1505500334,21474290,0.01408006,49.59490754,0
1505500334,21474287,0.01408006,2.49870931,1
1505500163,21473547,0.01419598,11.84628113,0
1505500124,21473450,0.01419657,1.33753547,0
1505500014,21473087,0.01415284,34.77922861,0
1505500014,21473086,0.01412977,0.12903802,0
1505500009,21473061,0.01412977,2.71745399,0
1505499989,21473014,0.01412977,5.70641657,0
1505499989,21473013,0.01412745,3.84618003,0
1505499987,21473003,0.01412744,29.18388622,0
1505499987,21473000,0.01412744,3.99311378,0
1505499981,21472962,0.01412745,6.36183445,0
1505499978,21472943,0.01412746,25.01627757,0
1505499978,21472942,0.01406376,0.13399255,0
1505499964,21472865,0.01406155,0.78119331,0
1505499962,21472848,0.01405951,0.20510700,1
1505499962,21472844,0.01405951,6.59439000,1
1505499962,21472843,0.01405951,6.59438200,1
1505499959,21472829,0.01406376,1.32600737,0
1505499959,21472828,0.01407000,0.00000008,1
1505499956,21472811,0.01407000,5.28940600,1
1505499956,21472810,0.01407080,2.70049000,1
1505499956,21472808,0.01407080,2.70049000,1
1505499949,21472779,0.01415293,5.19980095,0
1505499945,21472772,0.01405951,6.59438772,0
1505499933,21472744,0.01405695,10.58669400,1
1505499932,21472737,0.01405694,35.87692740,1
1505499932,21472736,0.01405827,31.55550660,1
1505499930,21472725,0.01405951,3.40561228,0
1505499930,21472724,0.01405824,3.99069796,0
1505499930,21472723,0.01405693,2.60368476,0
1505499929,21472719,0.01405692,55.23108158,0
1505499911,21472664,0.01405694,7.38488742,0
1505499910,21472660,0.01405694,23.67557498,0
1505499910,21472658,0.01405691,31.55550660,0
1505499880,21472535,0.01400000,36.34842857,1
1505499880,21472534,0.01400003,9.95507559,1
1505499807,21472386,0.01405774,0.89507559,0
1505499535,21471579,0.01393009,9.60069272,1
1505499535,21471577,0.01394004,0.58748270,1
1505499518,21471488,0.01405496,3.24466553,0
1505499518,21471487,0.01405495,1.33603451,0
1505499516,21471486,0.01405516,3.43550700,1
1505499516,21471481,0.01405950,4.82937204,0
1505499515,21471480,0.01401127,5.17062796,0
1505499514,21471475,0.01405516,0.00000019,0
1505499514,21471471,0.01405516,2.89380784,0
1505499513,21471469,0.01405516,14.46904016,0
1505499513,21471467,0.01405493,0.98600000,0
1505499512,21471458,0.01405490,9.06000000,0
1505499228,21470500,0.01392011,8.82007000,1
1505499022,21469542,0.01388143,0.43441054,1
1505499022,21469541,0.01388164,4.92652546,1
1505498959,21469278,0.01388123,5.26759860,1
1505498942,21469194,0.01388120,5.45019600,1
1505498899,21469050,0.01401860,13.93000000,0
1505498360,21467820,0.01387007,0.97700000,1
1505498276,21467391,0.01397458,1.32810064,0
1505498276,21467390,0.01397458,2.22853000,0
1505498275,21467387,0.01397458,5.52217600,0
1505498275,21467385,0.01397458,1.62172100,0
1505498275,21467383,0.01397458,1.45404500,0
1505498252,21467290,0.01397457,4.84950288,0
1505498251,21467288,0.01397457,15.44971843,0
1505498202,21467150,0.01397457,9.83144700,0
1505498190,21467101,0.01397458,10.00000000,0
1505498179,21467049,0.01394003,8.32355740,1
1505498178,21467044,0.01397458,42.76778700,0
1505498172,21467019,0.01397458,0.39327100,0
1505498172,21467017,0.01397000,1.89481000,0
1505498163,21466954,0.01397000,7.10519000,0
1505498160,21466942,0.01397458,34.68436936,0
1505498160,21466939,0.01397457,30.23799064,0
1505498010,21466557,0.01391558,13.93000000,0
1505497853,21465946,0.01370036,1.89492028,1
1505497743,21465554,0.01382044,4.30329194,1
1505497742,21465550,0.01382043,60.86872612,1
1505497742,21465544,0.01382043,90.69389300,1
1505497740,21465532,0.01382044,25.93469500,0
1505497740,21465530,0.01382044,0.16364400,0
1505497736,21465515,0.01382044,5.45675348,1
1505497736,21465514,0.01382044,1.15387566,1
1505497735,21465502,0.01382041,26.09833900,1
1505497628,21465109,0.01400346,1.74189450,0
1505497628,21465108,0.01400343,9.23221752,0
1505497476,21464682,0.01392031,10.00000000,1
1505497473,21464671,0.01392103,1.13690200,1
1505497442,21464617,0.01392051,7.05340538,0
1505497361,21464468,0.01392025,5.71000000,0
1505497171,21464068,0.01395125,13.93000000,1
1505497091,21463936,0.01395008,0.00000370,0
1505497014,21463599,0.01395008,0.58989000,0
1505496874,21463305,0.01387196,0.58000000,0
1505496874,21463304,0.01387196,0.58000000,0
1505496859,21463256,0.01395008,0.58989370,1
1505496858,21463239,0.01390161,0.23000000,0
1505496841,21463168,0.01390161,1.00000000,0
1505496841,21463167,0.01390000,0.90000000,0
1505496830,21463115,0.01390161,1.00000000,0
1505496808,21463003,0.01390161,1.00000000,0
1505496782,21462864,0.01387191,7.12691900,1
1505496782,21462858,0.01385900,2.61049000,0
1505496781,21462856,0.01385650,14.67250000,0
1505496770,21462785,0.01387139,8.09531552,0
1505496769,21462777,0.01387141,7.65540548,1
1505496769,21462774,0.01387141,15.75072100,1
1505496768,21462773,0.01387139,15.59675452,0
1505496767,21462764,0.01387140,39.00288100,0
1505496633,21462196,0.01378917,2.00000000,1
1505496543,21461799,0.01386000,15.59675452,1
1505496526,21461754,0.01386000,98.79647476,1
1505496524,21461731,0.01386000,1.87065224,1
1505496522,21461723,0.01386000,1.87065224,1
1505496513,21461691,0.01386000,31.55550660,1
1505496513,21461684,0.01386000,5.05912235,1
1505496512,21461674,0.01386000,200.48194500,1
1505496512,21461669,0.01386000,22.12180000,1
1505496511,21461665,0.01386000,83.73347500,1
1505496510,21461664,0.01386000,104.50176900,1
1505496509,21461659,0.01386000,23.18760000,1
1505496504,21461655,0.01386000,11.05990000,1
1505496504,21461654,0.01386000,5.09330289,1
1505496504,21461653,0.01386001,0.80748411,1
1505496503,21461651,0.01386000,0.50000000,1
1505496501,21461648,0.01386000,11.06190000,1
1505496491,21461622,0.01386000,41.79614000,1
1505496490,21461614,0.01386000,3.30944768,1
1505496490,21461613,0.01386001,1.61148432,1
1505496485,21461594,0.01386000,3.97763600,1
1505496483,21461584,0.01386000,43.80386600,1
1505496481,21461574,0.01386000,35.67624500,1
1505496480,21461565,0.01386000,4.90430800,1
1505496474,21461537,0.01386000,44.09000000,1
1505496473,21461534,0.01386000,16.33284164,1
1505496473,21461533,0.01386001,3.21531036,1
1505496467,21461511,0.01386000,64.03076800,1
1505496459,21461501,0.01386000,30.89864429,1
1505496459,21461499,0.01386001,6.41535571,1
1505496453,21461484,0.01386000,44.52497300,1
1505496447,21461468,0.01386000,50.16427579,1
1505496447,21461467,0.01386002,6.30924421,1
1505496446,21461462,0.01386002,1.23000000,1
1505496425,21461410,0.01386002,2.02165000,1
1505496394,21461319,0.01386001,39.00288100,1
1505496374,21461244,0.01386041,1.22909840,0
1505496372,21461239,0.01390521,5.84000000,1
1505496372,21461237,0.01390528,25.73422160,1
1505496295,21460983,0.01397617,5.00000000,0
1505496172,21460698,0.01397425,8.09871500,1
1505496170,21460693,0.01397428,5.82128500,1
1505496167,21460686,0.01397426,5.53878700,1
1505495943,21460157,0.01408286,1.41980300,0
1505495926,21460120,0.01408289,5.63668100,0
1505495912,21460099,0.01408291,28.33521552,0
1505495911,21460098,0.01408291,5.83389286,0
1505495911,21460097,0.01408291,19.01551214,0
1505495905,21460072,0.01408294,24.81615500,0
1505495900,21460044,0.01408297,42.39320000,0
1505495898,21460038,0.01408297,5.55158500,0
1505495892,21460012,0.01408300,5.54937600,0
1505495741,21459709,0.01406185,66.80927331,0
1505495741,21459708,0.01406182,4.14868213,0
1505495417,21459004,0.01400927,1.79845202,0
1505495152,21458161,0.01405680,5.09506488,0
1505495142,21458116,0.01392039,10.36413707,1
1505495049,21457647,0.01405823,3.00000000,0
1505494952,21457277,0.01400171,18.23728500,0
1505494930,21457117,0.01396522,2.29669500,0
1505494930,21457106,0.01396522,11.63330500,0
1505494888,21456772,0.01384989,20.18441915,1
1505494884,21456733,0.01384986,3.51425935,1
1505494875,21456658,0.01384986,16.66301251,1
1505494874,21456652,0.01384993,9.78660700,0
1505494874,21456649,0.01384993,5.42523200,0
1505494874,21456646,0.01384993,14.34325600,0
1505494872,21456631,0.01384990,9.99963899,0
1505494872,21456630,0.01384986,0.26000000,1
1505494868,21456610,0.01384986,0.26000000,1
1505494866,21456593,0.01384990,10.00000000,1
1505494865,21456582,0.01384993,2.00000000,1
1505494861,21456490,0.01384986,1.37030276,1
1505494861,21456489,0.01384987,0.62969724,1
1505494860,21456483,0.01394926,4.62897174,0
1505494860,21456482,0.01385088,0.00164130,0
1505494860,21456481,0.01385056,0.40781996,0
1505494858,21456475,0.01384986,2.00000000,1
1505494856,21456466,0.01384986,2.00000000,1
1505494854,21456460,0.01384986,2.00000000,1
1505494851,21456440,0.01384987,0.74356547,1
1505494851,21456438,0.01384988,1.25643453,1
1505494847,21456433,0.01384989,2.00000000,1
1505494845,21456418,0.01384987,2.00000000,1
1505494844,21456416,0.01385056,19.59218004,0
1505494844,21456415,0.01385000,0.40781996,0
1505494843,21456410,0.01385000,18.80989900,0
1505494843,21456409,0.01385000,23.93957800,0
1505494843,21456405,0.01384986,3.52444000,1
1505494842,21456403,0.01385000,10.00000000,0
1505494841,21456397,0.01384986,2.00000000,1
1505494839,21456393,0.01384986,4.94753542,1
1505494839,21456391,0.01385000,8.03136000,0
1505494836,21456386,0.01385000,25.52290900,0
1505494833,21456376,0.01385000,9.79577600,0
1505494830,21456368,0.01385000,72.39452200,0
1505494828,21456363,0.01385000,39.01398300,0
1505494768,21456208,0.01380055,24.21349540,0
1505494768,21456207,0.01380053,11.55550660,0
1505494739,21456077,0.01384959,20.00000000,0
1505494691,21455897,0.01370000,4.81317148,1
1505494670,21455832,0.01378880,1.79145000,1
1505494668,21455831,0.01378880,1.23700000,1
1505494668,21455830,0.01378880,1.00000000,1
1505494648,21455786,0.01384963,20.00000000,0
1505494608,21455657,0.01369000,16.44572681,1
1505494569,21455468,0.01365611,8.86255310,1
1505494557,21455412,0.01367890,4.00000000,1
1505494557,21455411,0.01369000,0.93322279,1
1505494528,21455282,0.01369007,8.09541000,1
1505494504,21455208,0.01369000,8.06677721,1
1505494497,21455175,0.01369007,32.98311761,0
1505494497,21455174,0.01369007,10.00110000,0
1505494497,21455173,0.01369007,9.19277800,0
1505494497,21455172,0.01369007,12.83020000,0
1505494495,21455169,0.01369007,4.33695300,0
1505494495,21455167,0.01369007,1.67466300,0
1505494495,21455166,0.01369007,3.40161500,0
1505494494,21455157,0.01369007,126.19800000,0
1505494492,21455147,0.01369007,135.53600000,0
1505494492,21455145,0.01369043,126.33900000,1
1505494492,21455143,0.01369044,60.03252488,1
1505494492,21455141,0.01369050,31.55550660,1
1505494477,21455109,0.01379985,4.73791827,0
1505494477,21455108,0.01379984,15.26208173,0
1505494473,21455088,0.01379984,1.36912000,0
1505494465,21455078,0.01377310,3.40000000,1
1505494452,21455039,0.01379985,2.53870000,1
1505494452,21455037,0.01384998,86.17742160,1
1505494452,21455034,0.01384998,4.95195909,1
1505494451,21455032,0.01384998,2.50883900,0
1505494448,21455006,0.01379986,13.01847049,1
1505494448,21455002,0.01385000,177.70000000,0
1505494446,21454995,0.01380010,7.45385903,1
1505494445,21454988,0.01380010,9.90649500,0
1505494444,21454985,0.01380010,12.30220800,0
1505494444,21454984,0.01380010,11.26254300,0
1505494435,21454938,0.01380011,35.32752400,0
1505494435,21454936,0.01380011,14.24788100,0
1505494434,21454935,0.01380011,146.14449340,0
1505494434,21454934,0.01380008,31.55550660,0
1505494413,21454883,0.01380011,20.00000000,0
1505494412,21454882,0.01380011,14.51420600,0
1505494400,21454870,0.01380011,9.38462900,0
1505494399,21454867,0.01380011,30.69978500,0
1505494398,21454863,0.01380011,0.71394900,0
1505494395,21454843,0.01380011,15.34989300,0
1505494394,21454836,0.01380011,29.27188800,0
1505494392,21454828,0.01380000,235.94803440,0
1505494391,21454823,0.01380000,7.49645900,0
1505494389,21454812,0.01380000,225.00000000,1
1505494389,21454811,0.01380003,31.55550660,1
1505494373,21454775,0.01380011,22.12417013,0
1505494368,21454758,0.01380011,5.03266025,0
1505494359,21454728,0.01380011,5.00094000,0
1505494354,21454713,0.01380011,35.60642859,0
1505494321,21454611,0.01383699,8.18395600,0
1505494321,21454609,0.01383699,12.01158000,0
1505494321,21454608,0.01383699,14.32580900,0
1505494321,21454607,0.01383699,4.34670200,0
1505494320,21454605,0.01383699,73.16313900,0
1505494319,21454598,0.01380000,34.25652600,0
1505494319,21454596,0.01380000,5.43823600,0
1505494319,21454595,0.01380000,6.96758800,0
1505494319,21454594,0.01380000,32.13201200,0
1505494319,21454593,0.01380000,177.70000000,0
1505494318,21454589,0.01380000,0.85707200,0
1505494317,21454586,0.01380000,12.53893200,0
1505494317,21454585,0.01380000,9.63142200,0
1505494317,21454584,0.01380000,47.46106800,0
1505494317,21454583,0.01380000,169.01714400,0
1505494316,21454582,0.01380000,4.00000000,0
1505494287,21454468,0.01380000,172.16565206,1
1505494287,21454467,0.01383695,0.15152000,1
1505494285,21454463,0.01383696,7.68282794,1
1505494282,21454458,0.01383698,5.39917509,0
1505494282,21454457,0.01383697,21.90126791,0
1505494266,21454425,0.01383697,9.65341030,0
1505494265,21454416,0.01383698,9.57681410,1
1505494258,21454383,0.01383699,5.24460889,1
1505494258,21454382,0.01383703,30.72986950,1
1505494258,21454381,0.01383703,2.99133574,1
1505494257,21454380,0.01383704,171.30300000,1
1505494243,21454346,0.01385021,1.77395300,0
1505494231,21454327,0.01385021,0.50000000,0
1505494228,21454324,0.01385021,0.71756600,0
1505494221,21454312,0.01385021,2.10123900,0
1505494214,21454299,0.01385021,177.70000000,0
1505494208,21454290,0.01385012,25.14137102,0
1505494208,21454288,0.01385012,1.65408300,0
1505494207,21454287,0.01385012,36.03478965,0
1505494207,21454283,0.01385012,47.99034500,0
1505494206,21454277,0.01385012,40.77831716,0
1505494205,21454273,0.01385012,168.63700000,0
1505494204,21454271,0.01385021,177.52200000,1
1505494204,21454269,0.01385022,2.24209417,1
1505494120,21453959,0.01385001,1.12142742,0
1505494120,21453958,0.01385001,29.39623100,0
1505494120,21453957,0.01385001,7.06222500,0
1505494120,21453955,0.01385001,41.43094481,0
1505494118,21453943,0.01385001,6.96288306,0
1505494118,21453940,0.01385001,23.61889991,0
1505494115,21453921,0.01385001,30.43319102,0
1505494109,21453901,0.01385001,7.38371000,0
1505494109,21453900,0.01385001,5.97416500,0
1505494109,21453899,0.01385001,8.91539800,0
1505494108,21453898,0.01385001,6.01915000,0
1505494108,21453897,0.01385001,2.87280000,0
1505494108,21453895,0.01385001,109.58414600,0
1505494108,21453894,0.01385001,20.10968900,0
1505494107,21453892,0.01385001,28.94079035,0
1505494107,21453890,0.01385001,39.95350800,0
1505494106,21453883,0.01385001,7.21985038,0
1505494105,21453882,0.01385001,17.29034400,0
1505494105,21453878,0.01385001,6.23327700,0
1505494104,21453876,0.01385001,20.15097500,0
1505494101,21453871,0.01385001,4.43840200,0
1505494093,21453853,0.01385001,38.93513900,0
1505494092,21453851,0.01385001,15.11784900,0
1505494089,21453838,0.01385001,5.17313702,0
1505494088,21453833,0.01385001,1.07342400,0
1505494087,21453826,0.01385001,14.58844403,0
1505494087,21453825,0.01385001,33.34801097,0
1505494085,21453822,0.01385001,22.42352000,0
1505494084,21453814,0.01383696,1.89400000,1
1505494074,21453761,0.01385001,177.70000000,0
1505494074,21453756,0.01385001,12.81522540,0
1505494072,21453752,0.01385001,4.98051627,0
1505494067,21453728,0.01385001,0.66249997,0
1505494067,21453723,0.01385001,61.66636000,1
1505494067,21453722,0.01385002,12.25786739,1
1505494066,21453721,0.01385003,174.14600000,1
1505494063,21453711,0.01385088,4.99835870,0
1505494062,21453710,0.01385085,0.00164130,0
1505494062,21453707,0.01385085,0.67071485,0
1505494061,21453705,0.01385085,5.00000000,0
1505494057,21453699,0.01385001,29.12287450,0
1505494057,21453698,0.01385000,41.89521450,0
1505494057,21453697,0.01385000,4.85393513,0
1505494056,21453693,0.01385000,9.71776173,0
1505494056,21453692,0.01385000,2.99436824,0
1505494055,21453687,0.01385000,12.25787500,0
1505494054,21453683,0.01385000,5.16873646,0
1505494053,21453681,0.01385000,4.80960288,0
1505494053,21453680,0.01385000,2.64828514,0
1505494053,21453679,0.01385000,9.87452300,0
1505494052,21453676,0.01385000,6.15038900,0
1505494052,21453669,0.01385000,5.20048739,0
1505494047,21453652,0.01385000,177.70000000,0
1505494047,21453651,0.01385000,40.17570500,0
1505494047,21453647,0.01385000,3.36658039,0
1505494046,21453644,0.01385000,5.02347378,0
1505494046,21453642,0.01385000,4.11057805,0
1505494045,21453640,0.01385000,4.10848431,0
1505494045,21453636,0.01385000,18.00000000,1
1505494044,21453635,0.01385001,141.94400000,1
1505494044,21453632,0.01385085,1.30620142,0
1505494041,21453622,0.01385085,5.27463107,0
1505494040,21453608,0.01385085,5.00000000,0
1505494035,21453579,0.01385085,29.48403888,0
1505494031,21453562,0.01385085,4.25029900,0
1505494031,21453560,0.01385085,5.00000000,0
1505494030,21453551,0.01385000,21.74940208,0
1505494029,21453545,0.01385000,5.15556792,0
1505494029,21453543,0.01385000,2.68247300,0
1505494028,21453542,0.01385000,13.47253800,0
1505494028,21453541,0.01385000,1.49966000,0
1505494028,21453537,0.01385000,19.11035900,0
1505494026,21453533,0.01385000,66.00000000,1
1505494026,21453532,0.01385000,213.00000000,1
1505494026,21453531,0.01385001,157.33000000,1
1505494023,21453496,0.01385085,5.00000000,0
1505494015,21453463,0.01385085,1.34000000,0
1505494010,21453439,0.01385085,10.00000000,0
1505494008,21453426,0.01385085,13.86142300,0
1505494008,21453425,0.01385085,135.39274400,0
1505494007,21453424,0.01385085,16.35900000,0
1505494007,21453423,0.01385085,2.42045500,0
1505494005,21453417,0.01385085,20.51816800,0
1505494004,21453415,0.01385085,5.58637200,0
1505494003,21453411,0.01385085,3.03764100,0
1505494000,21453396,0.01385085,14.74083400,0
1505493999,21453389,0.01385085,175.80362000,0
1505493998,21453385,0.01385085,27.22341200,0
1505493998,21453384,0.01385085,1.22110000,0
1505493997,21453378,0.01385085,5.04717420,0
1505493992,21453353,0.01385085,6.46053028,0
1505493992,21453351,0.01385049,9.46498772,0
1505493992,21453349,0.01385049,27.15842800,0
1505493991,21453342,0.01385049,21.07547400,0
1505493987,21453330,0.01385049,4.44270300,0
1505493985,21453327,0.01385049,9.72574682,0
1505493985,21453323,0.01385049,2.96850800,0
1505493985,21453321,0.01385049,63.42449200,0
1505493984,21453315,0.01385049,17.82772500,0
1505493984,21453313,0.01385049,30.13411000,0
1505493979,21453292,0.01385049,59.51382546,0
1505493979,21453288,0.01385084,30.31100000,1
1505493979,21453287,0.01385086,151.36200000,1
1505493979,21453286,0.01385088,72.59100000,1
1505493977,21453273,0.01394371,65.97127208,0
1505493977,21453272,0.01394370,8.86457592,0
1505493975,21453256,0.01385087,8.86457592,1
1505493972,21453240,0.01394371,13.64996600,0
1505493971,21453238,0.01394371,20.34164000,0
1505493965,21453199,0.01394371,71.48478900,0
1505493964,21453194,0.01385081,20.56952750,1
1505493963,21453188,0.01394371,4.36071000,0
1505493957,21453158,0.01394371,21.46061234,0
1505493950,21453125,0.01394371,1.07717700,0
1505493948,21453120,0.01394371,1.17593700,0
1505493924,21453075,0.01394371,103.80197174,0
1505493924,21453074,0.01394371,185.85102826,0
1505493922,21453070,0.01394371,4.35682100,0
1505493922,21453068,0.01394371,0.03903575,0
1505493922,21453067,0.01394370,55.70756425,0
1505493921,21453064,0.01394371,0.77189212,0
1505493919,21453055,0.01394370,3.35100000,0
1505493917,21453050,0.01394371,114.17600000,0
1505493916,21453045,0.01394371,4.07265600,0
1505493915,21453040,0.01394367,20.57035589,0
1505493914,21453035,0.01394371,24.65737100,0
1505493914,21453033,0.01394370,5.23725000,1
1505493914,21453031,0.01394370,9.94422800,1
1505493914,21453030,0.01394370,5.36353000,1
1505493913,21453028,0.01394371,8.50586600,0
1505493913,21453027,0.01394371,3.26861600,0
1505493912,21453023,0.01394371,23.19313371,0
1505493912,21453022,0.01385011,3.77563509,0
1505493911,21453021,0.01392000,0.37500000,1
1505493911,21453020,0.01394359,10.00000000,1
1505493910,21453018,0.01394370,8.50586600,0
1505493910,21453015,0.01394370,18.46300000,0
1505493909,21453014,0.01394371,31.55550660,0
1505493908,21453011,0.01394371,11.98376000,1
1505493908,21453010,0.01394372,14.67200000,1
1505493908,21453009,0.01394384,13.86300000,1
1505493908,21453007,0.01394387,59.03331356,1
1505493898,21452967,0.01394371,80.54300000,0
1505493897,21452966,0.01394371,56.04080000,0
1505493895,21452958,0.01394371,6.01226688,0
1505493891,21452947,0.01394371,17.70189300,0
1505493888,21452943,0.01394371,0.70810000,0
1505493883,21452931,0.01394371,3.70073100,0
1505493878,21452918,0.01394371,14.36473100,0
1505493877,21452916,0.01394371,0.63101600,0
1505493852,21452864,0.01394371,0.20000000,0
1505493849,21452856,0.01394371,0.31000000,0
1505493844,21452841,0.01394371,0.39000000,0
1505493834,21452826,0.01394371,0.15000000,0
1505493833,21452821,0.01394371,0.18000000,0
1505493831,21452820,0.01394371,0.21000000,0
1505493830,21452819,0.01392001,0.00145000,1
1505493830,21452817,0.01394359,2.07290000,1
1505493829,21452816,0.01394371,0.24000000,0
1505493827,21452812,0.01394371,0.28000000,0
1505493827,21452811,0.01394371,0.24000000,0
1505493825,21452809,0.01394371,0.33000000,0
1505493825,21452808,0.01394371,0.71000000,0
1505493823,21452806,0.01394371,0.38000000,0
1505493821,21452798,0.01394371,0.44000000,0
1505493819,21452796,0.01394371,0.52000000,0
1505493817,21452789,0.01394371,0.60000000,0
1505493814,21452782,0.01394371,0.71000000,0
1505493772,21452706,0.01396980,12.69540000,0
1505493767,21452681,0.01396980,0.77620000,0
1505493766,21452675,0.01396980,0.21052800,0
1505493766,21452673,0.01396980,160.40994233,0
1505493766,21452671,0.01396980,17.29005767,0
1505493765,21452670,0.01396980,35.41252000,0
1505493764,21452665,0.01396980,0.95633032,0
1505493760,21452663,0.01396980,9.37749801,0
1505493760,21452659,0.01396980,6.38402000,0
1505493759,21452656,0.01396980,164.54999900,0
1505493758,21452649,0.01396980,177.70000000,0
1505493751,21452603,0.01396980,24.07566000,0
1505493749,21452595,0.01396980,12.22470200,0
1505493748,21452592,0.01396980,11.82760000,0
1505493746,21452585,0.01396980,1.00000000,0
1505493745,21452583,0.01396980,38.00000000,0
1505493740,21452569,0.01396980,0.20161300,0
1505493739,21452567,0.01396980,1.00000000,0
1505493732,21452528,0.01400000,12.25832200,0
1505493730,21452525,0.01400000,2.36615384,0
1505493730,21452523,0.01399997,3.34527116,0
1505493730,21452520,0.01399997,3.09972092,0
1505493723,21452493,0.01399997,48.54118900,0
1505493722,21452484,0.01399997,7.87099200,0
1505493720,21452478,0.01399997,98.28278500,0
1505493715,21452462,0.01399997,111.75368400,0
1505493715,21452461,0.01399997,86.88200000,0
1505493714,21452457,0.01399997,11.57239400,0
1505493712,21452447,0.01399997,6.84197800,0
1505493711,21452446,0.01399997,17.88100000,0
1505493711,21452444,0.01399997,6.89571200,0
1505493710,21452441,0.01399997,17.86430000,0
1505493709,21452437,0.01399997,3.66615072,0
1505493707,21452423,0.01399997,71.60567200,0
1505493706,21452413,0.01399997,3.89715120,1
1505493704,21452406,0.01400000,18.54483200,0
1505493699,21452379,0.01400000,24.42530000,0
1505493694,21452362,0.01400000,43.08914540,0
1505493693,21452361,0.01399998,23.86744260,0
1505493690,21452334,0.01400000,48.09000000,0
1505493689,21452327,0.01400000,177.00000000,0
1505493689,21452325,0.01400000,27.45262182,0
1505493689,21452324,0.01400000,5.08037818,0
1505493687,21452318,0.01400000,9.03349200,0
1505493687,21452314,0.01400000,1.99473600,0
1505493685,21452303,0.01400000,7.31877800,0
1505493684,21452300,0.01400000,33.91500000,0
1505493682,21452297,0.01400000,52.80462500,0
1505493680,21452285,0.01399997,7.68806400,0
1505493677,21452270,0.01400000,387.00000000,1
1505493677,21452269,0.01400000,1.21299082,1
1505493676,21452266,0.01400288,1.00000000,0
1505493674,21452256,0.01400288,5.47150000,0
1505493673,21452247,0.01400288,3.16127000,0
1505493673,21452241,0.01400288,9.72023700,0
1505493672,21452239,0.01400288,12.28758200,0
1505493672,21452236,0.01400288,5.95726100,0
1505493670,21452221,0.01400288,1.80215800,0
1505493669,21452209,0.01400288,14.73970000,0
1505493667,21452196,0.01400289,0.39023900,0
1505493664,21452180,0.01395002,45.81275012,0
1505493664,21452178,0.01395002,63.57800000,0
1505493663,21452176,0.01396000,227.00000000,1
1505493663,21452175,0.01396001,105.60924988,1
1505493663,21452173,0.01400000,58.00000000,1
1505493656,21452105,0.01400289,7.38119000,0
1505493648,21452068,0.01400289,37.30000000,0
1505493648,21452066,0.01400289,28.09092700,0
1505493647,21452058,0.01400289,65.45594300,0
1505493647,21452049,0.01400289,8.91315000,0
1505493643,21452022,0.01400289,1.06372200,0
1505493643,21452021,0.01400289,9.36672500,0
1505493643,21452019,0.01400289,5.28245600,0
1505493642,21452013,0.01400289,34.40290800,0
1505493641,21452006,0.01400289,0.38877630,0
1505493639,21451989,0.01400289,146.33510800,0
1505493636,21451964,0.01400289,0.23762300,0
1505493630,21451922,0.01400289,10.32391000,0
1505493629,21451912,0.01400289,88.27292539,0
1505493629,21451906,0.01400289,26.57815161,0
1505493626,21451861,0.01400289,10.99666400,0
1505493625,21451857,0.01400289,15.95903600,0
1505493624,21451845,0.01400289,15.27448579,0
1505493620,21451801,0.01400289,20.13262758,0
1505493619,21451795,0.01400288,10.90241042,0
1505493611,21451677,0.01400288,47.18212900,1
1505493611,21451669,0.01400289,145.68498900,0
1505493610,21451657,0.01400288,0.70000000,0
1505493608,21451619,0.01400297,175.03400000,1
1505493607,21451617,0.01400298,58.78453942,1
1505493607,21451614,0.01400300,31.55550660,1
1505493597,21451485,0.01400289,4.96577751,0
1505493597,21451483,0.01400289,3.97475500,0
1505493597,21451479,0.01400289,2.66187800,0
1505493586,21451411,0.01400289,150.45268800,0
1505493586,21451402,0.01400289,31.85612400,0
1505493585,21451396,0.01400289,11.91267000,0
1505493583,21451369,0.01400289,7.21584742,0
1505493571,21451271,0.01400289,8.49460600,0
1505493571,21451270,0.01400289,0.47689500,0
1505493571,21451269,0.01400289,2.63091000,0
1505493570,21451264,0.01400289,38.73040600,0
1505493570,21451262,0.01400289,177.70000000,0
1505493569,21451259,0.01400289,58.92744307,0
1505493569,21451258,0.01400286,11.52524493,0
1505493552,21451144,0.01400289,7.23073572,1
1505493548,21451119,0.01408686,18.18647179,0
1505493548,21451116,0.01408685,15.05681969,0
1505493544,21451085,0.01408686,43.37769852,0
1505493535,21451017,0.01408690,5.34568281,0
1505493534,21451014,0.01400289,0.00000077,1
1505493534,21451009,0.01400291,10.20176123,1
1505493529,21450947,0.01400294,7.23073600,1
1505493522,21450888,0.01400291,2.25855286,1
1505493521,21450886,0.01400292,4.97218314,1
1505493517,21450866,0.01400291,65.90625400,1
1505493517,21450862,0.01408699,0.63433676,0
1505493504,21450744,0.01400289,92.76926351,1
1505493504,21450743,0.01400290,10.34243049,1
1505493503,21450733,0.01408707,20.09455551,0
1505493477,21450510,0.01408733,21.08139535,0
1505493476,21450504,0.01408733,17.22000000,0
1505493469,21450455,0.01415728,10.22965035,0
1505493467,21450445,0.01404707,9.88984700,1
1505493464,21450427,0.01408734,1.46570000,1
1505493462,21450410,0.01415728,1.82075935,0
1505493444,21450283,0.01409227,58.32173807,1
1505493444,21450279,0.01409229,31.55550660,1
1505493444,21450277,0.01415743,0.68000000,1
1505493411,21449991,0.01421019,3.28472000,0
1505493410,21449987,0.01421019,0.94000000,0
1505493410,21449983,0.01415500,50.00000000,1
1505493410,21449981,0.01416740,1.00000000,1
1505493409,21449970,0.01421019,6.68616350,0
1505493409,21449969,0.01421019,12.86350174,0
1505493406,21449951,0.01421019,5.73344800,0
1505493394,21449870,0.01421020,4.95900000,0
1505493391,21449845,0.01421020,4.24417100,0
1505493391,21449841,0.01421020,17.50974000,0
1505493389,21449829,0.01421020,3.62500000,0
1505493389,21449827,0.01421020,12.97527000,0
1505493389,21449825,0.01421020,96.15210331,0
1505493386,21449804,0.01421560,5.99221762,1
1505493386,21449800,0.01426000,0.00000010,1
1505493386,21449799,0.01426998,4.54690767,1
1505493382,21449779,0.01426997,1.07528564,0
1505493382,21449777,0.01426997,8.03433200,0
1505493381,21449776,0.01426997,3.40941367,0
1505493372,21449742,0.01426000,19.54209490,1
1505493372,21449741,0.01426000,0.64627410,1
1505493370,21449732,0.01426999,5.55783500,0
1505493370,21449728,0.01426999,1.91793400,0
1505493365,21449682,0.01426999,4.70855270,1
1505493364,21449674,0.01427000,89.10834300,0
1505493363,21449659,0.01427000,3.36538265,0
1505493363,21449655,0.01426999,5.47981935,0
1505493361,21449624,0.01421025,13.00000000,1
1505493359,21449619,0.01426999,9.99975350,0
1505493359,21449618,0.01426003,0.00024650,0
1505493355,21449583,0.01426003,14.93990930,0
1505493354,21449577,0.01426003,28.62341625,0
1505493354,21449576,0.01426000,14.94015075,0
1505493352,21449562,0.01426003,52.45773800,0
1505493348,21449552,0.01426003,4.70076149,0
1505493347,21449546,0.01426003,0.68040800,0
1505493347,21449543,0.01426003,4.76195309,0
1505493337,21449492,0.01426003,8.43317500,0
1505493336,21449488,0.01426000,4.60195007,0
1505493327,21449447,0.01426003,11.22588872,0
1505493320,21449417,0.01426003,0.50000000,0
1505493317,21449403,0.01426003,95.78468070,0
1505493316,21449398,0.01426003,4.02378600,0
1505493314,21449387,0.01426003,95.75747637,0
1505493313,21449381,0.01426003,6.94447815,0
1505493313,21449380,0.01426003,77.33889329,0
1505493312,21449379,0.01426001,18.39157170,0
1505493311,21449376,0.01426003,78.82718914,0
1505493311,21449375,0.01426002,57.63566086,0
1505493309,21449361,0.01426000,8.90629800,0
1505493293,21449283,0.01427000,15.00000000,1
1505493266,21449221,0.01426003,11.90542400,1
1505493234,21449122,0.01434500,33.68946300,1
1505493228,21449100,0.01434500,6.35083700,1
1505493227,21449090,0.01434500,1.35270000,1
1505493213,21449043,0.01420000,111.98315413,1
1505493213,21449041,0.01425000,216.00000000,1
1505493213,21449037,0.01426001,1.06984587,1
1505493213,21449036,0.01426001,170.94700000,1
1505493195,21448991,0.01434804,3.10710778,0
1505493194,21448986,0.01434807,6.88343004,0
1505493193,21448985,0.01425020,3.11656996,0
1505493192,21448982,0.01425000,118.68918367,0
1505493190,21448973,0.01425000,93.08975800,0
1505493190,21448972,0.01425000,177.70000000,0
1505493188,21448964,0.01425000,3.11657000,0
1505493188,21448961,0.01425000,4.00000000,1
1505493188,21448960,0.01425002,103.40448833,1
1505493187,21448957,0.01425002,35.23451167,1
1505493178,21448930,0.01425020,1.40433116,0
1505493177,21448922,0.01425020,0.77268792,0
1505493173,21448900,0.01425020,5.79376382,0
1505493173,21448898,0.01425020,31.45649800,0
1505493172,21448891,0.01425020,5.41937799,0
1505493162,21448852,0.01425020,21.11142300,0
1505493162,21448851,0.01425020,177.70000000,0
1505493161,21448848,0.01425020,10.24020715,0
1505493160,21448845,0.01425020,19.37691100,0
1505493160,21448844,0.01425020,9.00874200,0
1505493160,21448841,0.01425020,35.76814300,0
1505493160,21448840,0.01425020,22.86361400,0
1505493159,21448839,0.01425020,16.50673100,0
1505493157,21448836,0.01426014,139.46100000,1
1505493142,21448795,0.01425020,108.59246107,0
1505493142,21448794,0.01425020,12.74153893,0
1505493141,21448790,0.01425020,180.00000000,0
1505493141,21448789,0.01425020,22.74300000,0
1505493141,21448788,0.01426012,175.92300000,1
1505492952,21448084,0.01439947,7.63248193,0
1505492884,21447834,0.01439765,5.10905700,0
1505492875,21447799,0.01434005,1.02425864,1
1505492824,21447546,0.01424002,103.66712631,0
1505492824,21447545,0.01424002,4.43630942,0
1505492824,21447543,0.01424002,2.42000000,0
1505492823,21447537,0.01427005,3.70470788,1
1505492823,21447536,0.01427005,18.53763150,1
1505492823,21447534,0.01427006,32.25800000,1
1505492821,21447519,0.01431800,3.27999975,1
1505492801,21447422,0.01431800,6.36108800,1
1505492801,21447420,0.01431801,3.28000000,1
1505492799,21447409,0.01431802,0.99891200,1
1505492799,21447408,0.01431802,9.64108800,1
1505492797,21447386,0.01431802,3.29000000,1
1505492765,21447248,0.01431800,11.28636300,1
1505492758,21447169,0.01431800,33.16992400,1
1505492754,21447163,0.01431801,45.23180386,1
1505492734,21447082,0.01431806,10.13854294,1
1505492730,21447065,0.01439960,10.00000000,0
1505492644,21446608,0.01431804,4.99500000,1
1505492621,21446492,0.01431801,7.40885700,1
1505492598,21446326,0.01439997,21.92019660,0
1505492598,21446325,0.01439996,8.63980340,0
1505492593,21446284,0.01439994,0.13854294,0
1505492579,21446133,0.01431915,8.63980340,1
1505492579,21446131,0.01431917,31.55550660,1
1505492556,21445973,0.01439999,16.11850160,0
1505492556,21445969,0.01439998,4.87084424,0
1505492469,21445474,0.01440000,2.21587616,0
1505492469,21445472,0.01439999,20.10878384,0
1505492451,21445344,0.01439943,17.13632553,0
1505492450,21445339,0.01439941,27.13452104,0
1505492421,21445179,0.01439962,0.13854602,0
1505492262,21444080,0.01439936,3.04806454,0
1505492218,21443879,0.01439991,4.43194336,0
1505492196,21443799,0.01431867,36.31708900,1
1505492180,21443675,0.01431862,5.00000000,1
1505492154,21443526,0.01440001,8.21919900,0
1505492145,21443485,0.01440001,8.61390985,0
1505492145,21443483,0.01440001,6.25078300,0
1505492125,21443383,0.01440001,6.23437500,1
1505492122,21443371,0.01434025,11.83882487,1
1505492117,21443351,0.01440001,6.28812063,0
1505492117,21443349,0.01440001,2.83409328,0
1505492117,21443348,0.01440001,4.62270512,0
1505492116,21443343,0.01440001,1.06451000,0
1505492089,21443166,0.01440000,0.56067418,1
1505492076,21443083,0.01440002,81.24430287,0
1505492076,21443080,0.01440001,6.50512713,0
1505492047,21442881,0.01440001,1.14650600,0
1505492038,21442805,0.01440002,47.57813638,0
1505492037,21442804,0.01440001,11.73017962,0
1505492036,21442787,0.01440001,1.83824700,0
1505492029,21442718,0.01440001,3.48680313,0
1505492025,21442678,0.01440001,2.01273471,0
1505492012,21442543,0.01440002,10.30588847,0
1505492011,21442523,0.01440002,1.58732259,0
1505492003,21442453,0.01440002,3.40409249,0
1505492001,21442383,0.01440002,5.54283131,0
1505491999,21442315,0.01440002,8.45075215,0
1505491996,21442302,0.01440002,5.49443154,0
1505491993,21442282,0.01440002,10.05427200,0
1505491992,21442272,0.01440002,20.13204100,0
1505491953,21441971,0.01439999,35.59241900,0
1505491928,21441855,0.01442653,4.14202167,0
1505491911,21441770,0.01442230,15.39000000,1
1505491901,21441714,0.01442653,15.23677602,0
1505491901,21441712,0.01442652,1.78124198,0
1505491892,21441651,0.01442653,17.27288400,0
1505491884,21441612,0.01442653,2.94331000,0
1505491881,21441590,0.01442653,6.34000700,0
1505491880,21441588,0.01442653,4.99700700,0
1505491880,21441587,0.01442653,8.86554600,0
1505491879,21441585,0.01442653,52.20880100,0
1505491879,21441584,0.01442653,1.63986700,0
1505491878,21441581,0.01442653,8.04845000,0
1505491878,21441573,0.01442653,29.35525200,0
1505491876,21441565,0.01442653,4.98750000,0
1505491870,21441531,0.01442653,9.18266555,0
1505491870,21441527,0.01442653,21.85452400,0
1505491869,21441519,0.01442653,8.95353900,0
1505491867,21441506,0.01442653,1.86592000,0
1505491865,21441496,0.01442653,31.00479800,0
1505491864,21441492,0.01442653,1.10081911,0
1505491864,21441484,0.01442653,9.32355000,0
1505491860,21441456,0.01442653,3.03294800,0
1505491856,21441437,0.01442653,36.58640900,0
1505491856,21441434,0.01442653,1.84330000,0
1505491854,21441427,0.01442653,18.24500000,0
1505491854,21441426,0.01442653,25.30000000,0
1505491854,21441425,0.01442653,95.94247500,0
1505491854,21441424,0.01442653,4.03449600,0
1505491853,21441420,0.01442653,7.25473400,0
1505491851,21441406,0.01442653,5.60162403,0
1505491851,21441402,0.01442653,0.00000013,0
1505491813,21441166,0.01440001,9.88906814,0
1505491806,21441133,0.01442653,38.78730200,0
1505491780,21441004,0.01442653,106.17186700,0
1505491778,21440984,0.01442653,36.23483400,0
1505491778,21440982,0.01442653,6.46814400,0
1505491778,21440981,0.01442653,9.54170700,0
1505491778,21440979,0.01442653,15.71753300,0
1505491777,21440978,0.01442653,177.70000000,0
1505491777,21440976,0.01442653,32.59263200,0
1505491765,21440910,0.01442653,5.69092500,0
1505491765,21440909,0.01442653,71.09505587,0
1505491764,21440907,0.01442652,1.08116513,0
1505491704,21440619,0.01443997,8.28279767,1
1505491702,21440597,0.01442649,3.04325621,0
1505491693,21440563,0.01442645,30.36748086,0
1505491653,21440368,0.01444000,25.72782928,1
1505491653,21440366,0.01444000,2.00000000,1
1505491650,21440354,0.01444000,2.00000000,1
1505491641,21440303,0.01444000,9.33645800,1
1505491636,21440287,0.01444000,9.37000000,1
1505491635,21440283,0.01444000,17.63235400,1
1505491634,21440278,0.01444000,4.48837295,1
1505491634,21440277,0.01444001,36.64264705,1
1505491628,21440239,0.01443298,0.61770045,0
1505491597,21440031,0.01443304,8.29352236,0
1505491547,21439797,0.01438161,41.88821050,1
1505491546,21439794,0.01438160,2.93300950,0
1505491541,21439754,0.01431801,3.48999500,1
1505491540,21439750,0.01438161,25.17730000,0
1505491531,21439684,0.01438164,5.26801519,0
1505491525,21439638,0.01438166,5.56367875,0
1505491511,21439585,0.01431800,5.81671939,1
1505491510,21439584,0.01432000,0.86985561,1
1505491507,21439553,0.01432000,0.13014439,0
1505491437,21439112,0.01431800,3.15316780,0
1505491437,21439110,0.01431800,0.00000016,0
1505491414,21438938,0.01431800,4.91205358,0
1505491414,21438937,0.01431800,5.33189842,0
1505491395,21438773,0.01431800,6.39395158,1
1505491394,21438767,0.01431800,5.33190184,1
1505491392,21438745,0.01431800,2.50000000,1
1505491382,21438640,0.01431800,42.66672000,1
1505491374,21438578,0.01431800,18.99694500,1
1505491373,21438572,0.01431801,0.56107173,1
1505491356,21438477,0.01431800,8.39662000,1
1505491353,21438456,0.01431800,57.18152466,1
1505491240,21437749,0.01429003,0.00000021,0
1505491239,21437747,0.01429003,2.19535156,1
1505491239,21437746,0.01430001,5.71201523,1
1505491239,21437745,0.01430001,5.25743660,1
1505491239,21437743,0.01430002,7.90736740,1
1505491074,21436845,0.01432000,0.16250137,0
1505491064,21436777,0.01432703,0.99000000,0
1505491063,21436765,0.01432700,3.44193800,1
1505491055,21436733,0.01419047,14.21169549,1
1505491055,21436732,0.01419051,37.69600000,1
1505491055,21436731,0.01419052,7.75409264,1
1505491055,21436728,0.01419054,14.47436810,1
1505491048,21436696,0.01432704,1.00000000,0
1505491027,21436620,0.01431975,2.65146864,0
1505491027,21436614,0.01432687,0.07257480,1
1505491022,21436600,0.01432687,0.91689808,1
1505491020,21436594,0.01431334,0.00932712,0
1505490995,21436412,0.01431228,0.84294000,0
1505490979,21436331,0.01431334,9.99067288,0
1505490979,21436330,0.01431255,12.76112260,0
1505490979,21436328,0.01431252,2.55222452,0
1505490979,21436326,0.01431231,6.17459100,0
1505490875,21435902,0.01419115,6.17459100,0
1505490873,21435889,0.01419115,28.19625400,1
1505490872,21435887,0.01419117,14.42944100,1
1505490795,21435627,0.01424898,0.00022886,0
1505490794,21435620,0.01424898,5.83977114,0
1505490794,21435619,0.01424898,0.00024699,0
1505490791,21435603,0.01424898,13.92975301,0
1505490786,21435588,0.01416848,0.31508873,1
1505490771,21435513,0.01424897,0.99880000,0
1505490754,21435449,0.01424899,38.44989238,1
1505490754,21435447,0.01424899,31.55550660,0
1505490748,21435421,0.01424910,0.76706000,0
1505490704,21435210,0.01415589,4.70049800,1
1505490704,21435208,0.01420270,1.00000000,1
1505490701,21435193,0.01415592,6.04332049,0
1505490700,21435185,0.01415607,0.25542491,1
1505490698,21435178,0.01415607,3.49000000,1
1505490698,21435176,0.01415606,0.00000040,0
1505490697,21435171,0.01415606,30.55550660,1
1505490690,21435155,0.01424968,0.30249000,0
1505490680,21435092,0.01424970,0.86641000,0
1505490651,21434913,0.01420270,1.00000000,1
1505490645,21434878,0.01424972,1.54760718,0
1505490638,21434839,0.01424973,0.58920000,0
1505490637,21434835,0.01422000,20.00000000,0
1505490626,21434778,0.01424974,1.00000000,0
1505490622,21434762,0.01420273,1.00000000,1
1505490592,21434602,0.01424978,4.44841955,0
1505490563,21434462,0.01424980,1.00000000,0
1505490553,21434342,0.01424982,0.99880000,0
1505490547,21434318,0.01424982,0.99972000,0
1505490542,21434303,0.01424983,1.00000000,0
1505490532,21434262,0.01424984,51.75203000,0
1505490527,21434244,0.01424984,46.92286856,0
1505490527,21434243,0.01424984,5.74968332,0
1505490526,21434236,0.01424984,21.81582390,0
1505490523,21434218,0.01424984,15.65252662,0
1505490511,21434173,0.01424986,1.00000000,0
1505490511,21434172,0.01424986,1.99400201,0
1505490506,21434143,0.01424989,10.17178515,0
1505490506,21434141,0.01423000,23.26568898,0
1505490504,21434128,0.01423000,3.93791131,0
1505490500,21434096,0.01424992,1.00000000,0
1505490495,21434072,0.01424992,0.92682000,0
1505490490,21434046,0.01424992,1.00000000,0
1505490482,21433984,0.01424996,36.00299789,0
1505490476,21433957,0.01424993,0.69861333,0
1505490474,21433947,0.01424993,0.33041000,0
1505490443,21433799,0.01425000,8.14143787,0
1505490441,21433780,0.01427991,33.83144571,0
1505490439,21433771,0.01427991,41.42121559,0
1505490438,21433765,0.01427991,19.44331321,0
1505490435,21433743,0.01427991,1.27753205,0
1505490433,21433722,0.01427991,33.39509434,0
1505490433,21433711,0.01427991,1.27753205,0
1505490432,21433708,0.01427991,3.25729659,0
1505490430,21433693,0.01427991,5.74002504,0
1505490429,21433675,0.01427992,31.55550660,0
1505490417,21433546,0.01417004,6.72101366,1
1505490417,21433543,0.01417008,17.12283087,1
1505490411,21433486,0.01428887,12.96532688,0
1505490411,21433485,0.01428884,16.37283087,0
1505490339,21432985,0.01428952,0.75000000,0
1505490331,21432971,0.01417162,10.00000000,1
1505490331,21432970,0.01417209,19.27997705,1
1505490331,21432967,0.01417215,20.77444578,1
1505490054,21431588,0.01416790,0.18465582,1
1505490016,21431357,0.01426003,1.75869100,1
1505489984,21431148,0.01426000,5.25430902,1
1505489984,21431147,0.01426001,2.45116498,1
1505489977,21431093,0.01426004,2.45116500,1
1505489957,21430966,0.01426003,5.25430900,1
1505489956,21430963,0.01448334,12.76770413,0
1505489955,21430947,0.01426003,5.25430900,1
1505489938,21430810,0.01426000,2.37521615,1
1505489937,21430808,0.01435090,5.25430985,1
1505489931,21430761,0.01430009,12.73329768,1
1505489930,21430759,0.01430010,2.54153432,1
1505489930,21430757,0.01430014,4.47266119,1
1505489929,21430749,0.01430013,1.13224000,1
1505489918,21430678,0.01448715,6.16414261,0
1505489918,21430677,0.01448713,31.55550660,0
1505489915,21430657,0.01430000,2.00000000,1
1505489915,21430652,0.01430002,2.59384762,1
1505489910,21430604,0.01430009,15.76513900,1
1505489887,21430488,0.01430001,0.65579062,1
1505489881,21430409,0.01433002,4.32103700,1
1505489873,21430354,0.01430001,1.42605868,1
1505489873,21430353,0.01433002,6.51269153,1
1505489873,21430352,0.01433006,7.69852179,1
1505489867,21430332,0.01433005,21.20878900,1
1505489858,21430280,0.01433003,0.00000043,0
1505489839,21430098,0.01433003,1.14263500,0
1505489831,21430037,0.01433002,1.00000000,0
1505489828,21430029,0.01433002,8.85657899,0
1505489828,21430026,0.01433001,2.15922101,0
1505489827,21430018,0.01433002,1.91175000,0
1505489812,21429916,0.01426000,29.46304100,1
1505489806,21429877,0.01433003,2.88816561,0
1505489794,21429778,0.01433003,1.14263543,0
1505489764,21429596,0.01433002,2.33044965,1
1505489764,21429594,0.01433004,0.58229995,1
1505489760,21429568,0.01428011,5.14864355,0
1505489759,21429553,0.01433002,0.79036323,1
1505489757,21429538,0.01433003,1.00000000,0
1505489753,21429514,0.01433008,5.93960196,1
1505489749,21429497,0.01433002,3.16140921,1
1505489749,21429494,0.01433004,0.78982254,1
1505489739,21429419,0.01433000,12.70177391,1
1505489723,21429308,0.01448853,0.34565687,0
1505489664,21429037,0.01427004,1.52659273,1
1505489664,21429036,0.01430005,0.30414819,1
1505489661,21429026,0.01430008,24.96977400,1
1505489590,21428592,0.01426039,0.99178751,1
1505489559,21428365,0.01448944,169.17000000,1
1505489559,21428360,0.01448944,15.49599226,1
1505489558,21428350,0.01448943,3.14756923,0
1505489558,21428348,0.01448927,10.00061349,0
1505489558,21428347,0.01448927,159.93000000,0
1505489557,21428345,0.01448927,43.05496000,0
1505489557,21428343,0.01448924,31.55550660,0
1505489483,21427742,0.01433183,19.07373000,0
1505489419,21427385,0.01440015,3.19212677,0
1505489419,21427384,0.01430860,0.00305440,0
1505489417,21427380,0.01433187,4.36115560,1
1505489400,21427286,0.01440010,1.63334500,1
1505489397,21427268,0.01440016,1.16446000,1
1505489356,21427133,0.01440025,4.23373000,1
1505489344,21427083,0.01440034,2.63381184,1
1505489301,21426817,0.01440012,1.63334526,1
1505489296,21426779,0.01440010,0.69076467,1
1505489287,21426700,0.01440010,2.52481473,1
1505489287,21426696,0.01440012,3.19885527,1
1505489285,21426684,0.01440013,2.84678000,1
1505489234,21426340,0.01440003,0.65668630,1
1505489072,21425222,0.01451998,0.50048760,1
1505489071,21425216,0.01451998,0.98830545,1
1505489062,21425186,0.01451998,3.68120695,1
1505489062,21425185,0.01451999,1.48879305,1
1505489051,21425099,0.01457968,2.20045838,1
1505489050,21425086,0.01457968,3.99321459,1
1505489050,21425084,0.01466000,2.20058158,1
1505489047,21425071,0.01466000,0.43323026,1
1505489034,21424882,0.01466991,4.96666667,0
1505489024,21424793,0.01466000,5.81508044,1
1505489019,21424737,0.01466988,2.57292111,0
1505489016,21424726,0.01466000,8.87675656,1
1505489016,21424723,0.01419002,49.69531660,1
1505489015,21424721,0.01419002,30.13284563,0
1505489015,21424716,0.01451859,1.51902080,1
1505489015,21424712,0.01451859,0.82559991,1
1505489015,21424710,0.01451859,0.24851000,1
1505489014,21424708,0.01451997,30.13281076,1
1505489014,21424705,0.01451999,14.60000000,1
1505489014,21424702,0.01451999,10.97233042,0
1505489012,21424685,0.01466000,0.90474490,1
1505489010,21424677,0.01466000,0.62813132,1
1505489006,21424648,0.01466000,0.34100055,1
1505488996,21424578,0.01451998,0.23288125,1
1505488984,21424486,0.01452927,1.42235998,1
1505488983,21424466,0.01452927,8.57764002,1
1505488983,21424462,0.01458000,0.53529706,1
1505488983,21424459,0.01466000,1.83650958,1
1505488983,21424453,0.01466994,7.05055334,1
1505488979,21424397,0.01466994,3.70016000,1
1505488966,21424304,0.01466994,4.37998699,1
1505488966,21424303,0.01466997,10.62001301,1
1505488964,21424288,0.01466995,3.44121300,1
1505488946,21424185,0.01466995,4.80754000,1
1505488938,21424152,0.01467011,15.91356095,1
1505488898,21423928,0.01467003,0.69048367,1
1505488898,21423926,0.01467007,7.48931633,1
1505488896,21423913,0.01467010,2.86129000,1
1505488887,21423840,0.01467807,0.24508216,1
1505488887,21423839,0.01467807,0.68040795,1
1505488885,21423830,0.01467807,0.88757967,1
1505488885,21423829,0.01482000,0.55465096,1
1505488880,21423808,0.01482869,2.49949131,0
1505488867,21423705,0.01482869,2.49949131,0
1505488832,21423455,0.01482918,41.98589958,0
1505488832,21423454,0.01482917,15.42895868,0
1505488832,21423452,0.01482893,3.08579174,0
1505488826,21423417,0.01467001,0.94529127,1
1505488814,21423298,0.01466996,1.05270673,1
1505488804,21423194,0.01467003,1.74392946,1
1505488774,21422957,0.01482915,3.15927786,0
1505488771,21422932,0.01467009,0.52627885,1
1505488766,21422885,0.01467006,0.49797608,1
1505488761,21422841,0.01482919,2.34989234,0
1505488749,21422748,0.01466998,7.63218590,1
1505488740,21422646,0.01482920,2.34361934,0
1505488735,21422614,0.01466997,2.79613114,1
1505488730,21422577,0.01466999,0.95692593,1
1505488728,21422564,0.01482924,15.23740375,0
1505488727,21422559,0.01482924,180.56003443,0
1505488727,21422558,0.01482923,0.00041415,0
1505488727,21422551,0.01482923,17.78650963,0
1505488727,21422550,0.01482921,0.00028905,0
1505488726,21422541,0.01482921,3.55709571,0
1505488712,21422424,0.01482922,1.62820431,0
1505488700,21422362,0.01467069,0.34011000,1
1505488645,21422027,0.01467022,0.78000000,1
1505488642,21422010,0.01467021,0.85056862,1
1505488635,21421956,0.01482927,3.09130523,0
1505488635,21421955,0.01482927,32.56663582,0
1505488627,21421870,0.01482928,1.62630628,0
1505488625,21421809,0.01467018,1.69987000,1
1505488611,21421648,0.01466995,3.09151741,0
1505488605,21421581,0.01466994,1.83650958,1
1505488601,21421537,0.01466994,0.61727055,1
1505488599,21421509,0.01466994,4.51146000,0
1505488599,21421503,0.01466994,3.09151200,0
1505488594,21421443,0.01466000,0.29000000,1
1505488585,21421367,0.01466994,3.09368000,0
1505488584,21421355,0.01458542,0.39291626,1
1505488581,21421325,0.01458539,0.53529706,0
1505488572,21421263,0.01466994,1.00000000,0
1505488568,21421234,0.01482936,17.69885614,0
1505488567,21421223,0.01482936,13.60300000,0
1505488567,21421214,0.01482934,9.83813120,1
1505488565,21421189,0.01482934,10.53807779,1
1505488565,21421181,0.01482934,3.09151418,1
1505488563,21421144,0.01466995,1.18113994,1
1505488549,21420997,0.01482922,4.27914651,0
1505488547,21420982,0.01482923,15.70501540,0
1505488533,21420905,0.01483947,0.23530729,0
1505488533,21420904,0.01483947,16.95514760,0
1505488533,21420901,0.01471003,0.00000511,0
1505488525,21420840,0.01471003,13.79390600,0
1505488520,21420820,0.01477135,6.01236000,0
1505488510,21420718,0.01468947,14.81722430,1
1505488510,21420717,0.01468950,12.03735410,1
1505488510,21420714,0.01468953,31.55550660,1
1505488510,21420711,0.01471000,0.90000000,1
1505488469,21420417,0.01483958,33.60962870,0
1505488459,21420364,0.01483959,24.65995323,0
1505488459,21420363,0.01483956,5.41503740,0
1505488415,21420040,0.01472017,3.58200000,0
1505488406,21419934,0.01480241,2.39844700,0
1505488400,21419862,0.01480471,5.42757100,0
1505488391,21419820,0.01469003,1.00000000,1
1505488376,21419701,0.01466998,6.26060840,1
1505488366,21419639,0.01484146,70.97979900,0
1505488366,21419634,0.01484139,66.82700000,1
1505488365,21419626,0.01484139,12.19320100,0
1505488323,21419337,0.01466995,0.82435604,1
1505488322,21419332,0.01467648,4.12178020,1
1505488317,21419272,0.01467651,12.19320100,1
1505488315,21419262,0.01466994,0.53748580,0
1505488312,21419232,0.01466994,0.31017598,0
1505488312,21419225,0.01466994,4.23830888,0
1505488308,21419200,0.01466995,63.48240000,0
1505488300,21419150,0.01466995,0.00350331,0
1505488300,21419148,0.01466994,5.00739669,0
1505488292,21419100,0.01466995,1.28032447,0
1505488287,21419064,0.01466995,29.01549007,0
1505488287,21419063,0.01466994,4.72660993,0
1505488276,21418954,0.01466995,27.35125619,0
1505488276,21418953,0.01466994,6.21211081,0
1505488269,21418899,0.01465000,96.96855300,0
1505488266,21418883,0.01465000,28.03144700,0
1505488266,21418878,0.01466994,5.68765000,0
1505488255,21418819,0.01466995,33.64182700,0
1505488242,21418754,0.01466997,4.29066400,0
1505488161,21418343,0.01467529,0.99800000,0
1505488117,21418190,0.01467533,3.40236669,0
1505488117,21418188,0.01467533,0.39379257,0
1505488115,21418181,0.01467530,13.20525653,0
1505487947,21417129,0.01451999,0.20000000,1
1505487893,21416827,0.01467595,15.51734827,1
1505487892,21416825,0.01467594,2.50918773,0
1505487892,21416824,0.01467594,10.49606900,0
1505487871,21416684,0.01451898,1.08055066,1
1505487830,21416372,0.01467640,3.03290180,0
1505487822,21416321,0.01459510,0.39190178,0
1505487821,21416317,0.01459510,2.39208432,0
1505487819,21416302,0.01451874,30.80335582,1
1505487819,21416300,0.01451878,168.10400000,1
1505487819,21416297,0.01451882,71.10752572,1
1505487818,21416294,0.01451885,30.07646919,1
1505487809,21416234,0.01459510,0.47880000,0
1505487807,21416213,0.01462006,1.27242390,1
1505487788,21416041,0.01467648,4.84218426,0
1505487787,21416033,0.01462006,2.39091505,1
1505487787,21416031,0.01462007,2.20904495,1
1505487777,21415879,0.01462007,1.27242378,1
1505487773,21415829,0.01462006,6.79832969,1
1505487773,21415828,0.01462008,3.66333931,1
1505487770,21415810,0.01462007,10.82538572,0
1505487770,21415808,0.01462007,6.81038528,1
1505487768,21415798,0.01462010,5.63748900,0
1505487768,21415792,0.01462012,1.47903741,0
1505487764,21415768,0.01470000,8.18534101,1
1505487764,21415766,0.01470000,4.83912717,1
1505487763,21415756,0.01470004,5.79474401,1
1505487751,21415625,0.01479983,86.37126300,0
1505487746,21415586,0.01470000,0.00015811,0
1505487746,21415581,0.01470000,64.89520900,0
1505487745,21415579,0.01470000,70.24762800,0
1505487745,21415576,0.01470000,6.51858100,0
1505487744,21415569,0.01470000,7.90572998,0
1505487744,21415568,0.01469999,0.00015802,0
1505487744,21415565,0.01469999,13.49393070,0
1505487740,21415517,0.01470000,0.55296965,0
1505487737,21415489,0.01470000,149.87972426,0
1505487737,21415487,0.01469997,28.30387398,0
1505487723,21415371,0.01474003,2.00000000,1
1505487722,21415349,0.01474003,5.56645200,1
1505487718,21415307,0.01475000,9.22565800,1
1505487696,21415120,0.01479988,2.95537832,0
1505487695,21415117,0.01479988,11.43506176,0
1505487695,21415113,0.01479988,1.46985900,0
1505487695,21415111,0.01479988,3.89515200,0
1505487690,21415056,0.01479989,1.93823754,0
1505487689,21415053,0.01470000,0.00000046,0
1505487684,21415001,0.01470000,22.30000000,0
1505487684,21414995,0.01470000,177.69999954,0
1505487684,21414993,0.01469999,0.00000046,0
1505487683,21414985,0.01469999,55.26955600,0
1505487663,21414682,0.01477177,1.31339508,0
1505487661,21414639,0.01480000,0.82215657,0
1505487659,21414623,0.01477180,13.61600000,1
1505487658,21414614,0.01477180,15.65924355,1
1505487658,21414612,0.01477181,5.76018045,1
1505487655,21414591,0.01480000,1.47804054,0
1505487655,21414586,0.01477180,52.76850500,1
1505487652,21414557,0.01480000,2.60827694,0
1505487651,21414537,0.01480000,1.22006550,0
1505487649,21414516,0.01477180,14.67540031,1
1505487649,21414513,0.01477196,11.49283563,1
1505487648,21414509,0.01477197,55.26955646,1
1505487648,21414506,0.01477199,31.55550660,1
1505487645,21414475,0.01480000,2.60827694,0
1505487639,21414435,0.01480000,31.98497400,0
1505487638,21414426,0.01480000,1.93824324,0
1505487633,21414370,0.01480000,11.28053784,0
1505487629,21414328,0.01480000,20.93875061,0
1505487624,21414305,0.01480000,15.59150000,0
1505487623,21414291,0.01480000,67.06535300,0
1505487620,21414253,0.01480000,13.62842000,0
1505487619,21414247,0.01480000,2.58892500,0
1505487618,21414233,0.01480000,2.13763766,0
1505487611,21414196,0.01480000,8.80816000,0
1505487609,21414176,0.01480000,6.23009200,0
1505487601,21414060,0.01480000,6.97119000,0
1505487597,21414026,0.01480000,2.00804911,0
1505487596,21414022,0.01484000,0.00000032,1
1505487590,21413984,0.01484197,2.95775000,0
1505487567,21413828,0.01484200,2.89051000,0
1505487563,21413803,0.01484200,1.21030000,0
1505487562,21413793,0.01484200,0.13545808,0
1505487562,21413791,0.01484199,1.99500000,0
1505487560,21413776,0.01484200,28.76366796,0
1505487558,21413762,0.01484199,11.56536853,0
1505487555,21413743,0.01484200,5.01131500,0
1505487555,21413738,0.01484200,7.43097700,0
1505487553,21413727,0.01484200,19.77095300,0
1505487547,21413686,0.01484200,3.23305000,0
1505487546,21413684,0.01484200,4.72764058,0
1505487546,21413683,0.01484199,5.15578142,0
1505487544,21413669,0.01484199,4.68896000,0
1505487540,21413611,0.01484200,28.02033949,0
1505487540,21413607,0.01484199,14.93835951,0
1505487530,21413500,0.01484000,1.16291600,1
1505487515,21413385,0.01484200,3.80871000,0
1505487512,21413354,0.01484200,2.84818304,0
1505487483,21413041,0.01483613,1.20726900,1
1505487482,21413004,0.01483613,2.07274191,1
1505487482,21413001,0.01485000,1.20726909,1
1505487476,21412977,0.01485999,3.35634883,0
1505487472,21412947,0.01483613,8.16311508,1
1505487472,21412944,0.01484000,0.90000000,1
1505487472,21412942,0.01485000,1.36479515,1
1505487472,21412941,0.01485998,3.28001077,1
1505487472,21412937,0.01485998,5.71913157,0
1505487470,21412922,0.01485998,5.88335943,0
1505487462,21412844,0.01484001,2.73726190,1
1505487461,21412842,0.01484001,0.00000040,1
1505487461,21412839,0.01484200,15.83587860,1
1505487445,21412731,0.01485998,2.99750900,0
1505487441,21412697,0.01484200,9.90595206,1
1505487441,21412696,0.01485000,0.12070994,1
1505487440,21412680,0.01485000,3.32006700,1
1505487438,21412652,0.01484200,9.13161500,1
1505487437,21412645,0.01484200,3.26348700,1
1505487430,21412610,0.01484200,0.90000000,1
1505487430,21412607,0.01484200,0.96306734,1
1505487430,21412605,0.01484200,3.32006666,1
1505487425,21412575,0.01484200,2.61569534,1
1505487425,21412572,0.01485000,2.32006666,1
1505487423,21412534,0.01485000,1.00000000,1
1505487416,21412474,0.01485999,8.73317631,0
1505487384,21412226,0.01484200,2.78850559,1
1505487382,21412212,0.01486000,16.67155600,0
1505487380,21412180,0.01486000,14.45268775,0
1505487379,21412170,0.01484200,5.93576794,0
1505487352,21411907,0.01484199,3.56612960,0
1505487350,21411888,0.01484200,7.64629834,0
1505487340,21411816,0.01484200,1.91793372,0
1505487334,21411737,0.01466258,4.36465925,1
1505487334,21411736,0.01484198,15.63534075,1
1505487331,21411702,0.01480609,1.51902080,0
1505487330,21411699,0.01476000,118.16694845,0
1505487328,21411671,0.01476000,8.47015900,0
1505487322,21411623,0.01476000,43.68411300,0
1505487322,21411620,0.01476000,24.76380100,0
1505487321,21411618,0.01476000,48.56612900,0
1505487321,21411617,0.01476000,93.92359500,0
1505487318,21411591,0.01476000,7.00000000,0
1505487318,21411590,0.01476000,11.83637600,0
1505487315,21411558,0.01476000,81.74050000,0
1505487314,21411542,0.01476000,6.86796500,0
1505487312,21411525,0.01476000,54.98041355,0
1505487312,21411523,0.01475998,193.98586645,0
1505487311,21411516,0.01475998,43.35918000,0
1505487303,21411412,0.01475998,88.13091000,0
1505487299,21411347,0.01475998,92.90576100,0
1505487298,21411339,0.01475998,172.54700000,0
1505487297,21411332,0.01475998,0.55795469,0
1505487296,21411314,0.01475998,14.88167518,0
1505487295,21411313,0.01475997,0.33518682,0
1505487289,21411260,0.01475998,38.29658002,0
1505487289,21411258,0.01475997,0.49041998,0
1505487278,21411155,0.01475998,19.52258200,0
1505487275,21411135,0.01475998,13.05227900,0
1505487269,21411090,0.01475998,0.15833076,0
1505487269,21411089,0.01475997,1.07250704,0
1505487269,21411087,0.01475994,19.11149320,0
1505487265,21411061,0.01466214,1.45383229,1
1505487247,21410936,0.01475998,2.43905673,0
1505487246,21410934,0.01466233,1.70221127,0
1505487245,21410928,0.01466233,7.39531000,0
1505487241,21410912,0.01475995,8.73940800,0
1505487235,21410857,0.01475998,1.72282416,0
1505487235,21410856,0.01475996,0.36565193,0
1505487235,21410854,0.01466234,0.82559991,0
1505487215,21410701,0.01466196,1.94952540,0
1505487193,21410480,0.01466203,41.82884952,1
1505487193,21410479,0.01466203,13.73020000,1
1505487178,21410385,0.01466231,0.82560000,0
1505487167,21410285,0.01466234,0.24851000,0
1505487151,21410195,0.01466202,0.19968000,0
1505487136,21410074,0.01466202,0.72980000,0
1505487127,21409990,0.01453306,12.58739874,1
1505487127,21409989,0.01453306,166.86000000,1
1505487126,21409988,0.01453307,1.75860126,1
1505487126,21409986,0.01453308,159.93000000,1
1505487126,21409984,0.01453308,158.86400000,1
1505487106,21409837,0.01466227,9.40818685,0
1505487106,21409835,0.01466227,0.68202263,0
1505487106,21409833,0.01466225,7.75413319,0
1505487096,21409758,0.01450000,15.11702877,0
1505487096,21409755,0.01450000,4.06875600,0
1505487095,21409752,0.01450000,1.89632973,0
1505487094,21409747,0.01450000,55.55904952,0
1505487094,21409742,0.01453270,2.46840674,1
1505487094,21409741,0.01453293,14.60000000,1
1505487094,21409738,0.01453305,60.46642075,1
1505487094,21409735,0.01453305,168.10400000,1
1505487093,21409732,0.01453308,30.21540459,1
1505487086,21409667,0.01466226,0.17978000,0
1505487070,21409521,0.01463870,0.18741486,0
1505487065,21409482,0.01463870,3.06969818,0
1505487065,21409480,0.01463869,8.50910868,0
1505487056,21409409,0.01466227,3.41233981,1
1505487056,21409397,0.01466227,9.65636900,1
1505487055,21409382,0.01466230,0.33202917,0
1505487054,21409377,0.01466227,5.10497014,1
1505487054,21409370,0.01466227,0.33202917,1
1505487044,21409304,0.01466227,1.49429188,1
1505487006,21409071,0.01453210,1.34010201,1
1505487001,21409040,0.01466233,0.01548532,0
1505487001,21409035,0.01466225,0.98451468,0
1505486886,21408176,0.01462991,1.51109186,0
1505486885,21408174,0.01462988,1.41818484,0
1505486885,21408172,0.01462988,7.09092421,0
1505486885,21408171,0.01453067,0.43105307,0
1505486885,21408170,0.01448339,0.00000202,0
1505486821,21407693,0.01448339,0.88767000,0
1505486805,21407584,0.01453067,2.10333777,1
1505486804,21407571,0.01453067,1.09186271,1
1505486803,21407566,0.01453067,2.70178361,0
1505486803,21407562,0.01453066,4.04730435,0
1505486803,21407559,0.01453066,5.56520065,0
1505486802,21407548,0.01453066,4.82712290,0
1505486797,21407500,0.01453066,15.88553200,0
1505486795,21407480,0.01453066,25.54126250,0
1505486795,21407475,0.01448339,0.23976000,0
1505486795,21407474,0.01448336,29.71327650,0
1505486782,21407366,0.01448339,4.83505666,1
1505486781,21407354,0.01448339,2.97445351,1
1505486781,21407349,0.01448340,10.00000000,0
1505486780,21407341,0.01448339,1.84223010,1
1505486779,21407335,0.01448339,1.60001944,1
1505486779,21407331,0.01448339,8.00009722,1
1505486779,21407330,0.01448339,2.62515824,1
1505486778,21407324,0.01445496,1.32433647,0
1505486776,21407309,0.01448250,0.58398566,0
1505486776,21407305,0.01448250,1.46316712,0
1505486775,21407303,0.01448250,10.23576388,0
1505486774,21407292,0.01432008,14.59440942,1
1505486774,21407289,0.01432011,6.25331076,1
1505486745,21407103,0.01448251,20.66842263,0
1505486700,21406803,0.01448297,6.25331076,0
1505486697,21406792,0.01429001,50.00000000,1
1505486689,21406777,0.01430000,50.00000000,1
1505486679,21406750,0.01429001,15.25000000,1
1505486669,21406731,0.01427001,2.62484176,1
1505486669,21406730,0.01434000,10.00000000,1
1505486669,21406729,0.01438001,2.62515824,1
1505486650,21406687,0.01443245,2.52571455,1
1505486637,21406641,0.01427001,23.28000000,1
1505486637,21406640,0.01430000,10.00000000,1
1505486601,21406521,0.01437016,18.71774878,1
1505486601,21406520,0.01437019,7.03225122,1
1505486579,21406449,0.01442008,31.78000000,1
1505486564,21406387,0.01441001,50.00000000,1
1505486563,21406385,0.01453192,6.23225122,0
1505486549,21406346,0.01439001,50.00000000,1
1505486535,21406287,0.01437001,20.10589302,1
1505486535,21406286,0.01440002,5.20571590,1
1505486534,21406285,0.01440002,6.18839108,1
1505486531,21406278,0.01453235,0.80000000,0
1505486507,21406175,0.01438009,19.75000000,1
1505486483,21406075,0.01443018,1.00000000,0
1505486482,21406071,0.01443018,2.77163500,0
1505486473,21406029,0.01434001,13.12297573,1
1505486473,21406028,0.01434004,16.67702427,1
1505486465,21405997,0.01443018,7.29330300,0
1505486461,21405985,0.01443024,0.98267518,1
1505486461,21405982,0.01443024,0.01732482,0
1505486461,21405980,0.01443024,0.98267518,0
1505486460,21405976,0.01443019,3.09932354,0
1505486458,21405962,0.01433348,13.12000000,1
1505486445,21405888,0.01438001,2.62515800,1
1505486444,21405883,0.01443019,1.47064348,0
1505486444,21405881,0.01443019,0.37842306,0
1505486443,21405873,0.01443019,8.16878992,1
1505486442,21405869,0.01443019,4.94839108,1
1505486434,21405829,0.01443018,14.52910575,1
1505486434,21405827,0.01443021,1.89828025,1
1505486428,21405802,0.01443028,0.76236000,1
1505486422,21405776,0.01443020,1.00000000,0
1505486357,21405543,0.01448271,16.42951024,0
1505486357,21405542,0.01442559,0.00000023,0
1505486351,21405515,0.01442559,3.93006000,0
1505486346,21405477,0.01442558,5.36383424,0
1505486341,21405463,0.01442558,18.02306398,0
1505486304,21405325,0.01442559,6.34505977,0
1505486304,21405323,0.01440431,0.63493623,0
1505486302,21405308,0.01430010,0.99612233,1
1505486301,21405304,0.01440431,1.28419900,0
1505486300,21405302,0.01440431,5.00393579,0
1505486300,21405301,0.01440431,1.28355819,0
1505486282,21405171,0.01440424,19.85347660,0
1505486281,21405170,0.01429999,0.00000202,0
1505486252,21405060,0.01422038,2.11295065,1
1505486239,21404960,0.01422018,4.66978350,1
1505486235,21404872,0.01422014,3.68595915,1
1505486225,21404823,0.01422005,6.12109388,1
1505486206,21404756,0.01421003,9.88553900,1
1505486189,21404664,0.01417001,1.22445900,1
1505486188,21404659,0.01417001,4.06999500,1
1505486187,21404654,0.01417000,21.37069000,1
1505486187,21404651,0.01417003,5.07757500,1
1505486160,21404477,0.01429804,26.66514400,0
1505486105,21404216,0.01413159,5.45000000,1
1505486103,21404204,0.01413159,1.10370600,1
1505486102,21404203,0.01413162,13.49629400,1
1505486056,21403913,0.01422418,1.51941265,0
1505486056,21403912,0.01422414,3.98350135,0
1505486014,21403675,0.01422418,0.71275200,0
1505486004,21403627,0.01422418,6.47926840,1
1505485999,21403614,0.01422420,3.93531200,1
1505485968,21403393,0.01422422,1.12314600,1
1505485965,21403378,0.01429996,14.61944000,1
1505485948,21403270,0.01422419,0.04818935,1
1505485948,21403264,0.01422425,5.73384799,1
1505485922,21403149,0.01423074,0.76735779,1
1505485916,21403121,0.01423081,4.50521495,1
1505485816,21402738,0.01422000,3.00000000,1
1505485792,21402517,0.01429999,0.41351440,0
1505485792,21402515,0.01429998,1.57799560,0
1505485789,21402498,0.01429762,7.88997802,0
1505485778,21402403,0.01429756,8.43908700,0
1505485771,21402380,0.01414696,3.30634117,1
1505485742,21402254,0.01429778,1.79997594,0
1505485740,21402245,0.01421152,0.00000033,0
1505485648,21401844,0.01419001,40.90392762,0
1505485648,21401839,0.01419002,4.00878438,1
1505485629,21401781,0.01418048,4.76309000,1
1505485623,21401752,0.01418046,4.80476220,1
1505485621,21401727,0.01421152,2.19237600,0
1505485540,21401288,0.01429999,1.15487629,0
1505485539,21401287,0.01429999,1.56879371,0
1505485528,21401231,0.01429999,1.56879751,1
1505485528,21401230,0.01432009,5.35467878,1
1505485528,21401227,0.01432009,1.56879800,1
1505485519,21401193,0.01432009,1.91900000,1
1505485518,21401189,0.01432009,1.83833776,1
1505485486,21400945,0.01432010,24.82259203,1
1505485424,21400538,0.01437127,24.41743640,1
1505485423,21400537,0.01437130,31.55550660,1
1505485317,21399984,0.01461990,35.81620153,0
1505485317,21399982,0.01461984,31.55550612,0
1505485294,21399879,0.01452952,7.24292784,0
1505485294,21399878,0.01452950,0.50445816,0
1505485292,21399869,0.01452950,1.04501900,0
1505485286,21399841,0.01452937,0.00000048,1
1505485285,21399838,0.01452937,29.13888252,0
1505485285,21399836,0.01452937,1.04501900,0
1505485285,21399835,0.01452937,3.34784300,0
1505485226,21399528,0.01436004,4.00000000,1
1505485202,21399342,0.01451500,35.81481170,0
1505485164,21399113,0.01435005,15.36080000,1
1505485160,21399072,0.01444999,2.32674297,0
1505485160,21399070,0.01444999,0.54303176,0
1505485121,21398783,0.01433625,0.00449340,1
1505485121,21398782,0.01433628,31.55550660,1
1505485117,21398768,0.01444949,11.81026952,0
1505485115,21398759,0.01444949,1.45882000,0
1505485082,21398447,0.01430000,19.62976452,0
1505485081,21398435,0.01430000,18.71612800,0
1505485080,21398418,0.01430000,0.87299005,0
1505485072,21398347,0.01430000,239.43739200,0
1505485072,21398346,0.01430000,69.52757800,0
1505485072,21398344,0.01430000,54.81898900,0
1505485070,21398322,0.01430000,5.33547900,0
1505485068,21398311,0.01430000,10.30393400,0
1505485064,21398279,0.01430000,5.42948595,0
1505485061,21398250,0.01430000,40.99954800,0
1505485060,21398246,0.01430000,4.86334200,0
1505485060,21398240,0.01430000,30.16232200,0
1505485060,21398237,0.01430000,5.43096007,0
1505485059,21398231,0.01430000,7.25943600,0
1505485059,21398230,0.01430000,20.83767800,0
1505485058,21398217,0.01430000,100.00000000,0
1505485058,21398215,0.01430000,9.65343900,0
1505485054,21398184,0.01430000,19.81440559,0
1505485054,21398172,0.01430000,9.05092377,0
1505485052,21398139,0.01430000,48.96177600,0
1505485051,21398119,0.01430000,148.75040200,0
1505485050,21398107,0.01430000,13.89606600,0
1505485049,21398097,0.01430000,5.04349928,0
1505485049,21398089,0.01429999,1.96867716,1
1505485048,21398085,0.01430000,2.88461600,0
1505485047,21398066,0.01430000,10.00000000,0
1505485045,21398048,0.01430000,23.24306600,0
1505485045,21398046,0.01430000,11.11247500,0
1505485042,21398019,0.01430000,100.02092400,0
1505485036,21397942,0.01430000,53.79216800,0
1505485035,21397935,0.01429999,2.33902236,1
1505485034,21397921,0.01430000,3.49386400,0
1505485032,21397914,0.01430000,21.69246000,0
1505485030,21397901,0.01430000,2.26264500,0
1505485027,21397876,0.01430000,11.30000000,0
1505485023,21397850,0.01430000,19.80571666,0
1505485023,21397849,0.01429999,5.21757134,0
1505485022,21397840,0.01430000,5.26016228,0
1505485021,21397832,0.01430000,51.10288500,0
1505485020,21397822,0.01430000,25.25849599,0
1505485020,21397819,0.01429999,6.70273801,0
1505485009,21397772,0.01430000,125.08700000,0
1505485008,21397768,0.01430000,46.34303100,0
1505485008,21397764,0.01430000,54.91952600,0
1505485006,21397753,0.01430000,6.14413000,0
1505485006,21397751,0.01430000,42.57201400,0
1505485002,21397736,0.01430000,64.12737900,0
1505484995,21397703,0.01430000,9.58668700,0
1505484994,21397701,0.01430000,1.89726500,0
1505484993,21397688,0.01430000,35.94000000,0
1505484992,21397682,0.01430000,1.89996628,0
1505484991,21397681,0.01430000,177.70000000,0
1505484991,21397680,0.01430000,5.00000000,0
1505484989,21397663,0.01430000,13.24280400,0
1505484988,21397659,0.01430000,3.70226956,0
1505484987,21397653,0.01430000,25.65020000,0
1505484987,21397649,0.01430000,46.14871900,0
1505484986,21397647,0.01430000,74.75528300,0
1505484986,21397642,0.01430000,6.26222000,0
1505484985,21397633,0.01430000,25.67720000,0
1505484984,21397628,0.01430000,3.31929000,0
1505484974,21397562,0.01444982,8.28736830,0
1505484903,21397002,0.01444999,6.92484000,1
1505484884,21396839,0.01439520,0.00000059,1
1505484883,21396817,0.01439508,8.21610018,0
1505484883,21396814,0.01439504,1.39608223,0
1505484883,21396809,0.01439504,34.83424300,0
1505484882,21396804,0.01439504,8.21610040,0
1505484882,21396797,0.01439501,23.33940660,0
1505484882,21396792,0.01439501,8.21610000,0
1505484876,21396719,0.01420933,4.85438899,1
1505484876,21396717,0.01420933,2.14561101,1
1505484865,21396624,0.01439532,18.26863313,0
1505484812,21396244,0.01420926,10.63000000,1
1505484795,21396072,0.01425019,15.46000000,1
1505484786,21396010,0.01425017,50.00000000,1
1505484777,21395895,0.01425017,1.23792103,1
1505484777,21395893,0.01425018,48.76207897,1
1505484768,21395814,0.01425015,28.55000000,1
1505484758,21395745,0.01425012,22.49000000,1
1505484733,21395512,0.01425007,50.00000000,1
1505484717,21395364,0.01425004,38.66000000,1
1505484702,21395228,0.01434153,6.99691641,0
1505484702,21395225,0.01434151,1.39938328,0
1505484700,21395211,0.01425001,22.58000000,1
1505484676,21395018,0.01431180,1.00000039,0
1505484673,21394989,0.01431180,6.02883200,0
1505484670,21394959,0.01434151,0.11112597,1
1505484670,21394958,0.01434155,0.33949040,1
1505484670,21394957,0.01434155,1.70443124,1
1505484662,21394870,0.01434156,21.45699353,1
1505484662,21394868,0.01434156,12.84646873,1
1505484660,21394845,0.01434156,43.69000000,1
1505484658,21394811,0.01434151,4.88887403,1
1505484657,21394800,0.01434155,0.66605445,1
1505484656,21394798,0.01434155,3.34396504,1
1505484649,21394690,0.01443320,1.00000000,0
1505484643,21394628,0.01434153,99.99958164,1
1505484633,21394517,0.01434152,5.55320066,1
1505484633,21394515,0.01434152,15.89643855,1
1505484630,21394477,0.01434152,4.99569920,1
1505484616,21394332,0.01432000,12.31099867,0
1505484614,21394316,0.01432000,1.68095992,0
1505484613,21394307,0.01432000,8.43559141,0
1505484612,21394297,0.01418021,44.44642563,1
1505484612,21394294,0.01418023,5.55357437,1
1505484606,21394228,0.01466233,267.79162247,0
1505484606,21394220,0.01461590,6.00000000,0
1505484605,21394216,0.01459000,77.65596242,0
1505484605,21394212,0.01458999,52.83135610,1
1505484605,21394209,0.01458999,79.18038256,1
1505484604,21394207,0.01437881,1.00000000,0
1505484604,21394200,0.01434153,3.74537667,0
1505484604,21394191,0.01434150,0.74907533,1
1505484603,21394188,0.01434150,174.14600000,1
1505484603,21394181,0.01432044,5.90079635,1
1505484601,21394161,0.01432000,17.59578398,0
1505484595,21394127,0.01432044,0.00000045,1
1505484595,21394123,0.01432044,5.90114800,1
1505484590,21394088,0.01432044,5.55357437,0
1505484588,21394077,0.01412009,50.00000000,1
1505484572,21393919,0.01412005,49.56828531,1
1505484572,21393916,0.01412008,0.43171469,1
1505484550,21393783,0.01434178,5.45000000,0
1505484550,21393777,0.01420002,39.78206406,1
1505484550,21393776,0.01420003,3.31793594,1
1505484550,21393775,0.01428000,5.90000000,1
1505484550,21393773,0.01428061,1.00000000,1
1505484546,21393741,0.01434179,14.60000000,1
1505484543,21393730,0.01434179,5.49054700,1
1505484543,21393729,0.01453934,9.83050124,1
1505484543,21393726,0.01434179,20.75437200,1
1505484541,21393715,0.01434179,41.40540500,1
1505484537,21393694,0.01434179,15.89935866,1
1505484537,21393692,0.01434180,3.39251534,1
1505484531,21393647,0.01434179,68.97912100,1
1505484524,21393621,0.01434179,30.84000000,1
1505484523,21393614,0.01434179,110.13689900,1
1505484519,21393581,0.01434179,124.71955376,1
1505484519,21393579,0.01434180,0.50393964,1
1505484518,21393576,0.01434182,31.55550660,1
1505484512,21393522,0.01434179,31.55550660,1
1505484512,21393512,0.01434163,1.16573637,0
1505484511,21393503,0.01434163,20.91005294,1
1505484509,21393488,0.01434163,26.76000000,1
1505484509,21393483,0.01434163,33.45608470,1
1505484509,21393481,0.01434164,52.83135610,1
1505484508,21393478,0.01434187,1.00574361,1
1505484508,21393475,0.01434188,11.23052315,1
1505484508,21393472,0.01434188,6.51356107,1
1505484508,21393471,0.01434190,30.84373137,1
1505484503,21393436,0.01458994,5.20254436,0
1505484468,21393209,0.01458998,8.52495218,0
1505484458,21393118,0.01459000,5.45056580,0
1505484445,21393025,0.01459000,12.08752570,0
1505484440,21392974,0.01459000,54.80594608,0
1505484439,21392968,0.01458999,15.42151332,0
1505484438,21392961,0.01458999,5.13457119,0
1505484438,21392955,0.01458999,0.93002188,0
1505484438,21392952,0.01449643,1.00000000,0
1505484434,21392918,0.01458999,150.40274471,0
1505484433,21392907,0.01458999,5.27814890,0
1505484431,21392893,0.01458998,0.43873583,1
1505484431,21392891,0.01458998,1.00000000,1
1505484430,21392885,0.01447933,0.43873584,0
1505484428,21392869,0.01447933,4.39013248,0
1505484423,21392825,0.01447934,0.97945694,0
1505484418,21392787,0.01458998,1.45428574,0
1505484413,21392753,0.01458998,5.19660269,0
1505484408,21392723,0.01458998,13.00467855,0
1505484404,21392678,0.01458998,12.88401597,0
1505484356,21392265,0.01438000,0.00581086,0
1505484353,21392254,0.01434025,2.21007459,1
1505484302,21391978,0.01438000,0.70518914,0
1505484267,21391706,0.01437484,4.23910000,0
1505484267,21391704,0.01437484,4.02160000,0
1505484267,21391703,0.01437484,3.07664141,0
1505484267,21391701,0.01437484,0.71495859,0
1505484267,21391699,0.01437484,3.54670000,0
1505484267,21391698,0.01437484,3.28360000,0
1505484267,21391696,0.01437484,2.99750000,0
1505484267,21391694,0.01437484,0.00000041,0
1505484266,21391692,0.01437484,2.68109959,0
1505484252,21391616,0.01437479,4.97590491,0
1505484246,21391582,0.01437479,2.43787909,1
1505484244,21391571,0.01437474,3.34023432,0
1505484242,21391550,0.01432053,1.00000000,0
1505484236,21391475,0.01421490,3.04362842,1
1505484223,21391351,0.01421492,4.05200955,1
1505484222,21391335,0.01437483,3.10407845,0
1505484222,21391331,0.01429999,4.00000000,0
1505484222,21391327,0.01421509,0.93041866,0
1505484221,21391318,0.01421509,44.02109000,0
1505484220,21391306,0.01421509,44.19036390,0
1505484215,21391262,0.01421509,3.53930000,0
1505484215,21391259,0.01421509,6.78637300,0
1505484215,21391257,0.01421509,155.53119500,0
1505484215,21391252,0.01421508,4.88280500,0
1505484211,21391223,0.01412012,4.88280500,1
1505484209,21391196,0.01421509,1.00000000,0
1505484205,21391153,0.01421509,22.65840000,0
1505484202,21391137,0.01421509,0.41954500,0
1505484201,21391132,0.01421509,177.70000000,0
1505484183,21391024,0.01421509,16.74117546,0
1505484183,21391023,0.01421490,4.11000000,0
1505484183,21391022,0.01420000,0.20000000,0
1505484146,21390772,0.01421489,17.89453836,0
1505484146,21390769,0.01419876,3.16000000,0
1505484110,21390545,0.01418000,3.05971500,1
1505484109,21390532,0.01418000,1.10188500,1
1505484096,21390452,0.01418988,27.08804471,0
1505484095,21390441,0.01418988,12.24979651,0
1505484089,21390397,0.01418989,21.96150800,1
1505484089,21390390,0.01418995,14.50061487,0
1505484057,21390081,0.01396018,21.96150800,1
1505484050,21390051,0.01412999,2.25977834,0
1505484050,21390050,0.01412999,1.73990357,0
1505484038,21389990,0.01406985,1.00000000,0
1505484032,21389950,0.01404999,10.03736500,0
1505484032,21389948,0.01404999,92.00310000,0
1505484029,21389939,0.01404999,41.64122400,0
1505484029,21389938,0.01400191,1.00000000,0
1505484024,21389930,0.01404999,108.36572800,0
1505484024,21389929,0.01400191,1.00000000,0
1505484016,21389861,0.01392011,5.56188134,0
1505484016,21389859,0.01392011,3.00033829,0
1505484016,21389857,0.01392011,1.43741400,0
1505484012,21389807,0.01390000,15.19899402,0
1505484012,21389802,0.01389997,25.12933647,0
1505484012,21389798,0.01384734,1.27079451,0
1505484003,21389682,0.01384626,126.69744678,0
1505484002,21389680,0.01384625,51.00255322,0
1505484001,21389674,0.01384626,51.00255300,0
1505483990,21389650,0.01368063,4.36959943,1
1505483990,21389649,0.01384000,0.00040057,1
1505483989,21389648,0.01384627,0.16098065,0
1505483978,21389616,0.01384628,7.50603319,1
1505483977,21389612,0.01384630,0.18862866,0
1505483976,21389609,0.01384000,4.49869943,1
1505483975,21389605,0.01384629,0.21958680,0
1505483971,21389599,0.01384629,0.25630460,0
1505483968,21389589,0.01384630,0.29950179,0
1505483967,21389585,0.01384629,0.34917877,0
1505483964,21389576,0.01384629,0.40677468,0
1505483961,21389569,0.01384630,0.47445115,0
1505483958,21389558,0.01384631,0.55436449,0
1505483956,21389549,0.01384631,0.64663842,0
1505483953,21389539,0.01384630,0.75477139,0
1505483951,21389534,0.01384633,0.88092707,0
1505483948,21389530,0.01384633,1.02593689,0
1505483945,21389519,0.01384633,1.09166845,0
1505483945,21389518,0.01384632,0.00017046,0
1505483944,21389514,0.01384632,14.59982954,0
1505483926,21389472,0.01384608,2.53456900,0
1505483923,21389461,0.01366423,3.08862000,0
1505483915,21389426,0.01370000,0.90000000,1
1505483911,21389422,0.01370017,1.00000000,0
1505483887,21389345,0.01368148,0.15454522,0
1505483884,21389332,0.01368148,1.00000000,0
1505483868,21389277,0.01366431,0.46715900,0
1505483867,21389275,0.01368000,0.90000000,1
1505483867,21389274,0.01368007,7.27474348,1
1505483860,21389240,0.01366424,3.34296188,1
1505483843,21389158,0.01375000,0.90000000,1
1505483841,21389148,0.01384729,12.48000000,0
1505483834,21389114,0.01377988,0.31532669,1
1505483833,21389112,0.01377988,10.58671035,1
1505483833,21389111,0.01384724,10.00000000,0
1505483827,21389084,0.01377988,32.65815100,1
1505483825,21389065,0.01377988,1.27079400,1
1505483825,21389063,0.01377988,3.16901796,1
1505483825,21389059,0.01377989,6.14689811,1
1505483818,21389029,0.01377991,23.61537400,1
1505483806,21388978,0.01384735,0.16432037,1
1505483793,21388908,0.01384735,1.10647414,1
1505483779,21388839,0.01377989,1.28249645,0
1505483776,21388825,0.01377989,1.78360114,0
1505483773,21388809,0.01377991,2.00000000,0
1505483766,21388764,0.01377985,2.00000000,0
1505483763,21388752,0.01377986,2.00000000,0
1505483760,21388737,0.01377992,2.00000000,0
1505483758,21388728,0.01377988,2.00000000,0
1505483756,21388719,0.01377989,2.00000000,0
1505483754,21388705,0.01377991,2.00000000,0
1505483751,21388688,0.01377992,0.89353600,0
1505483751,21388687,0.01375592,1.10646400,0
1505483749,21388677,0.01375592,48.42020162,1
1505483748,21388674,0.01375592,2.33045249,0
1505483736,21388622,0.01371998,0.90000000,1
1505483733,21388605,0.01372000,0.66596143,0
1505483732,21388600,0.01371998,0.10000000,1
1505483731,21388598,0.01372000,0.90000000,1
1505483716,21388555,0.01375592,2.82136951,0
1505483716,21388554,0.01375592,6.64986421,0
1505483692,21388483,0.01372998,0.14743469,0
1505483688,21388467,0.01373000,0.90000000,0
1505483688,21388464,0.01374997,4.11000000,0
1505483685,21388456,0.01375000,6.56167030,1
1505483685,21388454,0.01375000,1.14593899,1
1505483685,21388452,0.01375329,0.93505392,1
1505483685,21388450,0.01375592,44.78712844,1
1505483683,21388442,0.01375592,2.21293800,1
1505483682,21388435,0.01375592,1.62000000,1
1505483680,21388426,0.01375592,6.62400000,1
1505483674,21388388,0.01375592,11.22412018,1
1505483673,21388385,0.01375596,4.34110382,1
1505483671,21388373,0.01375596,5.77056629,1
1505483671,21388372,0.01379003,0.00000371,1
1505483665,21388352,0.01379003,0.72191000,1
1505483665,21388351,0.01379004,0.20000000,1
1505483665,21388347,0.01389973,4.19950227,0
1505483665,21388344,0.01389921,7.50137486,0
1505483662,21388335,0.01389922,1.00000000,0
1505483621,21388232,0.01375596,1.18697700,1
1505483621,21388231,0.01380992,0.23962000,1
1505483621,21388230,0.01384732,2.00000000,1
1505483616,21388215,0.01384733,2.00000000,1
1505483602,21388195,0.01389955,0.45418279,0
1505483602,21388194,0.01379003,21.59790721,0
1505483590,21388165,0.01379003,0.72191371,0
1505483590,21388155,0.01375592,4.54480400,1
1505483584,21388130,0.01375592,3.17528000,1
1505483582,21388115,0.01379015,6.98339000,0
1505483582,21388114,0.01376110,7.61661000,0
1505483575,21388083,0.01375592,25.81172938,1
1505483575,21388082,0.01375593,54.68858666,1
1505483575,21388081,0.01379000,0.90000000,1
1505483573,21388067,0.01379015,6.54450262,1
1505483547,21387984,0.01379530,0.90000000,0
1505483540,21387959,0.01379530,9.68703305,0
1505483534,21387939,0.01402000,102.29538587,0
1505483534,21387937,0.01401000,9.00000000,0
1505483533,21387936,0.01390000,26.84977000,0
1505483533,21387935,0.01390000,54.12175323,1
1505483533,21387933,0.01389970,31.55550660,1
1505483532,21387928,0.01379530,5.13360459,0
1505483528,21387912,0.01379530,4.96769441,0
1505483526,21387905,0.01379530,2.36620100,0
1505483509,21387822,0.01382000,52.98495677,1
1505483509,21387821,0.01382003,5.51906323,1
1505483495,21387762,0.01392011,1.43741400,1
1505483467,21387605,0.01400988,1.39420523,0
1505483413,21387411,0.01392000,5.41884625,1
1505483413,21387409,0.01392001,0.71115375,1
1505483407,21387388,0.01392007,14.60000000,1
1505483406,21387385,0.01398765,4.07000000,0
1505483383,21387239,0.01391001,18.46724577,1
1505483383,21387237,0.01391002,4.12175323,1
1505483374,21387188,0.01392004,8.91524400,1
1505483371,21387162,0.01398762,29.07751600,0
1505483365,21387133,0.01392000,8.60361000,1
1505483362,21387111,0.01392000,45.49000000,1
1505483344,21386894,0.01387001,48.99000000,1
1505483338,21386866,0.01394173,1.00000000,0
1505483332,21386849,0.01391000,50.00000000,1
1505483323,21386807,0.01392001,50.00000000,1
1505483318,21386789,0.01394173,1.00000000,0
1505483292,21386711,0.01394173,1.00000000,0
1505483291,21386709,0.01391000,0.46923497,1
1505483291,21386708,0.01392870,1.12431072,1
1505483288,21386702,0.01390502,6.02846928,0
1505483287,21386693,0.01390502,43.86660000,0
1505483287,21386691,0.01390502,11.66469600,0
1505483286,21386689,0.01390502,6.25556000,0
1505483283,21386677,0.01390502,8.26555671,0
1505483282,21386670,0.01390502,14.40826801,0
1505483282,21386669,0.01390000,1.22728800,0
1505483281,21386667,0.01387000,1.15696641,1
1505483278,21386640,0.01387000,13.35461200,1
1505483270,21386600,0.01386001,1.07267718,1
1505483265,21386562,0.01386001,49.00000000,1
1505483265,21386560,0.01389000,1.00000000,1
1505483255,21386513,0.01386001,50.00000000,1
1505483248,21386461,0.01387001,17.07149300,1
1505483247,21386457,0.01385001,20.87953715,1
1505483246,21386439,0.01387000,21.36966472,1
1505483245,21386434,0.01387000,50.00000000,1
1505483237,21386394,0.01385347,1.00000000,0
1505483229,21386350,0.01376001,49.54000000,1
1505483225,21386326,0.01376001,30.03719700,1
1505483218,21386290,0.01380750,0.40323004,0
1505483217,21386289,0.01380750,0.66332283,0
1505483217,21386285,0.01374311,41.01108388,1
1505483217,21386284,0.01374312,7.27259100,1
1505483217,21386283,0.01375000,1.64977212,1
1505483216,21386282,0.01380748,0.06655300,1
1505483216,21386279,0.01380091,1.00000000,0
1505483211,21386252,0.01375000,3.58371252,0
1505483211,21386250,0.01375000,2.97796727,0
1505483209,21386247,0.01374956,7.41378400,0
1505483200,21386203,0.01371099,0.76740112,0
1505483199,21386195,0.01371099,5.61479000,0
1505483198,21386193,0.01371099,11.05830160,0
1505483195,21386179,0.01371099,4.94245000,0
1505483193,21386171,0.01361000,17.01713300,1
1505483193,21386169,0.01361003,14.54286700,1
1505483190,21386164,0.01371099,17.47135400,0
1505483188,21386141,0.01371099,22.38294300,0
1505483187,21386138,0.01371096,14.54286700,0
1505483183,21386112,0.01357009,18.44449340,1
1505483183,21386110,0.01357012,31.55550660,1
1505483179,21386086,0.01371061,31.55550660,0
1505483170,21386047,0.01357005,50.00000000,1
1505483145,21385959,0.01357001,26.85000000,1
1505483113,21385802,0.01356000,0.00000028,0
1505483112,21385799,0.01356000,1.19830772,0
1505483112,21385795,0.01356000,0.00015528,0
1505483109,21385747,0.01346000,11.22875169,1
1505483109,21385745,0.01346001,38.77124831,1
1505483106,21385696,0.01356000,1.19830848,0
1505483099,21385636,0.01356002,31.56000000,1
1505483098,21385621,0.01360470,10.00000000,0
1505483096,21385618,0.01356000,18.58753325,1
1505483095,21385607,0.01356000,1.15780000,1
1505483090,21385564,0.01356000,29.24273159,1
1505483090,21385560,0.01356001,1.15696641,1
1505483090,21385556,0.01358062,1.16030200,1
1505483084,21385493,0.01360468,0.83166811,1
1505483082,21385475,0.01360468,22.97200859,0
1505483082,21385472,0.01359990,1.15696641,0
1505483079,21385429,0.01359990,3.60847800,0
1505483079,21385427,0.01358062,1.16030200,0
