date,tid,price,amount,type
1505519623,21516962,43.79,3.50536652,1
1505519584,21516936,44.04,3.46894564,0
1505519126,21516479,43.72,2.01215000,0
1505518922,21516307,43.97,8.31138958,1
1505518921,21516306,43.97,18.06000000,0
1505518441,21515803,43.14,10.12045275,1
1505518428,21515793,43.64,3.50767798,0
1505518428,21515792,43.64,2.70000000,0
1505518428,21515791,43.64,0.00006344,0
1505518428,21515790,43.63,3.56727864,0
1505518209,21515428,43.54,3.51736009,0
1505518209,21515425,43.54,2.43603291,0
1505518208,21515421,43.20,0.07184967,0
1505518082,21515272,43.20,1.62822415,0
1505518082,21515271,43.19,0.07184967,0
1505518080,21515266,43.19,3.09377170,0
1505518079,21515257,43.19,0.40000000,0
1505518072,21515243,43.20,0.20000000,0
1505518064,21515233,43.20,0.20000000,0
1505518064,21515232,43.05,0.70000000,1
1505518064,21515231,43.05,0.30000000,1
1505518061,21515218,43.20,1.15646000,0
1505518058,21515216,43.20,0.30000000,0
1505518058,21515214,43.03,3.56727864,1
1505518050,21515204,43.13,0.04159253,0
1505518050,21515203,43.08,2.39054007,0
1505518049,21515202,43.08,1.17259806,0
1505518019,21515051,43.43,0.00484279,1
1505518018,21515049,43.44,3.51741521,1
1505518018,21515045,43.46,3.26044626,1
1505518018,21515043,43.46,0.26019515,1
1505518017,21515039,43.46,0.00000079,1
1505518017,21515036,43.49,3.51741521,1
1505518009,21514976,43.50,2.82883011,1
1505518009,21514972,43.50,0.20000000,1
1505518008,21514970,43.50,0.48858489,1
1505517986,21514838,43.60,3.26044626,0
1505517986,21514837,43.58,0.26014640,0
1505517982,21514826,43.60,0.26019594,0
1505517982,21514824,43.59,3.26214406,0
1505517980,21514814,43.59,0.01039933,1
1505517980,21514812,43.59,0.03314401,1
1505517980,21514811,43.59,0.22310000,1
1505517980,21514810,43.59,3.51097895,1
1505517980,21514809,43.59,2.25393207,1
1505517980,21514808,43.59,1.00000000,1
1505517980,21514806,43.59,0.23692765,1
1505517980,21514805,43.59,3.26204659,1
1505517975,21514778,43.60,3.50775620,1
1505517973,21514772,43.60,20.52227577,1
1505517973,21514771,43.63,0.26646474,1
1505517973,21514769,43.63,0.00000020,1
1505517973,21514767,43.63,2.73001100,1
1505517972,21514763,43.63,0.51129371,1
1505517972,21514755,43.64,84.18233780,1
1505517957,21514713,43.64,3.51741521,1
1505517949,21514695,43.64,7.52024699,1
1505517949,21514694,43.64,0.02077020,1
1505517936,21514655,44.17,2.78831786,0
1505517936,21514654,43.80,2.87000000,0
1505517936,21514652,43.77,0.02077020,0
1505517935,21514651,43.76,0.26646474,0
1505517935,21514650,43.74,0.01039933,0
1505517933,21514647,43.73,0.03314401,0
1505517898,21514609,43.64,3.51741521,1
1505517894,21514603,43.64,2.82883032,0
1505517893,21514600,43.64,0.20000000,0
1505517891,21514598,43.64,2.99761315,1
1505517891,21514597,43.64,0.01038510,1
1505517891,21514596,43.64,0.02137373,1
1505517891,21514595,43.64,3.47520940,1
1505517891,21514594,43.64,0.00000001,1
1505517890,21514591,43.69,0.48854396,1
1505517887,21514583,43.70,3.50627137,1
1505517885,21514574,43.72,0.11402105,1
1505517829,21514514,43.73,0.22310000,0
1505517828,21514512,43.72,3.51097895,1
1505517796,21514437,43.82,2.99224076,1
1505517793,21514424,43.85,0.00007457,1
1505517786,21514412,43.85,3.48776910,1
1505517786,21514411,43.85,73.52568564,1
1505517752,21514308,43.85,3.84424151,1
1505517744,21514284,43.85,0.33473362,1
1505517740,21514271,43.85,10.75313646,1
1505517740,21514269,43.90,0.00003854,1
1505517735,21514243,43.90,5.48200433,1
1505517710,21514164,43.90,3.49658314,1
1505517665,21514007,43.90,0.02137373,0
1505517665,21514004,43.87,0.00000026,0
1505517636,21513878,43.87,40.13029200,0
1505517634,21513866,43.87,34.05252037,1
1505517634,21513865,43.87,39.81710354,1
1505517632,21513855,43.87,0.31310000,1
1505517623,21513825,43.87,3.49897424,1
1505517608,21513791,43.95,0.00073036,1
1505517607,21513786,43.96,3.48072562,1
1505517598,21513740,43.97,1.52502434,1
1505517588,21513711,43.97,2.00933598,1
1505517587,21513705,43.97,3.48066402,1
1505517584,21513691,43.97,5.48976695,1
1505517584,21513688,43.98,0.00024329,1
1505517576,21513656,43.98,15.51575671,1
1505517403,21513199,44.01,3.48784367,1
1505517192,21512942,44.09,3.48151508,1
1505517187,21512935,44.09,2.42310087,1
1505517187,21512934,44.09,0.00609676,1
1505517187,21512933,44.09,3.46439837,1
1505517170,21512885,44.10,3.47049500,1
1505517161,21512833,44.32,1.89523267,0
1505517159,21512824,44.21,0.20749865,0
1505517149,21512789,44.21,0.00000135,1
1505517144,21512766,44.21,4.12999865,1
1505517140,21512759,44.21,3.87000000,1
1505517116,21512659,44.20,4.13000000,1
1505517102,21512624,44.10,3.48072562,1
1505517094,21512606,44.19,1.91101800,1
1505517089,21512598,44.19,1.11949100,1
1505517071,21512576,44.17,3.47520940,0
1505517063,21512553,44.17,0.00000028,1
1505517063,21512552,44.17,3.31958972,1
1505517063,21512551,44.17,0.15012094,1
1505517062,21512550,44.17,1.50341300,1
1505517062,21512549,44.17,0.54955700,1
1505517062,21512548,44.17,1.41123000,1
1505517062,21512547,44.17,0.00002900,1
1505517062,21512546,44.18,0.53997306,1
1505517024,21512422,44.18,3.46002694,1
1505517023,21512419,44.23,0.20000000,1
1505516944,21512252,44.39,14.78027214,1
1505516942,21512246,44.44,3.64000000,1
1505516940,21512235,44.33,0.00001691,0
1505516940,21512234,44.31,0.00000029,0
1505516939,21512232,44.30,3.46971066,0
1505516931,21512186,44.31,1.50341300,0
1505516929,21512175,44.31,0.54955700,0
1505516928,21512166,44.23,0.00609676,0
1505516926,21512153,44.31,1.41123000,0
1505516922,21512141,44.31,3.45813564,1
1505516922,21512139,44.33,3.44866322,1
1505516919,21512124,44.39,21.47118705,1
1505516918,21512117,44.39,35.37740515,1
1505516918,21512116,44.43,0.20000000,1
1505516918,21512114,44.49,3.43323641,1
1505516918,21512113,44.51,3.58000000,1
1505516918,21512111,44.51,1.56095498,1
1505516917,21512104,44.51,0.97904502,1
1505516917,21512102,44.51,5.93633769,1
1505516916,21512100,44.51,2.54366231,1
1505516916,21512099,44.51,3.44000000,1
1505516916,21512098,44.51,3.58301417,1
1505516915,21512089,44.51,2.54391400,1
1505516914,21512082,44.51,4.93307183,1
1505516914,21512079,44.51,3.53677495,1
1505516894,21512044,44.51,3.44866322,1
1505516889,21512015,44.51,11.06456183,1
1505516889,21512014,44.59,0.00000017,1
1505516874,21511977,44.60,4.47991615,1
1505516872,21511965,44.60,4.65000000,1
1505516624,21511586,44.59,3.43805886,1
1505516624,21511585,44.60,15.85835414,1
1505516594,21511550,44.70,0.01115000,1
1505516584,21511533,44.70,2.21885000,1
1505516580,21511530,44.71,2.92820376,1
1505516564,21511512,44.71,3.43323641,1
1505516558,21511504,45.48,22.21979431,1
1505516558,21511503,45.10,18.06000000,0
1505516558,21511502,45.10,2.64000000,0
1505516558,21511500,45.09,3.66000000,1
1505516556,21511497,44.74,3.42020541,1
1505516556,21511495,44.74,0.00000028,0
1505516555,21511494,44.74,3.42023172,1
1505516441,21511329,45.03,6.19994204,1
1505516441,21511327,45.03,31.22000000,1
1505516436,21511310,45.03,6.78993184,1
1505516436,21511309,45.03,1.33376326,1
1505516430,21511295,45.03,24.78782479,1
1505516426,21511287,45.04,36.86573234,1
1505516426,21511286,45.04,26.12159272,1
1505516424,21511284,45.03,8.04841195,0
1505516413,21511271,45.29,1.89401634,0
1505516216,21511010,45.56,43.14000000,0
1505516216,21511009,45.21,1.34000000,0
1505516213,21511001,45.56,68.54291980,1
1505516213,21510999,45.56,1.68927557,1
1505516212,21510996,45.56,28.57780463,1
1505516211,21510995,45.56,1.19000000,0
1505516188,21510946,44.87,3.87301753,1
1505516187,21510945,44.88,0.64976328,1
1505516187,21510944,44.91,0.58324024,1
1505516187,21510943,44.92,5.41999500,1
1505516187,21510942,44.92,20.27385695,1
1505516185,21510935,45.99,34.40941010,1
1505516185,21510934,45.99,3.43805903,1
1505516185,21510933,45.46,2.71000000,0
1505516185,21510932,45.26,3.39726087,0
1505516185,21510931,45.20,1.08000000,0
1505516185,21510930,45.19,19.02600000,0
1505516184,21510929,44.98,0.00189000,0
1505516177,21510913,45.00,33.99769305,0
1505516176,21510905,45.00,20.99610900,0
1505516175,21510901,44.99,5.42000000,0
1505516166,21510878,44.88,3.42023172,1
1505516078,21510773,44.99,2.65999500,0
1505516060,21510738,45.00,0.66410000,0
1505516059,21510733,45.00,1.67416760,0
1505516057,21510715,44.99,4.07000000,0
1505516022,21510600,44.72,3.43805903,1
1505515525,21510186,44.93,0.19999567,0
1505515479,21510157,44.95,0.13303671,0
1505515371,21510046,44.99,1.99965500,0
1505515346,21510029,44.99,0.67219166,0
1505515332,21510023,44.99,1.60023000,0
1505515317,21510004,44.78,0.00000433,1
1505515316,21510003,44.90,0.00010567,1
1505515316,21510002,44.96,0.20000000,1
1505515256,21509923,44.90,1.98074433,1
1505515108,21509792,44.84,1.20018514,0
1505515108,21509791,44.83,12.61981486,0
1505515106,21509789,44.78,1.18000000,0
1505515096,21509786,44.78,18.06000000,1
1505515095,21509785,44.78,1.22000000,0
1505515095,21509784,44.75,18.06000000,0
1505514945,21509604,44.71,2.07000000,1
1505514944,21509599,44.71,2.07000000,1
1505514941,21509595,44.70,2.07000000,0
1505514940,21509593,44.69,2.07000000,0
1505514939,21509591,44.69,2.07000000,0
1505514938,21509587,44.34,1.95000000,1
1505514901,21509558,44.73,18.05000000,0
1505514900,21509557,44.73,14.02000000,0
1505514900,21509556,44.72,0.67000000,0
1505514900,21509555,44.72,3.36000000,0
1505514835,21509457,44.31,1.21724717,0
1505514833,21509455,44.40,1.00000029,1
1505514821,21509438,44.40,2.90681700,1
1505514821,21509436,44.44,1.00000000,1
1505514815,21509420,44.84,8.56355193,1
1505514815,21509419,44.84,4.97089995,1
1505514815,21509416,44.84,1.30000000,1
1505514814,21509414,44.77,6.49000000,0
1505514814,21509412,44.72,2.68000000,0
1505514814,21509411,44.46,3.45816464,0
1505514699,21509233,44.38,3.46439837,1
1505514699,21509230,44.38,0.25974000,1
1505514694,21509221,44.74,0.22310000,1
1505514632,21509101,44.19,38.18123294,0
1505514632,21509100,44.19,31.67589500,0
1505514632,21509099,44.19,10.71870300,0
1505514632,21509097,44.19,17.83682400,0
1505514632,21509096,44.19,33.67866400,0
1505514631,21509095,44.18,0.02343474,0
1505514630,21509092,44.18,1.22656526,0
1505514628,21509083,44.19,9.32074196,0
1505514625,21509073,44.19,4.69043448,0
1505514624,21509070,44.19,5.99886852,0
1505514623,21509068,44.19,3.01131842,0
1505514623,21509066,44.18,0.01810000,0
1505514620,21509055,44.18,3.60190000,0
1505514615,21509046,44.19,1.44169721,0
1505514615,21509043,44.18,19.19011994,0
1505514615,21509041,44.18,6.86988006,0
1505514613,21509025,44.19,1.24055216,0
1505514611,21509020,44.19,1.87145300,0
1505514611,21509016,44.19,2.63770328,0
1505514610,21509009,44.19,4.66487917,0
1505514609,21509007,44.19,2.23854700,0
1505514609,21509001,44.19,4.67237169,0
1505514606,21508996,44.19,28.70667000,0
1505514606,21508993,44.19,5.01261000,0
1505514606,21508989,44.18,0.02780000,0
1505514605,21508985,44.18,5.53220000,0
1505514602,21508969,44.19,17.39963792,0
1505514601,21508968,44.19,15.56180100,0
1505514600,21508958,44.19,18.39116100,0
1505514599,21508955,44.19,7.18756000,0
1505514599,21508953,44.19,24.40437700,0
1505514597,21508946,44.19,134.61867600,0
1505514595,21508942,44.19,4.20941300,0
1505514593,21508937,44.19,13.60410000,0
1505514590,21508934,44.19,1.39424867,0
1505514590,21508933,44.18,8.53000000,0
1505514590,21508932,44.18,4.75578633,0
1505514571,21508885,44.18,3.46503733,0
1505514553,21508815,43.87,1.00000000,0
1505514540,21508786,43.85,3.50627137,1
1505514538,21508780,43.85,8.03593140,1
1505514538,21508779,43.86,3.49193731,1
1505514537,21508777,43.89,3.49193731,1
1505514537,21508775,43.89,0.02129233,1
1505514537,21508774,43.89,3.47143824,1
1505514537,21508773,43.99,3.48639455,1
1505514535,21508763,44.00,24.73119886,1
1505514535,21508762,44.00,2.50000000,1
1505514535,21508761,44.00,11.00000000,1
1505514524,21508684,44.19,0.43000000,0
1505514515,21508618,44.19,24.54835000,0
1505514515,21508616,44.19,6.03137900,0
1505514512,21508601,44.19,8.14734300,0
1505514512,21508599,44.19,1.85428200,0
1505514512,21508598,44.19,0.43000000,0
1505514511,21508594,44.19,2.41000000,0
1505514511,21508593,44.19,10.00000000,0
1505514510,21508585,44.19,4.93500000,0
1505514510,21508584,44.19,1.96053900,0
1505514510,21508583,44.19,177.70000000,0
1505514510,21508581,44.19,2.24095700,0
1505514510,21508580,44.19,29.27821200,0
1505514509,21508577,44.19,9.01877400,0
1505514509,21508575,44.19,36.06054000,0
1505514508,21508574,44.19,130.82556000,0
1505514508,21508573,44.19,21.32698300,0
1505514508,21508571,44.19,2.04195000,0
1505514508,21508570,44.19,3.00000000,0
1505514508,21508569,44.19,3.57266558,0
1505514507,21508567,44.19,0.42733442,0
1505514505,21508553,44.03,3.49193731,1
1505514499,21508527,44.03,3.49193731,1
1505514498,21508520,44.24,3.45272849,1
1505514498,21508518,44.35,3.43575418,1
1505514498,21508516,44.35,0.95418291,1
1505514496,21508511,44.35,1.19473506,1
1505514479,21508394,44.51,23.00000000,1
1505514476,21508377,44.49,1.29530246,1
1505514476,21508376,44.50,0.32469754,1
1505514472,21508345,44.50,65.36535693,1
1505514472,21508344,44.53,11.54727151,1
1505514469,21508337,44.53,3.45272849,1
1505514461,21508313,44.63,0.87499130,1
1505514461,21508311,44.63,2.55616246,1
1505514461,21508310,44.65,2.11000000,1
1505514461,21508309,44.65,10.56000000,1
1505514435,21508195,44.97,7.84215254,1
1505514435,21508193,44.97,3.67818100,1
1505514434,21508191,44.97,2.90496646,1
1505514431,21508172,44.64,1.62000000,1
1505514431,21508165,44.99,16.06850000,0
1505514431,21508163,44.95,2.83000000,0
1505514430,21508155,44.64,3.44422043,1
1505514430,21508154,44.64,15.14393997,1
1505514429,21508151,44.64,5.01358547,1
1505514427,21508142,44.64,1.43419787,1
1505514427,21508140,44.74,0.18580213,1
1505514426,21508135,44.74,1.62000000,1
1505514425,21508126,44.74,1.62000000,1
1505514405,21508005,44.75,4.68990102,1
1505514403,21507986,44.75,4.68485017,1
1505514400,21507963,44.93,0.00185000,0
1505514400,21507962,44.92,2.64000000,0
1505514399,21507957,44.75,3.43575418,1
1505514399,21507953,44.75,2.17300260,1
1505514397,21507935,44.75,21.91614190,1
1505514396,21507928,44.76,45.58987891,1
1505514392,21507900,44.86,0.22220881,1
1505514388,21507877,44.88,3.41514882,1
1505514382,21507849,45.04,0.00180000,1
1505514375,21507808,45.05,51.50851499,1
1505514366,21507790,44.97,2.57000000,0
1505514360,21507774,44.89,3.42580213,1
1505514353,21507757,44.93,3.06793000,0
1505514353,21507756,44.93,11.96012000,0
1505514353,21507755,44.92,43.40000000,0
1505514351,21507751,44.93,0.00000561,1
1505514351,21507750,44.93,2.31941000,1
1505514351,21507749,44.93,0.88590000,1
1505514351,21507748,44.94,0.93618644,1
1505514344,21507712,45.05,1.66682696,0
1505514344,21507710,45.00,0.43700304,0
1505514343,21507706,44.93,14.89460000,0
1505514342,21507701,44.97,2.10540000,0
1505514337,21507687,44.93,0.20000000,1
1505514333,21507674,45.00,2.52944119,1
1505514332,21507671,45.00,0.43697469,1
1505514314,21507605,45.01,8.00000000,1
1505514304,21507564,45.02,2.50000000,1
1505514287,21507500,45.14,3.02174000,0
1505514264,21507442,45.06,2.65123000,0
1505514248,21507413,45.04,3.39726087,0
1505514226,21507316,45.02,3.41514882,1
1505514224,21507311,45.18,15.02535675,0
1505514224,21507308,45.18,2.76000000,0
1505514224,21507306,45.17,7.79997388,0
1505514224,21507305,45.16,2.00991608,0
1505514224,21507304,45.14,0.00000029,0
1505514219,21507275,45.14,0.16641971,1
1505514203,21507251,45.17,0.20000000,1
1505514202,21507250,45.17,8.00000000,1
1505514165,21507173,45.18,2.55000000,1
1505514165,21507172,45.18,12.75000000,1
1505514080,21507088,45.64,9.76380368,0
1505514079,21507087,45.49,0.35664907,0
1505514025,21507026,45.23,1.69127430,1
1505514016,21507019,45.44,2.99156000,0
1505513983,21506972,45.52,2.00023000,0
1505513982,21506970,45.53,3.26242000,0
1505513959,21506933,45.51,2.37456000,1
1505513955,21506926,45.40,2.37492899,0
1505513955,21506925,45.40,1.02242000,0
1505513943,21506904,45.38,2.73000000,0
1505513935,21506883,45.40,0.00183000,0
1505513935,21506881,45.39,2.61000000,0
1505513904,21506784,45.40,0.00337101,0
1505513904,21506781,45.39,1.43734600,0
1505513904,21506780,45.39,3.38434299,0
1505513886,21506723,45.38,3.77038339,0
1505513886,21506722,45.15,0.00000561,0
1505513884,21506705,45.15,2.31941000,0
1505513880,21506683,45.15,1.08590000,0
1505513877,21506667,45.40,9.99761900,0
1505513877,21506666,45.14,3.22612221,1
1505513877,21506664,45.20,3.38955026,1
1505513877,21506662,45.22,0.01039732,1
1505513877,21506661,45.22,3.37393021,1
1505513876,21506658,45.40,0.00238100,0
1505513876,21506657,45.39,3.40016900,0
1505513867,21506593,45.39,2.30811000,0
1505513865,21506587,45.39,4.27899808,0
1505513865,21506586,45.32,3.39254192,0
1505513862,21506561,45.31,3.22318819,0
1505513862,21506557,45.31,3.38060686,1
1505513861,21506555,45.31,3.22339535,1
1505513861,21506553,45.31,3.22339535,1
1505513861,21506548,45.31,3.22339535,1
1505513838,21506438,45.34,10.75355868,0
1505513838,21506437,45.35,38.63000000,0
1505513838,21506436,45.36,0.61644132,1
1505513834,21506425,45.37,3.38955026,1
1505513832,21506422,45.67,0.20325841,1
1505513831,21506416,45.67,1.96355427,1
1505513830,21506413,45.58,0.13885000,0
1505513830,21506412,45.43,0.01039732,0
1505513827,21506402,45.55,3.41422501,1
1505513827,21506401,45.55,5.97848699,1
1505513826,21506399,45.55,1.94369100,1
1505513826,21506398,45.55,0.36667800,0
1505513826,21506397,45.55,2.99332200,0
1505513824,21506389,45.55,3.36359658,1
1505513823,21506387,45.57,0.36407642,1
1505513823,21506386,45.58,17.69592358,1
1505513822,21506381,45.58,4.51207642,1
1505513781,21506238,45.71,38.72380709,1
1505513776,21506227,45.66,5.23616700,1
1505513776,21506226,45.66,48.43796700,1
1505513747,21506188,45.67,4.32493000,0
1505513736,21506183,45.67,18.06000000,1
1505513569,21506013,45.95,0.01437962,0
1505513569,21506012,45.94,17.72260386,0
1505513569,21506011,45.94,2.85511652,0
1505513473,21505819,45.68,8.60734800,1
1505513454,21505777,45.69,17.72260386,1
1505513449,21505768,45.68,2.33690850,1
1505513449,21505767,45.68,0.52736449,1
1505513446,21505759,45.68,17.52263551,1
1505513446,21505757,45.71,0.20000000,1
1505513377,21505492,45.91,34.87998236,1
1505513373,21505475,45.91,37.81273297,1
1505513368,21505466,45.91,0.73724393,1
1505513351,21505417,46.01,18.05000000,1
1505513285,21505237,46.17,7.38060000,0
1505513285,21505236,46.17,5.06000000,0
1505513255,21505201,46.18,2.51463000,0
1505513255,21505200,46.17,6.02000000,0
1505513254,21505197,46.16,14.30960000,0
1505513247,21505186,46.16,8.55111000,0
1505513222,21505155,45.99,0.00005633,0
1505513221,21505151,45.99,18.05000000,1
1505513220,21505147,46.16,0.18076527,1
1505513219,21505144,46.16,2.16463473,1
1505513179,21505088,46.00,7.50000000,1
1505513153,21505052,46.16,2.80000000,0
1505513147,21505049,46.17,2.86000000,0
1505513145,21505040,46.18,3.91857947,0
1505513142,21505026,46.18,17.67106972,0
1505513126,21505008,46.18,5.25672083,0
1505513118,21505004,46.17,4.02120000,0
1505513084,21504956,46.19,3.52308000,0
1505513065,21504927,46.19,7.50321000,0
1505513062,21504924,46.19,0.00594000,0
1505513062,21504923,46.18,8.49000000,0
1505513054,21504913,46.18,9.05266000,0
1505513041,21504896,46.18,1.75000000,0
1505513034,21504886,46.18,2.00000000,0
1505513032,21504884,46.18,1.35351000,0
1505513025,21504875,46.18,1.00000000,0
1505513002,21504855,46.08,0.35660010,1
1505513002,21504854,46.10,0.19164576,1
1505513002,21504853,46.18,4.32005197,0
1505512988,21504818,46.18,1.09916000,0
1505512980,21504795,46.10,2.01535424,1
1505512980,21504793,46.10,2.23464576,1
1505512977,21504784,46.18,1.65874000,0
1505512963,21504767,46.18,4.10810000,0
1505512945,21504759,46.18,3.26260000,0
1505512935,21504753,46.18,4.00756000,0
1505512931,21504752,46.18,0.28323558,0
1505512929,21504749,46.18,3.37886000,0
1505512813,21504606,46.10,6.52114057,1
1505512752,21504520,46.20,0.00004397,1
1505512750,21504517,46.20,8.70519459,1
1505512735,21504502,46.20,6.47843600,1
1505512719,21504487,46.23,1.82017000,0
1505512712,21504423,46.20,1.52000000,1
1505512693,21504377,46.20,3.36308744,1
1505512692,21504374,46.20,151.94200000,1
1505512692,21504373,46.21,2.62000000,1
1505512680,21504362,46.21,20.05574400,0
1505512679,21504361,46.21,15.25067600,1
1505512679,21504360,46.22,9.05023000,1
1505512676,21504359,46.22,2.00000000,0
1505512676,21504358,46.22,12.91000000,0
1505512676,21504357,46.22,3.14977000,0
1505512668,21504349,46.22,2.00023000,0
1505512629,21504316,46.22,12.91000000,1
1505512628,21504314,46.22,18.06000000,1
1505512604,21504279,46.22,12.36868100,1
1505512600,21504273,46.22,18.29131900,1
1505512594,21504268,46.22,1.26000000,0
1505512593,21504266,46.21,5.43459700,1
1505512585,21504258,46.20,44.63000000,1
1505512584,21504257,46.20,21.27123800,1
1505512583,21504256,46.20,5.80000000,1
1505512583,21504255,46.21,0.49000000,1
1505512582,21504254,46.16,6.29000000,0
1505512432,21504084,46.04,1.99584179,1
1505512423,21504071,46.06,3.36308744,1
1505512422,21504069,46.09,24.46691256,1
1505512421,21504066,46.09,8.00000000,0
1505512378,21504039,46.05,3.64311000,1
1505512351,21504021,46.05,4.12713200,1
1505512338,21503980,46.04,49.99992682,1
1505512336,21503977,46.04,5.44303200,1
1505512326,21503964,46.04,2.08796699,1
1505512325,21503963,46.04,13.55068965,0
1505512325,21503962,46.04,3.55894617,0
1505512325,21503961,46.03,3.36359658,0
1505512316,21503940,45.71,3.36359658,0
1505512316,21503937,46.04,3.32593633,0
1505512294,21503906,46.01,3.00023000,0
1505512165,21503706,45.87,0.72867149,0
1505512165,21503705,45.86,2.44916175,0
1505512163,21503701,45.68,8.41567348,0
1505512051,21503325,45.64,0.48841961,0
1505512051,21503323,45.64,16.00641851,0
1505512051,21503322,45.64,15.00000000,0
1505512023,21503246,45.75,2.66000000,0
1505512013,21503210,45.66,0.90630749,0
1505512005,21503141,45.48,3.38060686,1
1505512003,21503137,45.44,11.45707000,1
1505512003,21503133,45.44,11.34886265,1
1505512002,21503131,45.48,18.05000000,1
1505512002,21503129,45.48,0.01691461,1
1505512002,21503126,45.48,3.35331774,1
1505511993,21503090,45.77,5.26152501,0
1505511993,21503089,45.75,3.32604439,0
1505511991,21503087,45.68,1.66000000,0
1505511991,21503085,45.68,0.90000000,0
1505511981,21503061,45.49,6.00000000,1
1505511980,21503060,45.73,0.90415241,0
1505511980,21503058,45.73,2.42184759,0
1505511979,21503054,45.57,3.37393021,1
1505511979,21503053,45.57,1.58740800,1
1505511978,21503047,45.73,0.93000000,0
1505511977,21503036,45.62,0.91008539,1
1505511976,21503033,45.62,0.01691461,0
1505511972,21503013,45.62,0.00660358,1
1505511972,21503010,45.71,0.01093476,1
1505511972,21503006,45.71,3.34239130,1
1505511969,21502997,45.73,0.01673459,1
1505511968,21502994,45.73,3.33510464,1
1505511967,21502986,45.73,0.00002473,1
1505511964,21502963,45.76,1.67395561,1
1505511953,21502924,45.77,10.91272600,1
1505511935,21502897,45.96,2.64999980,0
1505511935,21502896,45.95,9.77543920,0
1505511914,21502834,45.76,1.00000000,1
1505511913,21502832,45.76,3.35992132,1
1505511909,21502825,45.85,0.01093476,0
1505511908,21502818,45.98,14.69816077,0
1505511908,21502816,45.87,3.35183923,0
1505511898,21502784,46.03,0.00002473,1
1505511896,21502776,46.03,3.32997527,1
1505511896,21502775,46.03,14.70760870,1
1505511890,21502759,46.03,3.34239130,1
1505511888,21502753,45.44,30.49999663,1
1505511888,21502752,45.77,1.00000000,1
1505511888,21502751,45.83,0.02576685,1
1505511888,21502750,45.83,3.33268662,1
1505511888,21502748,45.90,0.87268904,1
1505511888,21502747,45.90,2.46679836,1
1505511888,21502746,45.90,3.33948740,1
1505511887,21502745,45.90,160.00000000,1
1505511887,21502744,45.95,24.87138192,1
1505511887,21502743,45.98,3.90000000,1
1505511887,21502742,45.99,10.18465963,1
1505511887,21502741,46.00,2.20000000,1
1505511887,21502739,46.00,2.00000000,1
1505511887,21502738,46.01,19.48000000,1
1505511887,21502737,46.01,0.50000000,1
1505511886,21502735,46.03,7.00000000,1
1505511886,21502734,46.03,11.04478396,1
1505511884,21502729,46.03,7.00521604,1
1505511699,21502453,46.04,0.87268904,0
1505511681,21502427,46.26,0.84630419,0
1505511623,21502317,46.12,1.55318366,0
1505511604,21502290,46.12,3.15825630,1
1505511603,21502288,46.12,0.00002623,1
1505511602,21502284,46.14,6.88479906,0
1505511601,21502283,46.12,3.15831877,1
1505511600,21502280,46.12,2.35165500,1
1505511598,21502278,46.13,22.02002623,1
1505511598,21502277,46.13,5.50997377,1
1505511597,21502275,46.14,2.35165500,1
1505511563,21502237,46.34,0.00849330,0
1505511562,21502236,46.26,5.12006914,0
1505511562,21502235,46.26,7.00403756,0
1505511510,21502180,46.30,2.04665227,0
1505511506,21502178,46.30,7.47260000,0
1505511505,21502176,46.30,8.10463000,0
1505511452,21502118,46.30,1.01199000,0
1505511419,21502071,46.11,5.18110000,1
1505511418,21502070,46.12,4.80000000,1
1505511398,21502021,46.12,2.35114615,1
1505511344,21501928,46.15,2.00000000,1
1505511340,21501918,46.49,1.85975479,0
1505511333,21501911,46.48,0.43000000,0
1505511314,21501886,46.10,1.95000000,1
1505511314,21501885,46.12,5.05000000,1
1505511294,21501787,46.61,3.28350572,0
1505511293,21501785,46.85,44.82231224,1
1505511293,21501782,46.79,0.11000000,0
1505511293,21501780,46.77,2.72000000,0
1505511292,21501779,46.75,3.50000000,0
1505511292,21501778,46.73,0.30000000,0
1505511292,21501777,46.69,0.11000000,0
1505511291,21501776,46.62,2.85839685,0
1505511291,21501775,46.62,0.44000000,0
1505511291,21501774,46.62,50.00000000,1
1505511291,21501773,46.59,3.30031414,0
1505511291,21501772,46.59,0.11000000,0
1505511290,21501771,46.49,0.05895677,0
1505511290,21501769,46.49,0.87000000,1
1505511290,21501768,46.49,18.38025000,1
1505511290,21501767,46.35,4.36000000,1
1505511289,21501764,46.26,18.06000000,0
1505511189,21501562,46.04,1.00000000,1
1505511076,21501193,46.07,14.00000000,1
1505511075,21501190,46.07,6.00000000,1
1505511071,21501185,46.08,7.00000000,1
1505511044,21501075,46.04,3.33948740,1
1505511040,21501066,46.14,21.17000000,0
1505511040,21501064,46.14,0.46162042,1
1505511039,21501062,46.14,2.85839685,1
1505511036,21501050,46.45,21.05456246,0
1505511033,21501028,46.31,1.53837958,1
1505511027,21500988,46.35,14.20327216,1
1505511026,21500987,46.37,50.00000000,1
1505511020,21500957,46.38,7.85000000,1
1505511020,21500954,46.39,28.15000000,1
1505511018,21500948,46.39,16.34920000,1
1505511010,21500924,46.46,3.22059909,0
1505511010,21500923,46.40,0.47732091,0
1505511008,21500920,46.40,199.52267909,1
1505511006,21500912,46.40,220.39999591,0
1505511006,21500910,46.39,0.26000000,0
1505510997,21500890,46.40,1.93383000,0
1505510991,21500866,46.40,10.01113900,0
1505510989,21500864,46.40,4.77660400,0
1505510989,21500863,46.39,0.31000000,0
1505510985,21500849,46.40,55.77177800,0
1505510982,21500836,46.40,3.04805500,0
1505510980,21500830,46.40,16.95437400,0
1505510979,21500829,46.40,1.04344900,0
1505510974,21500815,46.40,10.43683600,0
1505510974,21500814,46.39,0.37000000,0
1505510969,21500791,46.40,7.30512400,0
1505510961,21500763,46.31,0.46162042,1
1505510960,21500760,46.39,0.44000000,0
1505510955,21500753,46.40,2.43451300,0
1505510950,21500737,46.40,1.86503300,0
1505510949,21500734,46.40,4.82761100,0
1505510949,21500732,46.39,0.64000000,0
1505510947,21500727,46.38,0.20000000,0
1505510926,21500684,46.39,9.33000000,0
1505510926,21500682,46.39,0.76000000,0
1505510920,21500676,46.39,0.49665876,0
1505510911,21500644,46.13,1.23527000,1
1505510872,21500473,46.11,6.53000000,1
1505510863,21500432,46.35,6.53000000,0
1505510863,21500429,46.36,63.15271786,0
1505510858,21500407,46.28,3.30031414,0
1505510855,21500396,46.38,7.17823733,1
1505510855,21500393,46.28,0.32000000,1
1505510852,21500381,46.40,0.02656217,0
1505510852,21500379,46.39,0.11000000,0
1505510852,21500378,46.29,0.11000000,0
1505510852,21500376,46.19,0.11000000,0
1505510852,21500375,46.14,3.33268662,0
1505510852,21500374,46.13,0.50000000,0
1505510852,21500372,46.09,0.11000000,0
1505510852,21500371,46.08,2.48000000,0
1505510852,21500370,46.00,3.62075121,0
1505510848,21500364,46.00,2.40764573,0
1505510843,21500347,45.95,1.00000000,0
1505510788,21500119,45.85,0.23983211,1
1505510783,21500103,45.85,0.23983211,1
1505510778,21500091,45.86,0.23983211,1
1505510777,21500088,45.99,2.86557765,0
1505510777,21500087,45.99,0.02576685,0
1505510775,21500085,45.95,18.06000000,0
1505510772,21500080,45.87,0.23983211,1
1505510767,21500060,45.85,0.23983211,1
1505510762,21500044,45.85,0.23983211,0
1505510743,21499994,46.00,0.93219817,0
1505510743,21499993,45.96,1.40000000,0
1505510742,21499992,45.96,6.99000000,0
1505510742,21499991,45.86,1.17780183,0
1505510727,21499942,45.86,2.17509812,0
1505510724,21499932,45.71,12.11000000,0
1505510721,21499922,45.71,11.17326624,0
1505510720,21499918,45.71,0.94289995,1
1505510719,21499915,45.71,3.35000000,0
1505510719,21499914,45.71,14.70710005,0
1505510692,21499778,45.71,3.35289995,0
1505510691,21499771,45.63,0.20000000,1
1505510688,21499764,45.65,1.00000000,1
1505510688,21499763,45.64,0.20000000,0
1505510687,21499759,46.00,4.25430379,0
1505510687,21499758,46.00,5.00000000,0
1505510687,21499757,45.99,0.11000000,0
1505510687,21499756,45.90,1.99377000,0
1505510687,21499755,45.89,0.11000000,0
1505510687,21499754,45.84,0.05959988,0
1505510686,21499752,45.84,0.14440000,0
1505510686,21499751,45.84,2.83595600,0
1505510686,21499750,45.84,0.20454600,0
1505510686,21499749,45.84,0.11000000,0
1505510686,21499748,45.79,0.11000000,0
1505510686,21499747,45.71,3.36372163,0
1505510686,21499746,45.68,8.98517900,0
1505510686,21499745,45.68,2.40979800,0
1505510684,21499738,45.63,12.46429500,1
1505510683,21499734,45.69,0.05959988,1
1505510682,21499732,45.69,0.14440000,1
1505510680,21499713,45.69,2.83595600,1
1505510679,21499709,45.69,0.20454600,1
1505510677,21499700,45.69,0.11000000,0
1505510677,21499699,45.62,0.20400000,1
1505510672,21499675,45.68,0.24000000,0
1505510670,21499668,45.61,0.57850969,1
1505510669,21499667,45.65,0.63149031,1
1505510669,21499665,45.65,3.36850969,0
1505510664,21499630,45.59,0.11000000,0
1505510659,21499603,45.54,27.03624161,0
1505510658,21499602,45.53,1.76000000,0
1505510652,21499573,45.50,7.52647700,1
1505510652,21499568,45.50,6.71381600,1
1505510650,21499560,45.50,33.38732063,0
1505510646,21499533,45.49,2.00000000,0
1505510644,21499527,45.45,1.82800000,1
1505510642,21499492,45.50,101.43000000,0
1505510642,21499490,45.50,125.57000000,0
1505510638,21499466,45.45,2.84465279,1
1505510638,21499465,45.49,0.14534721,1
1505510637,21499461,45.49,2.09000000,0
1505510637,21499460,45.49,14.99400000,0
1505510636,21499459,45.49,50.77065279,0
1505510633,21499445,45.45,4.55438600,1
1505510627,21499406,45.38,1.61877480,0
1505510593,21499284,45.30,4.00000000,0
1505510592,21499283,45.30,3.21718726,1
1505510591,21499280,45.31,8.01522842,1
1505510545,21499143,45.50,4.43000000,0
1505510545,21499140,45.49,5.14000000,0
1505510545,21499138,45.43,1.03000000,0
1505510517,21499045,45.48,3.36372163,0
1505510515,21499034,45.49,3.85177218,0
1505510515,21499033,45.49,0.12000000,0
1505510515,21499032,45.44,1.26385787,0
1505510515,21499031,45.44,2.00000000,0
1505510515,21499030,45.44,0.12000000,0
1505510514,21499029,45.43,1.83000000,0
1505510514,21499028,45.39,0.12000000,0
1505510514,21499026,45.34,1.17436995,0
1505510514,21499025,45.29,0.12000000,0
1505510423,21498806,45.22,5.15852747,0
1505510423,21498805,45.21,16.00000000,0
1505510423,21498804,45.19,0.12000000,0
1505510422,21498803,45.09,0.12000000,0
1505510233,21498599,45.01,0.75000000,1
1505510207,21498579,45.34,0.87538597,1
1505510207,21498578,45.29,0.12000000,0
1505510205,21498574,45.10,0.00000013,0
1505510171,21498555,44.94,2.23614200,1
1505510096,21498370,45.00,1.04466800,0
1505510096,21498369,45.00,1.49798700,0
1505510096,21498368,45.00,5.60310200,0
1505510093,21498366,45.10,2.23614200,0
1505510055,21498304,45.13,29.81369437,1
1505510055,21498303,45.13,0.55383252,1
1505510025,21498216,45.13,2.50000000,1
1505509976,21498115,45.29,1.26385787,1
1505509965,21498083,45.34,2.21724746,0
1505509961,21498071,45.29,2.00000000,1
1505509942,21498036,45.29,0.12000000,0
1505509940,21498030,45.21,3.40081988,0
1505509939,21498028,45.19,0.12000000,0
1505509873,21497861,45.14,6.67510900,0
1505509868,21497845,45.13,1.85562000,1
1505509821,21497723,45.00,2.21370000,1
1505509821,21497722,45.00,2.00000000,1
1505509821,21497721,45.00,3.78630000,1
1505509812,21497695,45.00,2.00000000,1
1505509798,21497668,45.00,0.14370000,1
1505509798,21497666,45.00,2.10630000,1
1505509786,21497651,45.00,8.00000000,1
1505509779,21497646,45.18,2.00000000,0
1505509778,21497644,45.00,6.00000000,1
1505509778,21497642,45.18,2.00000000,1
1505509770,21497636,45.00,0.19370000,1
1505509759,21497617,44.97,1.75000000,0
1505509745,21497601,45.17,16.00000000,0
1505509738,21497575,44.99,8.00000000,1
1505509738,21497573,45.17,0.65400000,0
1505509738,21497571,45.16,14.09600000,0
1505509729,21497553,45.18,16.00000000,0
1505509706,21497512,45.17,5.29997786,0
1505509694,21497488,45.19,0.99445370,1
1505509692,21497486,45.19,1.17554630,1
1505509692,21497485,45.19,0.00000070,1
1505509690,21497478,45.19,0.20311000,1
1505509689,21497477,45.19,1.17694402,0
1505509688,21497476,45.18,0.98994528,0
1505509688,21497475,45.18,2.37000000,0
1505509686,21497472,45.18,2.37000000,0
1505509686,21497470,45.18,2.37000000,0
1505509685,21497466,45.18,2.25000000,0
1505509685,21497464,45.09,0.12000000,0
1505509684,21497462,45.18,2.37000000,0
1505509682,21497451,45.19,1.17705472,1
1505509681,21497445,45.19,1.19294528,0
1505509680,21497444,45.19,0.28759000,0
1505509680,21497443,45.18,2.08241000,0
1505509679,21497440,44.99,2.31062437,1
1505509679,21497439,45.00,0.50000000,1
1505509648,21497375,44.98,17.00000000,1
1505509642,21497361,45.19,3.39161741,0
1505509631,21497330,45.14,3.39939464,0
1505509571,21497056,44.95,0.00000020,0
1505509548,21496909,44.95,9.85371600,0
1505509547,21496904,44.94,22.41420500,0
1505509543,21496859,44.94,2.58579500,0
1505509543,21496855,44.93,2.63000000,0
1505509524,21496689,44.93,2.00000000,0
1505509476,21496449,44.93,5.36752689,0
1505509475,21496447,44.90,25.00000000,0
1505509410,21496293,44.90,11.40700000,1
1505509389,21496233,44.81,0.87499130,0
1505509382,21496198,44.81,2.55616246,1
1505509379,21496184,44.90,16.51050764,1
1505509379,21496183,44.90,11.99949236,1
1505509379,21496182,44.91,3.39939464,1
1505509378,21496178,44.95,0.84628380,0
1505509377,21496173,44.77,10.00000000,0
1505509376,21496170,45.00,8.98233355,0
1505509376,21496169,45.00,1.84800515,0
1505509376,21496166,45.01,3.40081988,1
1505509375,21496163,45.49,6.56417497,1
1505509375,21496161,45.49,16.87118869,1
1505509375,21496159,45.49,0.70950334,1
1505509374,21496150,45.39,0.12000000,0
1505509374,21496149,45.39,0.12000000,0
1505509374,21496145,45.29,0.12000000,0
1505509374,21496143,45.29,0.12000000,0
1505509374,21496142,45.29,5.95831633,1
1505509373,21496136,45.19,0.12000000,0
1505509373,21496134,45.19,0.12000000,0
1505509373,21496127,45.09,0.12000000,0
1505509373,21496126,45.09,0.12000000,0
1505509373,21496124,45.09,3.41028015,0
1505509372,21496120,45.09,5.12496377,1
1505509372,21496119,45.07,2.61000000,0
1505509372,21496114,45.01,20.00000000,0
1505509372,21496113,45.01,4.55695700,1
1505509371,21496111,45.00,10.00000000,0
1505509371,21496108,44.99,0.12000000,0
1505509371,21496106,44.99,0.12000000,0
1505509370,21496104,44.95,0.60000000,0
1505509370,21496101,44.91,3.42409671,0
1505509370,21496099,44.89,0.12000000,0
1505509369,21496098,44.89,0.12000000,0
1505509369,21496095,44.84,2.99000000,0
1505509369,21496091,44.79,0.12000000,0
1505509367,21496083,44.78,10.00000000,0
1505509341,21496013,44.75,10.28189900,1
1505509207,21495762,44.70,2.23154362,0
1505509162,21495659,44.73,3.42409671,0
1505509153,21495641,44.73,0.88022980,0
1505509153,21495640,44.69,0.12000000,0
1505509151,21495638,44.62,0.00000020,0
1505508957,21495398,44.62,1.42451400,0
1505508859,21495274,44.62,2.02196324,0
1505508859,21495273,44.61,6.30969342,0
1505508857,21495269,44.59,0.12000000,0
1505508776,21495126,44.44,2.00000000,0
1505508753,21495109,44.46,3.44647744,0
1505508746,21495099,44.50,13.69037198,0
1505508746,21495098,44.49,0.12000000,0
1505508745,21495097,44.46,8.03000000,0
1505508745,21495096,44.39,0.12000000,0
1505508745,21495095,44.38,1.61000000,0
1505508745,21495094,44.37,3.34586963,0
1505508745,21495093,44.37,0.12000000,0
1505508727,21495075,44.29,0.12000000,0
1505508685,21495017,44.19,3.34000000,0
1505508685,21495015,44.19,14.71413037,0
1505508667,21494992,44.19,3.34586963,1
1505508632,21494943,44.19,0.12000000,0
1505508627,21494937,44.15,3.48248407,0
1505508627,21494936,44.01,10.46204293,0
1505508621,21494926,44.01,1.05012500,0
1505508617,21494909,44.01,7.00534800,0
1505508616,21494904,44.01,3.48248407,0
1505508605,21494897,44.01,22.00000000,1
1505508496,21494837,44.25,3.53000000,1
1505508495,21494836,44.25,18.06000000,1
1505508458,21494749,44.46,6.33490778,0
1505508437,21494732,44.46,4.35685457,0
1505508378,21494561,44.33,17.83037000,0
1505508288,21494111,44.34,2.20023000,0
1505508260,21494082,44.49,3.70757473,1
1505508260,21494080,44.37,4.80484095,1
1505508258,21494074,44.36,2.72000000,0
1505508213,21494019,44.39,2.16446046,0
1505508171,21493985,44.00,6.84374346,1
1505508171,21493984,44.05,20.73715343,1
1505508159,21493971,44.08,10.80000000,1
1505508087,21493882,44.58,0.11947200,0
1505508039,21493790,44.50,20.00000000,1
1505507680,21493245,44.91,1.11044311,0
1505507646,21493136,44.94,3.41028015,0
1505507639,21493108,44.55,2.58000000,0
1505507635,21493097,44.48,12.92000000,0
1505507631,21493068,44.95,3.36850969,0
1505507630,21493062,45.50,23.42913966,0
1505507630,21493058,45.50,65.65239880,1
1505507630,21493056,45.49,0.12000000,0
1505507629,21493053,45.39,0.12000000,0
1505507629,21493048,45.29,0.12000000,0
1505507629,21493045,45.29,0.12000000,0
1505507629,21493039,45.19,0.12000000,0
1505507629,21493037,45.14,1.14636665,0
1505507628,21493035,45.14,2.26000890,0
1505507628,21493030,45.12,0.00004132,0
1505507628,21493028,45.12,1.14632495,0
1505507628,21493027,45.12,0.17178709,0
1505507628,21493025,45.12,0.12000000,0
1505507628,21493024,45.12,1.96970031,0
1505507627,21493023,45.10,1.11130820,0
1505507627,21493021,45.10,59.50004966,1
1505507627,21493019,45.09,0.00076526,0
1505507627,21493018,45.09,3.28971963,0
1505507627,21493017,45.09,0.12000000,0
1505507626,21493016,45.09,0.12000000,0
1505507626,21493015,45.00,22.36445297,0
1505507626,21493009,44.99,0.12000000,0
1505507625,21493005,44.93,2.70000000,0
1505507625,21493003,44.89,0.12000000,0
1505507625,21493000,44.79,0.12000000,0
1505507624,21492999,44.70,0.86987384,0
1505507624,21492998,44.70,2.71982600,0
1505507624,21492997,44.70,19.95289867,0
1505507624,21492996,44.69,0.12000000,0
1505507623,21492993,44.59,0.12000000,0
1505507623,21492990,44.55,3.95000000,0
1505507623,21492988,44.54,45.48000000,1
1505507622,21492986,44.52,3.45358850,0
1505507622,21492985,44.49,0.12000000,0
1505507622,21492983,44.48,19.75000000,0
1505507620,21492976,44.39,0.12000000,0
1505507610,21492936,44.23,11.88471273,1
1505507608,21492931,44.24,0.11528727,1
1505507602,21492910,44.29,0.12000000,0
1505507576,21492856,44.21,23.65065279,1
1505507504,21492747,44.19,0.00060000,0
1505507353,21492514,44.12,4.60740315,1
1505507351,21492500,44.19,0.11940000,0
1505507215,21492273,44.09,0.12000000,0
1505507211,21492271,44.01,4.17300900,1
1505507120,21492060,44.01,3.00000000,1
1505507116,21492056,44.01,3.00000000,1
1505507113,21492053,44.02,3.00000000,1
1505507109,21492048,44.01,3.00000000,1
1505507105,21492040,44.00,3.00000000,1
1505507101,21492027,44.00,3.00000000,1
1505507097,21492022,44.00,3.00000000,1
1505507093,21492019,44.00,3.00000000,1
1505507089,21492015,44.00,3.00000000,1
1505507085,21492008,44.00,3.00000000,1
1505507081,21492000,44.01,3.00000000,1
1505507076,21491995,44.00,3.00000000,1
1505507073,21491988,44.00,3.00000000,1
1505507069,21491981,44.00,3.00000000,1
1505507065,21491974,44.03,3.00000000,1
1505507061,21491965,44.03,3.00000000,1
1505507058,21491959,44.03,3.00000000,1
1505507014,21491845,44.19,0.19674650,1
1505506980,21491805,44.20,0.86987384,1
1505506979,21491793,44.20,2.71982600,1
1505506977,21491779,44.22,3.33486929,0
1505506976,21491777,44.20,19.95289867,1
1505506976,21491776,44.21,3.59003641,1
1505506976,21491773,44.21,14.36996359,1
1505506976,21491771,44.22,3.59000000,1
1505506952,21491734,44.22,1.77691700,1
1505506949,21491730,44.21,1.28236100,1
1505506949,21491729,44.21,5.76000000,1
1505506949,21491728,44.21,12.28000000,1
1505506948,21491727,44.22,1.28236100,1
1505506948,21491726,44.22,2.14763900,1
1505506869,21491621,44.21,12.50000000,1
1505506779,21491453,44.40,10.61936936,0
1505506779,21491452,44.39,8.88968620,0
1505506778,21491448,44.36,2.96421269,0
1505506763,21491396,44.14,3.48639455,0
1505506752,21491348,44.10,6.95626500,1
1505506743,21491317,44.02,0.02129233,0
1505506739,21491304,44.03,0.17934538,0
1505506739,21491302,44.04,3.47065462,1
1505506739,21491301,44.09,6.00000000,1
1505506734,21491271,44.37,3.45358850,0
1505506732,21491258,44.26,8.36105600,1
1505506732,21491253,44.26,19.98000000,1
1505506724,21491223,44.26,0.22762100,1
1505506710,21491157,44.26,21.43132300,1
1505506710,21491155,44.26,23.27900000,1
1505506705,21491132,44.26,26.72100000,1
1505506704,21491130,44.27,6.53421000,1
1505506704,21491129,44.37,17.45000000,1
1505506702,21491118,44.38,3.48000000,1
1505506675,21490989,44.39,14.00700000,0
1505506669,21490977,44.60,0.12000000,1
1505506669,21490975,44.60,0.12000000,1
1505506669,21490974,44.60,0.12000000,1
1505506669,21490972,44.60,0.12000000,1
1505506669,21490971,44.60,0.12000000,1
1505506669,21490970,44.60,0.12000000,1
1505506669,21490968,44.60,0.12000000,1
1505506669,21490967,44.60,0.12000000,1
1505506668,21490965,44.63,0.12000000,1
1505506645,21490910,44.70,8.22891588,1
1505506628,21490869,44.70,0.16591318,1
1505506628,21490868,44.71,7.03144282,1
1505506622,21490845,44.70,3.24239694,1
1505506615,21490823,44.71,8.22891600,1
1505506580,21490711,44.70,30.36277400,1
1505506580,21490710,44.70,8.00000000,1
1505506580,21490709,44.71,1.42000000,1
1505506510,21490553,44.87,4.34696700,1
1505506510,21490552,44.99,1.11000000,1
1505506509,21490543,45.00,1.92679300,0
1505506509,21490542,44.99,0.12000000,0
1505506509,21490539,44.89,0.12000000,0
1505506509,21490538,44.88,0.87000000,0
1505506509,21490535,44.79,0.12000000,0
1505506508,21490533,44.69,0.12000000,0
1505506505,21490494,44.59,0.12000000,0
1505506477,21490408,44.49,2.31602662,0
1505506469,21490373,44.49,3.91885817,0
1505506468,21490370,44.49,3.99100921,0
1505506467,21490366,44.39,11.14890742,0
1505506463,21490352,44.39,4.00000000,1
1505506461,21490344,44.49,19.77410600,0
1505506461,21490342,44.49,0.12000000,0
1505506460,21490340,44.39,0.12000000,0
1505506460,21490339,44.39,3.19481114,0
1505506459,21490333,44.39,26.25658932,0
1505506457,21490328,44.39,11.97364271,0
1505506452,21490310,44.39,21.50000000,0
1505506452,21490308,44.39,4.81392205,0
1505506451,21490306,44.39,7.25673603,0
1505506450,21490299,44.39,5.92957870,0
1505506446,21490278,44.39,3.24239694,0
1505506444,21490269,44.39,1.28126000,0
1505506438,21490251,44.39,10.32142000,0
1505506437,21490243,44.39,29.68979499,0
1505506434,21490229,44.39,1.50484343,0
1505506433,21490227,44.39,26.34364947,0
1505506433,21490225,44.38,7.86000000,0
1505506431,21490208,44.38,7.86000000,0
1505506428,21490203,44.29,0.12000000,0
1505506416,21490165,44.39,64.55868700,0
1505506416,21490163,44.39,0.78489900,0
1505506414,21490161,44.39,28.67463800,0
1505506413,21490160,44.39,7.73965000,0
1505506413,21490159,44.38,1.66792000,0
1505506413,21490158,44.38,2.07965000,0
1505506413,21490157,44.38,5.59243000,0
1505506403,21490141,44.39,6.88799400,0
1505506401,21490133,44.39,17.92100000,0
1505506401,21490132,44.38,11.09000000,0
1505506352,21490008,44.38,0.00017261,1
1505506341,21489920,44.38,5.56647139,1
1505506339,21489911,44.38,13.18000000,1
1505506337,21489907,44.38,5.59335600,1
1505506334,21489900,44.39,4.33678756,0
1505506326,21489889,44.38,15.66000000,1
1505506297,21489855,44.30,3.47065462,1
1505506291,21489847,44.39,0.13700586,1
1505506291,21489846,44.39,3.31649818,1
1505506257,21489781,44.49,0.12000000,1
1505506257,21489780,44.49,0.12000000,1
1505506257,21489779,44.49,0.12000000,1
1505506256,21489778,44.49,0.12000000,1
1505506256,21489777,44.49,0.12000000,1
1505506256,21489776,44.49,0.12000000,1
1505506256,21489775,44.49,0.12000000,1
1505506256,21489774,44.49,0.12000000,1
1505506256,21489773,44.50,0.14783500,1
1505506214,21489685,44.62,2.93459000,0
1505506213,21489684,44.50,44.85216500,1
1505506213,21489681,44.50,0.12000000,1
1505506213,21489680,44.50,0.12000000,1
1505506212,21489677,44.61,46.70348200,1
1505506211,21489675,44.61,53.29651800,1
1505506211,21489674,44.62,0.23194900,1
1505506210,21489672,44.62,9.20664900,1
1505506193,21489643,44.70,2.36489008,1
1505506192,21489640,44.70,4.34697400,1
1505506170,21489607,44.70,20.94228800,1
1505506169,21489604,44.70,2.36489000,1
1505506160,21489583,44.70,4.49864900,1
1505506158,21489579,44.70,2.21321500,1
1505506148,21489559,44.73,5.07000000,1
1505506128,21489514,44.71,0.23832568,1
1505506128,21489512,44.72,17.19784732,1
1505506127,21489510,44.72,11.17215268,1
1505506127,21489508,44.73,5.67000000,1
1505506127,21489507,44.90,0.00004132,1
1505506125,21489505,44.90,1.14632495,1
1505506113,21489493,44.90,0.17178709,1
1505506112,21489492,44.94,0.00076526,1
1505506112,21489491,44.96,1.14636665,1
1505506112,21489490,44.96,2.26000890,0
1505506109,21489487,44.94,3.28971963,1
1505506107,21489482,44.90,0.12000000,1
1505506100,21489478,44.90,0.32820510,0
1505506100,21489477,44.90,1.11552672,0
1505506100,21489476,44.90,0.01146449,0
1505506100,21489475,44.90,3.30503369,0
1505506100,21489474,44.90,0.12000000,0
1505506099,21489473,44.89,0.12000000,0
1505506097,21489472,44.79,0.12000000,0
1505506096,21489471,44.70,63.14909392,1
1505506095,21489468,44.75,2.29790541,1
1505506093,21489463,44.75,1.11552672,1
1505506087,21489444,44.70,0.12000000,1
1505506086,21489442,44.71,0.14060932,0
1505506086,21489441,44.71,0.73162387,0
1505506074,21489428,44.71,1.20733572,0
1505506074,21489427,44.71,0.36447328,0
1505506074,21489425,44.69,0.12000000,0
1505505942,21489208,44.51,4.20000000,1
1505505895,21489112,44.53,0.13700586,1
1505505895,21489108,44.59,0.12000000,0
1505505883,21489072,44.53,30.43680443,1
1505505855,21489021,44.71,0.99552672,0
1505505853,21489017,44.69,0.12000000,0
1505505847,21488994,44.64,0.29000000,0
1505505830,21488922,44.68,35.90676812,0
1505505830,21488916,44.64,0.55000000,0
1505505830,21488914,44.59,0.12000000,0
1505505817,21488885,44.29,3.47143824,1
1505505811,21488870,44.66,1.06000000,1
1505505809,21488861,44.65,0.12000000,1
1505505809,21488851,44.49,0.12000000,0
1505505789,21488773,44.23,0.57000000,0
1505505789,21488772,44.23,2.68939068,0
1505505785,21488759,44.56,0.14060932,1
1505505785,21488755,44.56,1.93895959,1
1505505783,21488742,44.56,1.36000000,0
1505505780,21488730,45.28,172.16188162,0
1505505780,21488725,45.20,2.62000000,1
1505505779,21488723,44.90,55.14071656,0
1505505779,21488721,44.89,39.53000000,1
1505505779,21488720,44.89,18.21320620,1
1505505775,21488702,44.36,3.21828900,0
1505505775,21488694,44.23,1.35000000,0
1505505775,21488693,44.23,6.74000000,0
1505505753,21488630,43.98,4.46148351,0
1505505747,21488620,44.19,0.21543336,0
1505505737,21488600,44.20,6.65000000,0
1505505737,21488599,44.19,2.35000000,0
1505505723,21488584,43.96,14.11000000,0
1505505698,21488430,43.96,0.45382166,0
1505505696,21488418,43.96,4.39982400,0
1505505687,21488388,43.98,4.02846751,0
1505505687,21488386,43.97,3.20000000,0
1505505687,21488385,43.85,3.25170849,0
1505505685,21488378,43.85,15.27521700,0
1505505677,21488354,43.82,15.24000000,1
1505505676,21488346,43.85,3.25170800,0
1505505674,21488339,43.85,3.25038483,0
1505505671,21488320,43.85,23.96873768,0
1505505670,21488312,43.85,1.00224400,0
1505505663,21488276,43.87,3.25170800,1
1505505659,21488263,43.87,1.36999985,0
1505505659,21488262,43.82,0.00000015,0
1505505658,21488258,43.82,18.27000000,1
1505505658,21488255,43.82,3.25022768,1
1505505658,21488252,43.83,0.31821717,1
1505505657,21488250,43.87,1.24829200,1
1505505657,21488246,43.87,1.00170800,1
1505505657,21488243,43.87,2.25000000,1
1505505646,21488207,43.98,6.37978171,0
1505505646,21488206,43.97,3.14021829,0
1505505640,21488186,43.98,0.01978171,1
1505505640,21488183,43.98,10.89999980,0
1505505640,21488182,43.90,0.00000020,0
1505505639,21488180,43.87,2.25393207,0
1505505633,21488165,43.87,1.00000000,1
1505505630,21488149,43.90,2.73001100,0
1505505620,21488043,44.05,3.21828900,1
1505505620,21488039,44.05,0.00000114,1
1505505620,21488037,44.05,2.57036886,1
1505505619,21488035,44.05,0.66000000,1
1505505618,21488026,44.18,0.52169722,1
1505505612,21487998,44.19,0.00000114,1
1505505609,21487982,44.19,2.57036886,0
1505505607,21487974,44.25,1.18169700,1
1505505606,21487973,44.23,0.01011945,1
1505505606,21487971,44.23,0.02147162,1
1505505606,21487970,44.23,3.18567284,1
1505505606,21487968,44.24,3.21509009,1
1505505604,21487960,44.30,2.00000000,1
1505505573,21487856,44.34,0.66000000,1
1505505569,21487844,44.37,0.01011945,0
1505505557,21487792,44.79,0.98057602,1
1505505556,21487774,44.51,0.02147162,0
1505505553,21487770,44.40,3.21509009,1
1505505551,21487760,44.39,5.00000000,1
1505505537,21487684,44.70,3.18283166,1
1505505517,21487649,44.85,0.00000034,1
1505505506,21487636,44.85,7.16590600,1
1505505505,21487632,44.85,7.28672900,1
1505505494,21487620,44.90,17.13860771,0
1505505493,21487619,44.97,8.00023000,0
1505505481,21487582,44.85,8.03738000,1
1505505481,21487581,44.85,3.54515800,1
1505505481,21487579,44.85,5.55277500,1
1505505469,21487549,44.85,3.18283166,1
1505505467,21487544,44.85,2.01622000,1
1505505467,21487543,44.85,13.21300000,1
1505505461,21487530,44.86,9.84022503,1
1505505461,21487529,44.86,3.17151744,1
1505505461,21487527,44.92,3.11651353,1
1505505459,21487524,44.92,46.88221166,1
1505505459,21487522,45.00,3.11651334,1
1505505452,21487503,45.00,8.96117700,1
1505505434,21487468,45.00,4.84600000,1
1505505433,21487465,45.00,5.69692366,1
1505505432,21487461,45.00,17.37938600,1
1505505432,21487460,45.00,11.00000000,1
1505505430,21487451,45.01,1.28623600,1
1505505424,21487419,45.01,1.05101737,1
1505505424,21487418,45.01,10.59551800,1
1505505424,21487417,45.04,3.80400000,1
1505505419,21487381,45.04,18.92600000,1
1505505413,21487343,45.04,4.65459454,1
1505505387,21487253,45.01,3.17151744,1
1505505378,21487218,45.28,11.09254546,0
1505505378,21487216,45.01,16.75321097,1
1505505378,21487215,45.02,4.76000000,1
1505505377,21487212,45.07,0.03642362,1
1505505377,21487211,45.07,0.34894352,1
1505505377,21487210,45.07,2.77142189,1
1505505332,21487045,45.50,2.56217643,1
1505505331,21487041,45.50,2.63725000,1
1505505331,21487040,45.50,8.66737800,1
1505505324,21487024,45.50,2.17000000,1
1505505323,21487023,45.50,10.87000000,1
1505505322,21487020,45.49,0.11000000,0
1505505322,21487018,45.39,0.12000000,0
1505505322,21487016,45.37,3.18000000,0
1505505322,21487014,45.29,0.12000000,0
1505505317,21487002,45.29,4.70699933,1
1505505316,21486995,45.27,44.84000000,1
1505505315,21486993,45.27,15.90000000,0
1505505309,21486977,45.24,2.56217689,1
1505505291,21486936,45.24,8.69373277,1
1505505290,21486934,45.24,5.37300800,1
1505505289,21486929,45.24,3.15563551,0
1505505289,21486928,45.23,2.21544683,0
1505505247,21486794,45.09,62.31485216,0
1505505246,21486790,45.09,0.52826863,0
1505505245,21486784,45.09,1.75781769,1
1505505225,21486701,45.08,5.24960656,0
1505505224,21486699,45.08,3.15563551,0
1505505223,21486696,45.08,2.79303460,1
1505505194,21486631,45.07,66.17435674,1
1505505194,21486629,45.22,0.34894638,1
1505505194,21486628,45.23,2.77669688,1
1505505179,21486564,45.22,0.03642362,0
1505505178,21486561,45.22,0.34894352,0
1505505177,21486558,45.22,2.77142189,1
1505505172,21486547,45.23,0.00000037,0
1505505171,21486545,45.23,3.14496585,1
1505505171,21486543,45.27,3.14288859,1
1505505171,21486541,45.33,0.00000019,1
1505505166,21486517,45.33,0.99999981,1
1505505166,21486514,45.39,22.98399019,1
1505505147,21486394,45.85,4.55988857,1
1505505143,21486366,45.39,3.14496585,1
1505505139,21486345,45.39,19.59815796,1
1505505139,21486342,45.45,20.30294727,1
1505505138,21486332,45.62,0.00000021,1
1505505138,21486331,45.62,3.11885300,1
1505505138,21486330,45.62,0.00000193,1
1505505138,21486329,45.62,0.49356807,1
1505505138,21486328,45.62,0.98647156,1
1505505134,21486302,45.90,1.00623000,0
1505505133,21486295,45.62,1.63881551,1
1505505133,21486292,46.00,3.48116413,1
1505505132,21486285,46.00,5.07076377,1
1505505131,21486274,46.00,3.00000000,1
1505505130,21486271,46.00,2.62552900,1
1505505130,21486270,46.00,2.62552900,1
1505505130,21486267,46.00,9.09627000,1
1505505130,21486266,46.00,10.76501289,1
1505505130,21486264,46.08,16.80298611,1
1505505130,21486262,46.08,2.73000000,1
1505505129,21486256,46.05,5.42699369,0
1505505129,21486253,46.05,0.11000000,1
1505505128,21486251,46.05,0.11377109,1
1505505128,21486246,46.01,5.15301199,1
1505505128,21486245,46.01,34.03874000,1
1505505126,21486233,46.01,3.00000000,0
1505505125,21486221,46.00,13.33573100,0
1505505125,21486220,45.77,0.00000021,0
1505505120,21486175,45.77,3.11885300,0
1505505117,21486154,45.77,0.00000193,1
1505505114,21486132,45.77,0.49356807,0
1505505107,21486095,46.00,2.62528707,1
1505505104,21486086,46.00,31.37471293,1
1505505104,21486085,46.04,3.09049577,1
1505505104,21486084,46.05,5.42675130,1
1505505102,21486076,46.05,12.49985500,1
1505505101,21486072,46.05,2.62552900,1
1505505101,21486064,46.05,34.58858126,1
1505505101,21486063,46.08,13.19130000,1
1505505100,21486062,46.08,7.36107769,1
1505505100,21486060,46.08,3.09049577,1
1505505100,21486056,46.08,2.73972654,1
1505505100,21486053,46.08,9.89833146,1
1505505099,21486042,46.08,3.29296854,1
1505505097,21486030,46.08,3.91001216,1
1505505092,21486002,46.08,9.28128784,1
1505505092,21486001,46.09,13.19130000,1
1505505092,21485998,46.09,13.19130000,1
1505505092,21485995,46.09,8.30683716,1
1505505091,21485987,46.09,4.57857310,1
1505505090,21485982,46.09,0.30588974,1
1505505090,21485980,46.09,4.78920095,1
1505505088,21485970,46.09,3.49271305,1
1505505088,21485967,46.09,4.90938600,1
1505505088,21485965,46.09,13.19130000,1
1505505087,21485959,46.09,1.56471509,1
1505505084,21485940,46.09,11.62658491,1
1505505084,21485939,46.09,13.19130000,1
1505505084,21485935,46.09,5.18211509,1
1505505079,21485912,46.09,5.33932191,1
1505505075,21485903,46.30,0.13004102,1
1505505074,21485898,46.29,3.74750584,1
1505505073,21485895,46.29,2.41480100,0
1505505071,21485887,46.29,8.51043638,1
1505505070,21485885,46.29,0.11000000,0
1505505061,21485828,46.09,2.66986300,1
1505505061,21485826,46.09,3.42577200,1
1505505053,21485797,46.09,9.76552800,1
1505505053,21485794,46.09,2.23447200,1
1505505050,21485780,46.09,10.95682800,1
1505505050,21485778,46.10,8.41000000,1
1505505038,21485744,46.27,8.38188891,0
1505505013,21485688,46.13,35.28000000,1
1505504997,21485609,46.13,39.62000000,1
1505504994,21485600,46.13,0.15000000,1
1505504986,21485573,46.14,4.73000000,1
1505504986,21485572,46.15,16.89994487,1
1505504977,21485507,46.31,3.98010000,0
1505504977,21485504,46.29,0.11000000,0
1505504972,21485481,46.19,3.09049577,1
1505504966,21485449,46.19,5.26639714,0
1505504965,21485445,46.19,2.04596460,1
1505504965,21485444,46.19,1.03452741,1
1505504963,21485437,46.20,30.51454800,1
1505504960,21485420,46.39,0.73046141,0
1505504922,21485172,46.34,2.04596460,0
1505504922,21485169,46.34,1.03452741,1
1505504919,21485160,46.05,1.07302406,0
1505504919,21485156,46.05,12.11822700,0
1505504917,21485153,46.05,4.59421367,0
1505504917,21485152,46.05,1.86377020,0
1505504917,21485151,46.12,21.92065041,1
1505504917,21485148,46.14,44.79000000,1
1505504916,21485146,46.20,17.66840311,1
1505504916,21485145,46.21,44.00000000,1
1505504914,21485095,46.28,0.23000000,0
1505504913,21485093,46.39,60.53992455,0
1505504913,21485089,46.39,0.11000000,0
1505504906,21485076,46.12,10.07934959,1
1505504901,21485068,46.38,0.85102199,1
1505504901,21485066,46.28,0.42000000,0
1505504899,21485049,46.28,0.41790000,0
1505504887,21485013,46.29,50.00000000,0
1505504837,21484777,46.32,0.35457916,1
1505504836,21484775,46.29,4.85093973,1
1505504835,21484772,46.29,0.11000000,0
1505504808,21484684,46.18,10.00000000,0
1505504802,21484656,46.18,0.21589433,0
1505504792,21484612,46.29,3.38857565,1
1505504792,21484610,46.25,3.08654580,0
1505504792,21484606,46.19,0.11000000,0
1505504791,21484604,46.12,1.65176248,0
1505504791,21484601,46.09,2.46178668,0
1505504791,21484597,46.08,3.64821000,0
1505504789,21484585,46.00,0.94000000,0
1505504777,21484530,46.09,3.53821332,0
1505504777,21484529,46.09,0.11000000,0
1505504777,21484527,46.08,0.29000000,0
1505504776,21484525,46.01,5.03932189,0
1505504776,21484523,46.00,1.45000000,0
1505504776,21484521,46.00,3.50469479,0
1505504774,21484515,45.99,0.11000000,0
1505504710,21484408,45.98,0.00021748,0
1505504709,21484404,45.89,2.06418218,1
1505504708,21484402,45.89,0.11000000,0
1505504620,21484177,45.80,7.85881091,0
1505504615,21484168,45.70,0.79126540,0
1505504615,21484166,45.61,8.80990989,1
1505504613,21484161,45.70,1.34992348,1
1505504612,21484159,45.70,8.65007652,1
1505504604,21484149,45.71,26.27208401,0
1505504586,21484115,45.79,9.78000000,1
1505504585,21484113,45.79,0.11000000,0
1505504585,21484110,45.69,0.11000000,0
1505504523,21484024,45.51,5.07535998,1
1505504510,21483978,46.00,0.25231217,1
1505504510,21483972,46.00,3.50479924,1
1505504509,21483970,45.96,3.10000000,0
1505504509,21483969,45.95,3.14288859,0
1505504506,21483961,45.85,0.41025027,0
1505504505,21483958,45.72,0.62000000,0
1505504502,21483940,45.42,3.14288859,1
1505504495,21483913,46.00,3.08654580,0
1505504495,21483910,46.00,9.43903528,1
1505504494,21483909,46.00,0.94000000,1
1505504494,21483907,46.00,29.09520000,1
1505504494,21483906,46.00,16.45142600,1
1505504494,21483904,46.00,21.28716000,1
1505504494,21483903,46.00,71.04314500,1
1505504493,21483902,46.00,78.97884900,1
1505504493,21483900,46.00,5.51082500,1
1505504493,21483899,46.00,11.00000000,1
1505504493,21483897,46.00,4.72000000,1
1505504492,21483890,46.00,65.97927979,1
1505504491,21483884,46.00,12.71084448,1
1505504490,21483881,46.00,35.02300000,1
1505504490,21483880,46.00,5.40439050,1
1505504489,21483879,46.00,14.80000000,0
1505504489,21483878,46.00,11.03236022,0
1505504489,21483877,46.00,10.00000000,0
1505504489,21483876,46.00,11.00000000,0
1505504489,21483875,45.99,0.11000000,0
1505504489,21483874,45.98,55.49616884,0
1505504489,21483873,45.96,3.84000000,0
1505504489,21483872,45.89,0.11000000,0
1505504488,21483871,45.87,1.57431609,0
1505504488,21483870,45.87,1.57431609,0
1505504488,21483869,45.79,0.11000000,0
1505504488,21483868,45.72,0.77000000,0
1505504488,21483867,45.69,6.00000000,0
1505504488,21483865,45.69,0.11000000,0
1505504488,21483864,45.67,47.19000000,0
1505504487,21483862,45.66,22.55000000,0
1505504487,21483860,45.65,0.00000046,0
1505504487,21483858,45.64,2.63000000,0
1505504487,21483856,45.63,22.77693398,0
1505504468,21483817,45.65,3.12756800,0
1505504467,21483814,45.59,0.12000000,0
1505504447,21483760,45.24,12.71084448,1
1505504445,21483759,45.38,47.18130300,0
1505504445,21483758,45.38,6.88000000,1
1505504350,21483572,45.27,1.74989597,1
1505504345,21483557,45.50,3.50000000,0
1505504345,21483555,45.49,0.12000000,0
1505504344,21483550,45.48,2.49902100,0
1505504322,21483501,45.29,5.50792900,0
1505504314,21483482,45.29,0.15000000,1
1505504273,21483376,45.05,22.55000000,1
1505504273,21483374,45.06,7.45000000,1
1505504241,21483250,45.43,15.00000000,1
1505504241,21483248,45.39,0.12000000,0
1505504239,21483244,45.29,0.12000000,0
1505504218,21483197,45.45,12.64840484,1
1505504218,21483195,45.44,10.56632878,0
1505504217,21483192,45.39,0.12000000,0
1505504194,21483089,45.41,1.03278328,0
1505504182,21483061,45.46,9.77000000,0
1505504182,21483059,45.38,0.23000000,0
1505504172,21483032,45.48,3.12756846,0
1505504171,21483021,45.48,4.36342516,1
1505504170,21483019,45.39,0.12000000,0
1505504170,21483017,45.38,0.24000000,0
1505504169,21483015,45.29,0.12000000,0
1505504169,21483012,45.19,0.12000000,0
1505504169,21483010,45.19,17.00000000,1
1505504167,21483005,45.09,0.12000000,0
1505504141,21482918,45.00,12.85670352,0
1505504137,21482907,44.81,3.18567284,1
1505504127,21482868,44.99,3.17433844,0
1505504127,21482867,44.85,6.82566156,0
1505504127,21482860,44.85,2.81714796,1
1505504126,21482858,44.85,0.35719048,1
1505504123,21482848,45.00,3.23622222,0
1505504120,21482834,45.00,1.05422222,0
1505504118,21482828,45.00,1.71443804,0
1505504118,21482827,45.00,5.34422000,0
1505504118,21482824,45.00,1.17861100,0
1505504118,21482823,45.00,3.44558300,0
1505504118,21482822,44.99,13.23000000,0
1505504117,21482821,44.99,18.27000000,0
1505504117,21482820,44.99,2.81714796,0
1505504111,21482795,44.99,0.35719048,1
1505504109,21482792,44.97,0.75158294,0
1505504097,21482734,45.00,5.02433400,0
1505504097,21482733,45.00,1.14566600,0
1505504097,21482731,44.99,0.12000000,0
1505504097,21482729,44.98,2.99000000,0
1505504097,21482728,44.96,0.60000000,0
1505504096,21482727,44.89,0.12000000,0
1505504035,21482537,44.86,0.17139600,0
1505504035,21482536,44.79,0.12000000,0
1505504017,21482489,44.71,2.24554664,0
1505504017,21482488,44.71,4.45584900,0
1505504016,21482480,44.70,6.41000000,1
1505504014,21482477,44.70,39.13860400,0
1505504014,21482475,44.69,6.41000000,0
1505504013,21482474,44.69,0.12000000,0
1505503976,21482383,44.66,8.81437527,0
1505503974,21482381,44.59,0.12000000,0
1505503966,21482362,44.58,4.00000000,1
1505503800,21482071,44.57,33.57078753,0
1505503742,21482000,44.40,7.06600000,1
1505503680,21481924,44.40,2.89200000,1
1505503680,21481923,44.41,13.45000000,1
1505503649,21481879,44.40,6.03077100,1
1505503649,21481878,44.40,11.63670500,1
1505503638,21481866,44.41,5.65705923,1
1505503631,21481853,44.41,1.13706872,1
1505503612,21481788,44.40,3.74121300,1
1505503612,21481786,44.40,19.56000000,1
1505503610,21481777,44.51,5.43226241,0
1505503608,21481775,44.40,15.06208200,1
1505503608,21481774,44.40,1.93791800,1
1505503601,21481752,44.42,11.61456200,1
1505503591,21481734,44.40,48.06208200,1
1505503591,21481733,44.40,31.05291800,1
1505503590,21481729,44.40,17.00000000,1
1505503575,21481698,44.40,1.94708200,1
1505503572,21481691,44.41,24.44632163,1
1505503572,21481690,44.41,10.08647137,1
1505503571,21481689,44.41,2.83165300,1
1505503568,21481683,44.41,4.38285900,1
1505503564,21481670,44.41,32.69901663,1
1505503564,21481669,44.41,50.00000000,1
1505503564,21481667,44.41,23.73098337,1
1505503551,21481640,44.41,25.33462500,1
1505503550,21481639,44.41,0.93439163,1
1505503550,21481638,44.41,50.00000000,1
1505503550,21481637,44.41,14.55184737,1
1505503548,21481632,44.41,10.04000000,1
1505503548,21481630,44.64,0.67025089,0
1505503536,21481611,44.64,16.27800179,0
1505503535,21481610,44.59,0.12000000,0
1505503535,21481608,44.50,1.73272300,0
1505503535,21481607,44.42,5.51992800,0
1505503533,21481601,44.41,9.08204100,1
1505503532,21481599,44.41,1.71050500,1
1505503528,21481593,44.41,2.74942200,1
1505503523,21481581,44.41,11.86618463,1
1505503523,21481580,44.41,27.66330437,1
1505503522,21481579,44.41,0.99800000,1
1505503520,21481577,44.41,0.99800000,1
1505503519,21481574,44.41,0.99800000,1
1505503516,21481570,44.41,0.99800000,1
1505503515,21481567,44.41,2.03600000,1
1505503514,21481565,44.41,1.95214200,1
1505503510,21481558,44.41,0.99800000,1
1505503508,21481554,44.41,0.99800000,1
1505503508,21481550,44.41,12.36055363,1
1505503508,21481548,44.42,25.46744637,1
1505503506,21481546,44.42,0.99800000,1
1505503505,21481535,44.42,0.99800000,1
1505503505,21481521,44.42,0.99800000,1
1505503502,21481495,44.42,0.99800000,1
1505503501,21481490,44.42,0.99800000,1
1505503501,21481489,44.42,10.62029400,1
1505503500,21481487,44.42,6.37136078,1
1505503500,21481484,44.42,0.99800000,1
1505503498,21481479,44.42,0.99800000,1
1505503497,21481478,44.42,0.55489885,1
1505503497,21481477,44.42,0.44310115,1
1505503493,21481470,44.42,0.99800000,1
1505503491,21481468,44.42,0.99800000,1
1505503491,21481466,44.42,0.99800000,1
1505503490,21481463,44.42,25.62863900,1
1505503490,21481462,44.42,1.29475321,1
1505503490,21481459,44.42,3.47660800,1
1505503489,21481449,44.42,1.99600000,1
1505503486,21481438,44.42,1.07609600,1
1505503470,21481420,44.42,13.09080264,1
1505503470,21481419,44.42,32.14691136,1
1505503470,21481418,44.42,17.85308864,1
1505503470,21481417,44.42,39.97229170,1
1505503469,21481416,44.43,29.58770466,1
1505503443,21481376,44.43,1.60000000,1
1505503432,21481354,44.49,10.00000000,0
1505503405,21481261,44.43,10.97765957,1
1505503373,21481222,44.43,22.22521700,1
1505503319,21481141,44.50,1.95455400,0
1505503317,21481136,44.43,0.15977620,1
1505503314,21481132,44.50,1.61272300,0
1505503314,21481131,44.49,0.12000000,0
1505503298,21481106,44.44,3.88343577,0
1505503298,21481105,44.43,3.00000000,0
1505503296,21481102,44.42,0.99754000,1
1505503281,21481084,44.42,1.29475300,1
1505503281,21481082,44.42,1.29491200,1
1505503268,21481054,44.42,6.44050330,1
1505503268,21481052,44.42,45.89310970,1
1505503268,21481051,44.42,2.71004030,1
1505503259,21481032,44.42,1.39685000,1
1505503244,21481003,44.43,2.75445278,1
1505503242,21480997,44.43,10.44027300,1
1505503233,21480965,44.50,6.52290816,1
1505503233,21480963,44.50,18.86158600,1
1505503226,21480948,44.50,5.34422000,1
1505503220,21480936,44.50,1.17861100,1
1505503196,21480862,44.75,1.17396648,0
1505503196,21480861,44.75,2.66000000,0
1505503180,21480825,44.50,8.46991700,1
1505503180,21480824,44.50,1.14566600,1
1505503154,21480745,44.71,0.48934400,1
1505503154,21480742,44.72,1.00623000,0
1505503142,21480709,44.71,8.65576500,1
1505503137,21480692,44.71,2.24554700,1
1505503134,21480687,44.71,0.48934400,1
1505503127,21480674,44.71,24.00000000,1
1505503123,21480660,44.71,14.00000000,1
1505503122,21480659,44.69,0.12000000,0
1505503121,21480656,44.53,32.00000000,1
1505503111,21480647,44.53,4.97000000,1
1505503111,21480646,44.58,24.83000000,1
1505503066,21480577,44.71,5.00000000,1
1505503063,21480572,44.72,5.00000000,1
1505503031,21480541,44.88,18.93650624,0
1505503031,21480540,44.88,0.42000000,0
1505503008,21480509,44.48,9.00000000,1
1505503007,21480502,44.70,5.00000000,1
1505502986,21480461,44.89,11.19827667,0
1505502958,21480384,44.90,44.99866369,0
1505502957,21480381,44.89,26.99962476,1
1505502957,21480380,44.89,0.12000000,0
1505502957,21480379,44.88,30.00000000,0
1505502956,21480378,44.79,0.12000000,0
1505502956,21480376,44.78,45.43000000,0
1505502956,21480374,44.69,0.12000000,0
1505502954,21480370,44.58,0.24000000,0
1505502948,21480345,44.68,1.19000000,1
1505502947,21480343,44.59,0.12000000,0
1505502947,21480342,44.58,0.46000000,0
1505502933,21480302,44.58,0.70000000,0
1505502933,21480298,44.58,3.52000000,0
1505502930,21480284,44.49,0.12000000,0
1505502930,21480283,44.39,0.12000000,0
1505502929,21480277,44.37,33.50703644,0
1505502929,21480275,44.37,9.99999978,0
1505502929,21480271,44.36,7.72185606,0
1505502929,21480269,44.35,7.76977180,0
1505502923,21480230,44.35,33.04664200,0
1505502923,21480228,44.34,14.95335800,0
1505502921,21480219,44.34,1.41000000,0
1505502916,21480203,44.32,50.00000000,0
1505502916,21480201,44.32,50.00000000,0
1505502916,21480198,44.32,15.71846200,0
1505502914,21480188,44.32,34.28153800,0
1505502914,21480186,44.31,50.00000000,0
1505502914,21480185,44.31,36.49440100,0
1505502911,21480175,44.31,13.50559900,0
1505502911,21480174,44.30,50.00000000,0
1505502911,21480173,44.29,0.12000000,0
1505502905,21480145,44.28,29.34899770,0
1505502890,21480086,44.28,20.65100230,0
1505502889,21480085,44.28,11.10600770,0
1505502889,21480084,44.27,1.14236800,0
1505502888,21480079,44.27,1.95000000,0
1505502883,21480054,44.25,5.71058100,0
1505502883,21480051,44.22,1.35682379,1
1505502877,21480019,44.28,10.35271900,0
1505502843,21479888,44.28,1.18021680,0
1505502782,21479838,44.25,5.94999400,1
1505502772,21479777,44.25,1.33147500,1
1505502772,21479775,44.25,7.69304600,1
1505502768,21479767,44.25,4.83579322,1
1505502749,21479726,44.28,16.02000000,0
1505502745,21479721,44.28,11.34105650,0
1505502745,21479720,44.23,4.48134750,0
1505502744,21479719,44.21,11.42564863,1
1505502717,21479695,44.23,0.51865250,0
1505502707,21479693,44.21,24.58914300,1
1505502683,21479674,44.35,2.84000000,0
1505502683,21479673,44.34,15.00000000,0
1505502673,21479667,44.35,6.34358620,0
1505502673,21479665,44.35,1.37641380,0
1505502672,21479663,44.36,16.22908620,1
1505502672,21479661,44.36,39.26708264,1
1505502671,21479659,44.36,8.33318436,1
1505502671,21479657,44.36,7.27800078,1
1505502670,21479653,44.36,2.72199900,1
1505502667,21479641,44.36,7.27795275,1
1505502660,21479624,44.36,6.78336311,1
1505502660,21479623,44.36,5.97006089,1
1505502660,21479622,44.36,26.42443911,1
1505502659,21479621,44.36,5.88356518,1
1505502659,21479620,44.36,7.27795306,1
1505502659,21479619,44.36,4.34777680,1
1505502658,21479615,44.36,14.79878900,1
1505502658,21479611,44.36,0.08641596,1
1505502658,21479609,44.36,20.34808204,1
1505502657,21479605,44.36,7.27795289,1
1505502657,21479603,44.36,4.68213700,1
1505502652,21479596,44.36,0.08632807,1
1505502652,21479595,44.36,18.53698100,1
1505502651,21479592,44.36,7.29197400,1
1505502651,21479591,44.36,6.56554500,1
1505502651,21479588,44.37,8.45229500,1
1505502650,21479586,44.37,1.54770500,1
1505502623,21479525,44.37,37.70816400,1
1505502608,21479503,44.45,2.24730900,1
1505502606,21479497,44.45,0.91077000,1
1505502603,21479490,44.45,13.80115100,1
1505502597,21479481,44.45,3.00000000,1
1505502591,21479470,44.44,50.00000000,1
1505502591,21479469,44.44,50.00000000,1
1505502591,21479468,44.44,50.00000000,1
1505502590,21479467,44.44,50.00000000,1
1505502590,21479465,44.44,43.13045934,1
1505502590,21479464,44.46,4.09000000,1
1505502584,21479453,44.50,1.75000000,1
1505502584,21479452,44.50,0.02278305,1
1505502578,21479445,44.55,20.44000000,1
1505502551,21479404,44.50,0.09721695,1
1505502551,21479403,44.50,0.12000000,1
1505502551,21479402,44.50,0.12000000,1
1505502551,21479401,44.50,0.12000000,1
1505502551,21479400,44.50,0.12000000,1
1505502540,21479371,44.59,0.12000000,0
1505502522,21479312,44.65,4.68000000,0
1505502521,21479310,44.65,2.28042700,0
1505502521,21479307,44.59,0.12000000,0
1505502521,21479306,44.56,1.59057300,0
1505502520,21479304,44.49,0.12000000,0
1505502519,21479300,44.56,1.44311800,0
1505502515,21479288,44.56,55.42512800,0
1505502510,21479282,44.56,0.61498500,0
1505502509,21479277,44.56,10.75967700,0
1505502508,21479271,44.56,3.72670100,0
1505502507,21479263,44.56,2.43981800,0
1505502503,21479256,44.64,23.57000000,0
1505502499,21479241,44.60,24.75570600,0
1505502499,21479239,44.60,6.91509300,0
1505502499,21479236,44.60,88.56815700,0
1505502499,21479235,44.60,99.76104400,0
1505502499,21479234,44.59,0.12000000,0
1505502485,21479208,44.45,0.21000000,1
1505502472,21479170,44.45,0.30000000,1
1505502468,21479162,44.51,0.12000000,0
1505502468,21479161,44.51,1.01000000,0
1505502468,21479160,44.50,3.50000000,0
1505502468,21479159,44.49,0.12000000,0
1505502467,21479158,44.44,0.12000000,1
1505502464,21479147,44.44,6.74954066,0
1505502464,21479145,44.44,43.25045934,0
1505502464,21479144,44.42,6.74954066,0
1505502464,21479143,44.42,50.00000000,0
1505502463,21479138,44.42,50.00000000,0
1505502463,21479136,44.42,50.00000000,0
1505502462,21479127,44.42,50.00000000,0
1505502462,21479125,44.42,50.00000000,0
1505502462,21479120,44.42,8.73892600,0
1505502462,21479118,44.42,31.53614900,0
1505502461,21479116,44.41,0.58000000,0
1505502461,21479115,44.39,0.12000000,0
1505502457,21479095,44.42,45.58532600,0
1505502456,21479091,44.42,4.05786800,0
1505502456,21479090,44.41,0.58000000,0
1505502439,21479050,44.42,0.31023000,0
1505502438,21479047,44.41,0.69000000,0
1505502430,21479024,44.42,1.03421882,0
1505502429,21479018,44.42,25.81451500,0
1505502424,21478981,44.42,55.71650000,0
1505502424,21478978,44.41,0.82000000,0
1505502416,21478962,44.42,10.42531200,0
1505502416,21478961,44.39,0.12000000,0
1505502416,21478960,44.37,0.20000000,0
1505502414,21478953,44.30,17.39452829,0
1505502413,21478950,44.30,14.99999962,0
1505502408,21478939,44.29,0.12000000,1
1505502407,21478933,44.29,1.01000000,0
1505502404,21478927,44.30,25.18842328,0
1505502403,21478926,44.29,0.12000000,0
1505502394,21478896,44.30,15.42325300,0
1505502394,21478895,44.30,7.83938100,0
1505502393,21478889,44.30,3.82595936,0
1505502393,21478887,44.29,1.20000000,0
1505502391,21478882,44.30,5.02054176,0
1505502388,21478869,44.30,42.38300000,0
1505502387,21478865,44.29,0.12000000,0
1505502360,21478776,44.30,8.41642700,0
1505502358,21478764,44.30,19.04853273,0
1505502356,21478757,44.29,0.12000000,0
1505502354,21478741,44.30,40.45995396,0
1505502354,21478740,44.29,0.12000000,0
1505502354,21478738,44.19,0.21000000,0
1505502345,21478691,44.19,0.31000000,0
1505502332,21478629,44.19,0.36000000,0
1505502332,21478628,44.19,22.44463974,0
1505502328,21478611,44.19,7.92749800,0
1505502328,21478609,44.19,9.63800800,0
1505502328,21478606,44.19,0.12000000,0
1505502325,21478592,44.09,0.12000000,0
1505502287,21478521,43.99,0.12000000,0
1505502278,21478498,43.98,3.25022768,0
1505502257,21478447,43.89,0.12000000,0
1505502208,21478382,43.79,0.12000000,0
1505502142,21478283,43.69,0.12000000,0
1505502105,21478181,43.59,0.33718179,1
1505502102,21478169,43.60,3.07650244,1
1505502102,21478166,43.60,0.12000000,1
1505502102,21478164,43.60,0.12000000,1
1505502101,21478163,43.60,0.12000000,1
1505502101,21478161,43.60,0.12000000,1
1505502101,21478160,43.60,0.12000000,1
1505502101,21478158,43.60,0.12000000,1
1505502101,21478156,43.60,0.12000000,1
1505502101,21478154,43.60,0.12000000,1
1505502101,21478151,43.60,0.12000000,1
1505502100,21478150,43.60,0.12000000,1
1505502100,21478149,43.60,0.12000000,1
1505502100,21478147,43.60,0.12000000,1
1505502100,21478145,43.60,0.12000000,1
1505502100,21478144,43.61,0.12000000,1
1505502100,21478143,43.61,0.12000000,1
1505502100,21478140,43.62,0.12000000,1
1505502097,21478131,43.59,2.35650244,1
1505502097,21478130,43.60,0.12000000,1
1505502097,21478129,43.60,0.12000000,1
1505502097,21478127,43.60,0.12000000,1
1505502097,21478126,43.60,0.12000000,1
1505502097,21478124,43.60,0.12000000,1
1505502096,21478123,43.60,0.12000000,1
1505502096,21478122,43.60,0.12000000,1
1505502096,21478121,43.60,0.12000000,1
1505502096,21478120,43.60,0.12000000,1
1505502096,21478119,43.60,0.12000000,1
1505502096,21478118,43.60,0.12000000,1
1505502096,21478117,43.60,0.12000000,1
1505502096,21478116,43.60,0.12000000,1
1505502095,21478115,43.60,0.12000000,1
1505502095,21478114,43.60,0.12000000,1
1505502095,21478113,43.60,0.12000000,1
1505502095,21478112,43.60,0.12000000,1
1505502095,21478111,43.60,0.12000000,1
1505502095,21478110,43.60,0.12000000,1
1505502095,21478109,43.60,0.12000000,1
1505502095,21478108,43.60,0.12000000,1
1505502094,21478107,43.61,0.12000000,1
1505502090,21478098,43.61,5.00000000,1
1505502088,21478096,43.61,4.99650244,1
1505502083,21478088,43.59,0.12000000,0
1505502083,21478084,43.58,0.00000788,1
1505502083,21478083,43.58,4.99649456,1
1505502082,21478077,43.58,0.00000544,0
1505502082,21478076,43.58,4.99649700,0
1505501989,21477825,43.61,22.33102076,0
1505501961,21477797,43.45,5.59543900,1
1505501958,21477794,44.05,9.34435854,1
1505501958,21477793,43.68,2.67000000,0
1505501958,21477792,43.65,17.78000000,1
1505501956,21477791,43.49,16.68484670,0
1505501955,21477790,43.49,19.37652330,1
1505501943,21477774,43.49,18.81191079,1
1505501941,21477763,43.49,1.81156591,1
1505501940,21477762,43.50,0.00011494,1
1505501940,21477759,43.50,24.52988506,1
1505501921,21477750,43.47,1.62600000,1
1505501921,21477749,43.47,22.27000000,1
1505501921,21477748,43.50,12.00000500,1
1505501907,21477742,43.50,17.99999500,1
1505501877,21477709,43.45,22.50113500,1
1505501870,21477691,43.45,0.99800000,1
1505501861,21477680,43.45,3.63501700,1
1505501849,21477666,43.58,24.49128040,0
1505501837,21477660,43.50,0.24195380,1
1505501837,21477658,43.51,28.23000000,1
1505501828,21477649,43.43,4.99321761,1
1505501827,21477645,44.00,20.34144975,1
1505501826,21477644,44.00,0.65500000,0
1505501826,21477643,43.99,0.12000000,0
1505501826,21477642,43.89,0.12000000,0
1505501826,21477641,43.79,0.12000000,0
1505501826,21477640,43.69,0.12000000,0
1505501826,21477639,43.62,3.46000000,0
1505501826,21477638,43.62,17.28000000,0
1505501826,21477637,43.59,2.79000000,0
1505501826,21477636,43.49,4.99355025,0
1505501821,21477626,43.43,4.49492400,1
1505501817,21477623,43.64,8.90352887,1
1505501817,21477622,43.59,0.12000000,0
1505501817,21477620,43.49,0.12000000,0
1505501815,21477619,43.43,13.69441859,0
1505501815,21477618,43.43,16.82758554,0
1505501807,21477613,43.42,2.30000000,1
1505501794,21477601,43.43,16.82582939,1
1505501697,21477442,43.40,9.46566798,1
1505501682,21477395,43.58,0.00000026,1
1505501668,21477347,43.58,2.65225700,1
1505501666,21477339,43.58,4.80983903,1
1505501665,21477338,43.58,8.41790371,1
1505501664,21477336,43.49,0.12000000,0
1505501632,21477269,43.33,0.19851425,1
1505501552,21477209,43.32,0.00000019,0
1505501535,21477198,43.32,2.99999981,0
1505501528,21477191,43.36,16.00000000,0
1505501511,21477170,43.36,8.35000000,1
1505501511,21477167,43.99,19.64173675,1
1505501510,21477165,43.96,2.86000000,0
1505501510,21477163,43.89,0.12000000,0
1505501510,21477162,43.79,0.12000000,0
1505501509,21477161,43.69,0.12000000,0
1505501509,21477159,43.65,3.07000000,1
1505501509,21477158,43.65,15.34000000,1
1505501508,21477157,43.59,0.12000000,0
1505501508,21477156,43.49,0.12000000,0
1505501508,21477152,43.48,3.30000000,0
1505501506,21477150,43.39,0.12000000,0
1505501475,21477130,43.47,15.45132076,0
1505501475,21477129,43.39,0.12000000,0
1505501474,21477128,43.36,0.01642124,0
1505501438,21477080,43.29,0.12000000,0
1505501345,21476944,43.36,0.93350422,0
1505501337,21476884,43.13,3.30976118,1
1505501336,21476880,43.36,0.11485240,0
1505501334,21476870,43.89,1.72522214,1
1505501333,21476868,43.81,2.86000000,0
1505501333,21476867,43.79,0.12000000,0
1505501332,21476866,43.75,3.50000000,0
1505501332,21476864,43.69,0.12000000,0
1505501332,21476862,43.59,0.12000000,0
1505501331,21476860,43.50,5.00000000,0
1505501331,21476858,43.50,5.00000000,0
1505501331,21476857,43.50,10.68113276,0
1505501331,21476855,43.49,0.38000000,0
1505501331,21476854,43.49,1.88000000,0
1505501331,21476853,43.49,0.12000000,0
1505501330,21476851,43.48,3.28354438,0
1505501330,21476850,43.39,0.12000000,0
1505501328,21476847,43.29,0.12000000,0
1505501313,21476817,43.11,0.58000000,0
1505501311,21476813,43.22,0.28915599,0
1505501311,21476812,43.22,0.28915599,0
1505501311,21476811,43.22,0.28915599,0
1505501311,21476809,43.22,0.28915599,0
1505501311,21476808,43.22,0.28915599,0
1505501311,21476807,43.19,0.12000000,0
1505501311,21476806,43.19,0.12000000,0
1505501310,21476800,43.08,2.90999790,1
1505501310,21476799,43.11,0.00000210,1
1505501309,21476792,43.18,1.68578000,0
1505501308,21476791,43.11,0.12081790,0
1505501308,21476790,43.09,0.12000000,0
1505501301,21476776,43.11,1.04918210,0
1505501301,21476775,43.09,0.12000000,0
1505501301,21476772,43.07,0.00041228,0
1505501300,21476769,43.07,5.86958772,0
1505501288,21476749,43.12,14.24442600,0
1505501287,21476746,43.12,1.15557400,0
1505501286,21476743,43.12,4.60000000,0
1505501286,21476742,43.11,2.55000000,0
1505501286,21476740,43.09,0.12000000,0
1505501286,21476737,43.07,12.73000000,0
1505501283,21476727,43.06,0.98255495,0
1505501283,21476726,43.06,1.51442600,0
1505501280,21476720,42.89,0.12000000,0
1505501280,21476719,42.88,2.60712346,0
1505501278,21476715,42.88,8.41383900,0
1505501265,21476703,43.00,0.60177875,0
1505501265,21476702,43.00,0.60177875,0
1505501264,21476701,42.99,7.21028243,0
1505501254,21476698,42.99,0.75787857,1
1505501254,21476697,42.99,0.12000000,0
1505501252,21476696,42.89,0.12000000,0
1505501172,21476630,42.85,0.67949600,1
1505501172,21476627,42.85,5.14799300,1
1505501172,21476626,42.85,2.82016800,1
1505501170,21476616,42.85,3.35234300,1
1505501160,21476590,42.94,4.87299600,0
1505501160,21476589,42.89,0.12000000,0
1505501144,21476562,42.93,3.14000000,0
1505501143,21476561,42.92,15.71000000,0
1505501124,21476549,42.92,4.47738500,0
1505501124,21476548,42.89,0.12000000,0
1505501044,21476452,42.83,20.58508900,1
1505501033,21476434,42.83,4.02691800,1
1505500993,21476375,42.79,0.12000000,0
1505500947,21476312,42.69,0.12000000,0
1505500883,21476207,42.74,3.00267000,0
1505500882,21476202,42.74,1.00000000,0
1505500845,21476140,42.55,5.00000000,0
1505500788,21476027,42.59,1.00000000,1
1505500786,21476024,42.58,4.00000000,1
1505500782,21476010,42.63,4.51722333,1
1505500782,21476009,42.63,2.60254667,1
1505500782,21476008,42.96,9.88023000,1
1505500780,21476001,42.89,0.12000000,0
1505500738,21475898,42.79,0.12000000,0
1505500708,21475768,42.69,0.12000000,0
1505500707,21475766,42.64,0.76038678,0
1505500705,21475758,42.59,0.12000000,0
1505500675,21475637,42.63,2.98858081,0
1505500675,21475635,42.59,0.12000000,0
1505500661,21475569,42.62,0.90550000,0
1505500661,21475568,42.62,0.90550000,0
1505500660,21475567,42.60,0.24000000,0
1505500659,21475562,42.59,0.12000000,0
1505500624,21475448,42.60,0.90550000,0
1505500623,21475447,42.55,0.12000000,0
1505500623,21475446,42.55,0.12000000,0
1505500618,21475431,42.51,1.39354500,1
1505500618,21475429,42.59,0.12000000,1
1505500618,21475426,42.60,1.14550000,0
1505500618,21475424,42.60,0.97096600,0
1505500580,21475324,42.61,0.06546600,1
1505500580,21475322,42.61,0.12000000,1
1505500580,21475319,42.62,0.12000000,1
1505500579,21475317,42.62,0.12000000,1
1505500579,21475315,42.62,0.12000000,1
1505500579,21475313,42.62,0.12000000,1
1505500579,21475312,42.62,0.12000000,1
1505500579,21475310,42.62,0.12000000,1
1505500579,21475308,42.62,0.12000000,1
1505500579,21475306,42.62,0.06546600,1
1505500575,21475297,42.62,0.05453400,1
1505500575,21475296,42.62,0.12000000,1
1505500568,21475272,42.63,0.12000000,1
1505500568,21475267,42.63,0.12000000,1
1505500568,21475265,42.63,0.12000000,1
1505500558,21475219,42.64,0.57580702,1
1505500557,21475217,42.64,0.17362391,1
1505500557,21475216,42.64,24.22356907,1
1505500551,21475197,42.78,3.77821690,1
1505500550,21475188,42.78,0.42585042,0
1505500549,21475182,42.66,10.09460500,1
1505500546,21475168,42.66,5.13685400,1
1505500541,21475160,42.65,7.81175912,1
1505500541,21475159,42.66,17.18824088,1
1505500534,21475141,42.66,1.08175900,1
1505500523,21475116,42.66,0.00000012,0
1505500522,21475115,42.66,7.91887988,0
1505500522,21475114,42.66,18.27000000,1
1505500476,21474948,42.78,2.73736531,0
1505500457,21474845,42.78,0.17362391,1
1505500451,21474826,42.85,1.52795611,1
1505500451,21474821,42.85,1.79181133,1
1505500429,21474682,42.97,1.00000000,1
1505500423,21474653,43.00,5.67791112,1
1505500422,21474644,43.00,1.27383196,1
1505500420,21474637,43.00,4.72848948,1
1505500418,21474627,43.01,20.09043400,1
1505500412,21474606,43.00,3.31976744,1
1505500410,21474600,43.04,3.30592867,1
1505500397,21474545,43.20,4.45362218,1
1505500387,21474500,43.20,6.92803754,1
1505500387,21474498,43.21,5.00000000,1
1505500387,21474497,43.22,10.02096246,1
1505500342,21474324,43.22,1.00000000,1
1505500204,21473693,43.43,1.37808340,0
1505500204,21473691,43.43,0.50984660,0
1505500204,21473687,43.42,1.34000000,0
1505500204,21473686,43.42,6.69000000,0
1505500176,21473577,43.41,7.00023000,0
1505500132,21473490,43.43,4.55032946,0
1505500131,21473486,43.43,23.95648169,0
1505500125,21473456,43.43,1.32863125,0
1505500125,21473455,43.43,9.79596695,0
1505500125,21473452,43.42,5.09000000,0
1505500121,21473438,43.43,15.78249000,0
1505500121,21473437,43.38,2.35150000,0
1505500119,21473427,43.41,5.44000000,1
1505500119,21473426,43.42,15.20596745,1
1505500118,21473424,43.42,5.84973749,1
1505500115,21473409,43.43,4.76700205,0
1505500114,21473400,43.42,1.83026251,0
1505500114,21473395,43.42,5.97973749,0
1505500093,21473371,43.39,0.12000000,0
1505500089,21473363,43.42,3.27590971,0
1505500089,21473362,43.39,0.12000000,0
1505500087,21473361,43.37,15.00000000,0
1505500037,21473213,43.18,3.30592867,1
1505500031,21473175,43.40,7.64082820,0
1505500031,21473173,43.40,8.22456500,0
1505500031,21473171,43.40,1.51000000,0
1505500031,21473169,43.37,0.36000000,0
1505500028,21473151,43.40,1.03082800,0
1505500028,21473150,43.39,0.12000000,0
1505500026,21473126,43.37,0.37000000,0
1505500026,21473124,43.37,18.27000000,0
1505500026,21473121,43.29,0.12000000,0
1505500006,21473058,43.35,10.35518400,1
1505500000,21473044,43.29,0.12000000,0
1505500000,21473043,43.29,0.00060000,0
1505499987,21473002,43.29,0.11940000,0
1505499981,21472960,43.28,9.22687727,0
1505499977,21472935,43.30,5.72675651,1
1505499976,21472925,43.36,0.13319070,0
1505499974,21472914,43.30,0.12000000,1
1505499969,21472895,43.36,9.25830512,1
1505499968,21472888,43.30,0.24000000,0
1505499962,21472840,43.29,11.30697455,0
1505499960,21472833,43.28,4.14856747,0
1505499959,21472831,43.29,0.00001809,1
1505499958,21472827,43.29,45.67000000,0
1505499950,21472793,43.21,7.38488700,1
1505499950,21472787,43.30,4.76000000,0
1505499950,21472785,43.19,0.12000000,0
1505499949,21472782,43.09,0.12000000,0
1505499945,21472773,43.05,0.64100923,1
1505499923,21472695,43.08,6.00000000,1
1505499914,21472676,43.16,0.12000000,1
1505499910,21472659,43.09,0.12000000,0
1505499898,21472609,43.07,2.26590100,0
1505499884,21472541,42.99,0.12000000,0
1505499883,21472540,42.98,0.74674159,1
1505499850,21472466,43.39,1.27886609,1
1505499850,21472465,43.29,0.12000000,0
1505499849,21472464,43.19,0.12000000,0
1505499849,21472463,43.16,1.01000000,0
1505499849,21472462,43.09,0.12000000,0
1505499847,21472461,43.00,11.18727494,0
1505499844,21472453,43.05,9.95934959,0
1505499842,21472451,42.99,0.12000000,0
1505499802,21472366,43.24,5.41950240,1
1505499801,21472363,43.19,0.02437602,0
1505499801,21472359,43.19,26.49900000,1
1505499800,21472351,43.17,1.25000000,0
1505499800,21472348,43.17,6.24000000,0
1505499798,21472339,43.16,15.00023000,1
1505499789,21472308,42.97,1.00000000,1
1505499767,21472242,43.19,0.09562398,0
1505499767,21472241,43.09,0.12000000,0
1505499767,21472240,43.09,1.98000000,1
1505499766,21472232,42.99,0.12000000,0
1505499762,21472227,42.94,5.97669981,1
1505499760,21472221,42.94,7.18043100,1
1505499760,21472220,42.94,15.53649000,1
1505499737,21472187,42.95,1.15389988,1
1505499736,21472185,42.89,1.05022281,1
1505499735,21472184,42.89,0.12000000,0
1505499693,21472070,42.64,3.34779549,1
1505499692,21472067,42.64,2.42863544,1
1505499691,21472066,42.64,0.12000000,1
1505499691,21472064,42.64,0.12000000,1
1505499691,21472063,42.64,0.12000000,1
1505499691,21472062,42.64,0.12000000,1
1505499691,21472061,42.64,0.12000000,1
1505499691,21472060,42.64,0.12000000,1
1505499691,21472057,42.64,0.12000000,1
1505499691,21472056,42.64,0.12000000,1
1505499690,21472054,42.64,0.12000000,1
1505499690,21472051,42.65,26.02000000,1
1505499690,21472050,42.65,0.12000000,1
1505499690,21472049,42.65,0.12000000,1
1505499689,21472048,42.68,20.90345032,1
1505499689,21472045,42.91,3.31591173,1
1505499688,21472044,43.00,3.39557600,1
1505499688,21472043,43.00,3.44770811,1
1505499683,21472025,43.14,1.50000000,0
1505499675,21471987,43.00,7.40682900,1
1505499670,21471968,43.00,12.24085592,1
1505499669,21471967,43.00,0.81000000,1
1505499669,21471965,43.00,3.78590428,1
1505499669,21471964,43.00,6.29323980,1
1505499669,21471962,43.01,3.87000000,1
1505499665,21471947,43.01,19.65000000,1
1505499665,21471945,43.02,19.35000000,1
1505499644,21471877,43.02,4.00000000,1
1505499633,21471852,43.02,15.00000000,1
1505499627,21471842,43.02,2.00000000,1
1505499611,21471791,43.07,0.85054600,1
1505499607,21471771,43.07,14.42918068,1
1505499607,21471768,43.07,5.10000000,1
1505499607,21471766,43.10,11.18727494,1
1505499607,21471764,43.11,3.28354438,1
1505499582,21471683,43.19,11.58000000,1
1505499561,21471654,43.40,1.59377880,0
1505499560,21471651,43.39,0.12000000,0
1505499560,21471647,43.38,1.01000000,0
1505499560,21471646,43.38,15.17264500,0
1505499559,21471644,43.33,46.00714814,0
1505499559,21471641,43.32,5.06000000,0
1505499558,21471638,43.30,0.54018476,0
1505499556,21471634,43.30,4.45981524,0
1505499554,21471629,43.29,0.12000000,0
1505499554,21471627,43.29,0.02758791,0
1505499528,21471527,43.19,2.57000000,1
1505499521,21471503,43.19,0.12000000,1
1505499520,21471501,43.19,4.00000000,1
1505499520,21471499,43.29,0.09241209,0
1505499519,21471498,43.22,3.99500000,0
1505499519,21471496,43.22,4.71800491,0
1505499518,21471490,43.22,5.30107100,0
1505499516,21471484,43.22,12.24092409,0
1505499516,21471483,43.21,8.44502791,0
1505499516,21471482,43.18,9.89000000,0
1505499514,21471472,43.21,16.31600000,0
1505499513,21471466,43.21,5.17062796,0
1505499512,21471459,43.21,14.15821400,0
1505499511,21471454,43.21,5.00000000,0
1505499510,21471452,43.21,0.91013013,0
1505499510,21471451,43.21,3.99500000,0
1505499510,21471449,43.21,2.19165587,0
1505499504,21471425,43.20,30.65906152,0
1505499504,21471422,43.15,0.00000044,0
1505499504,21471419,43.14,14.47000000,0
1505499501,21471404,43.15,56.83650700,0
1505499473,21471297,43.19,14.10000000,0
1505499462,21471270,43.00,3.47970000,1
1505499457,21471249,43.18,11.10000000,0
1505499374,21470982,43.00,3.34860000,1
1505499363,21470946,43.20,19.34093848,0
1505499363,21470944,43.19,45.26000000,0
1505499354,21470925,43.21,47.80834413,1
1505499354,21470924,43.21,50.00000000,1
1505499353,21470922,43.21,50.00000000,1
1505499353,21470921,43.21,50.00000000,1
1505499353,21470920,43.21,50.00000000,1
1505499352,21470911,43.21,50.00000000,1
1505499352,21470910,43.21,50.00000000,1
1505499352,21470909,43.21,46.00500000,1
1505499351,21470908,43.32,3.99500000,1
1505499350,21470900,43.31,19.00500000,0
1505499350,21470896,43.21,50.00000000,1
1505499350,21470894,43.21,27.74000000,1
1505499350,21470892,43.22,22.26000000,1
1505499332,21470841,43.21,23.00000000,1
1505499278,21470663,43.37,1.87257647,1
1505499277,21470658,43.37,0.64000000,1
1505499262,21470631,43.31,22.67165554,0
1505499245,21470575,43.05,3.31591173,0
1505499243,21470565,43.33,3.28354438,0
1505499231,21470514,43.04,20.00000000,1
1505499227,21470495,43.35,7.85006920,0
1505499227,21470492,43.34,0.97000000,0
1505499221,21470462,43.04,0.83686309,0
1505499220,21470457,43.04,9.16313691,1
1505499173,21470325,43.39,0.00843733,1
1505499171,21470308,43.39,2.11560000,1
1505499164,21470231,43.39,0.12000000,0
1505499149,21470176,43.38,2.11089200,1
1505499148,21470175,43.29,0.12000000,0
1505499147,21470166,43.19,0.12000000,0
1505499147,21470165,43.09,0.12000000,0
1505499143,21470148,43.04,11.84116809,1
1505499118,21470075,43.00,2.78871251,0
1505499118,21470074,43.00,9.27000000,0
1505499118,21470073,43.00,1.06282729,0
1505499114,21470062,43.00,2.79717271,0
1505499114,21470061,43.00,1.92611583,0
1505499114,21470056,43.00,3.21462200,0
1505499113,21470053,43.00,4.08926217,0
1505499113,21470050,43.00,3.22000000,0
1505499113,21470049,43.00,1.96000000,0
1505499113,21470045,43.00,3.29000000,0
1505499113,21470044,43.00,0.56227763,0
1505499111,21470032,43.00,5.25772237,0
1505499111,21470031,43.00,3.39000000,0
1505499111,21470030,43.00,0.58765563,0
1505499109,21470023,43.00,3.22234437,0
1505499109,21470019,43.00,1.96005000,0
1505499107,21470009,43.00,1.27995000,0
1505499106,21470008,43.00,0.60909268,0
1505499099,21469975,43.00,1.40000000,0
1505499095,21469946,43.00,5.81227800,0
1505499093,21469927,43.00,3.39571442,0
1505499092,21469914,43.00,3.81199536,0
1505499088,21469903,43.50,3.24091954,1
1505499087,21469901,43.49,0.12000000,0
1505499087,21469899,43.43,1.53000000,0
1505499087,21469898,43.39,0.12000000,0
1505499086,21469896,43.29,0.12000000,0
1505499086,21469895,43.19,0.12000000,0
1505499086,21469894,43.18,0.31000000,0
1505499085,21469893,43.09,0.12000000,0
1505499085,21469891,43.00,1.22000000,0
1505499081,21469871,43.00,2.28000000,0
1505499081,21469870,42.99,0.12000000,0
1505499059,21469764,42.89,0.12000000,0
1505499058,21469762,42.80,0.00007593,0
1505499030,21469621,42.76,10.00000000,1
1505499030,21469617,42.77,3.43000000,1
1505499030,21469609,42.77,19.00865092,1
1505499030,21469607,42.79,1.05028164,1
1505499030,21469603,42.79,0.00000400,1
1505499022,21469537,42.80,48.99232547,0
1505499015,21469505,42.80,1.00759860,0
1505499015,21469498,42.79,38.16040600,0
1505499014,21469497,42.79,0.12000000,0
1505499014,21469496,42.78,1.28000000,0
1505499000,21469424,42.69,0.63578200,1
1505499000,21469421,42.69,0.12000000,0
1505498999,21469417,42.59,0.12000000,0
1505498979,21469357,42.51,8.27425637,0
1505498979,21469355,42.51,11.72574363,0
1505498979,21469354,42.50,12.71398637,0
1505498978,21469351,42.49,0.12000000,0
1505498974,21469337,42.44,0.51000000,1
1505498974,21469334,42.44,2.57000000,1
1505498971,21469321,42.44,5.62729198,1
1505498970,21469316,42.43,12.95663445,0
1505498964,21469297,42.39,0.12000000,0
1505498963,21469296,42.38,0.83000000,0
1505498961,21469290,42.31,4.14000000,1
1505498960,21469286,42.29,0.12000000,0
1505498960,21469284,42.28,50.00000000,0
1505498959,21469283,42.28,47.00000000,0
1505498954,21469254,42.28,3.00000000,0
1505498951,21469246,42.27,4.92000000,0
1505498951,21469245,42.27,42.84109200,0
1505498951,21469244,42.27,24.88407047,0
1505498950,21469239,42.27,2.36133453,0
1505498950,21469238,42.27,0.63866547,0
1505498949,21469235,42.22,0.98600000,1
1505498947,21469225,42.27,2.95000000,0
1505498946,21469220,42.26,3.00000000,0
1505498944,21469198,42.27,3.00000000,0
1505498941,21469191,42.27,5.45019600,0
1505498941,21469188,42.27,1.65176248,0
1505498940,21469180,42.27,0.15000000,0
1505498940,21469178,42.26,2.85000000,0
1505498936,21469156,42.26,3.00000000,0
1505498932,21469130,42.27,3.00000000,0
1505498929,21469121,42.27,3.00000000,0
1505498927,21469119,42.27,1.05583155,0
1505498925,21469115,42.26,0.95000000,0
1505498925,21469114,42.26,3.00000000,0
1505498922,21469093,42.26,3.00000000,0
1505498917,21469081,42.27,4.63087275,0
1505498910,21469070,42.27,24.47267175,0
1505498910,21469069,42.27,36.45860985,0
1505498909,21469068,42.27,3.14000000,0
1505498909,21469067,42.26,8.26000000,0
1505498893,21469038,42.27,1.00000000,0
1505498869,21469008,42.20,0.12000000,1
1505498864,21468999,42.27,5.58000000,0
1505498864,21468998,42.19,0.12000000,0
1505498828,21468913,42.27,3.82139015,0
1505498828,21468912,42.19,0.12000000,0
1505498828,21468911,42.17,17.30710385,0
1505498824,21468896,42.17,12.13858815,0
1505498824,21468895,42.10,17.30710385,0
1505498818,21468891,42.10,6.38601600,0
1505498818,21468890,42.09,0.12000000,0
1505498773,21468823,42.00,30.00000000,0
1505498772,21468820,41.99,0.12000000,0
1505498770,21468818,41.99,28.34683500,0
1505498766,21468804,41.99,1.45724600,0
1505498758,21468793,41.99,10.00000000,0
1505498751,21468774,41.99,5.69191400,0
1505498750,21468768,41.99,2.15903396,0
1505498750,21468767,41.99,0.96038604,0
1505498750,21468766,41.98,0.15000000,0
1505498750,21468765,41.98,0.15000000,0
1505498749,21468763,41.98,0.15000000,0
1505498749,21468762,41.98,0.15000000,0
1505498749,21468761,41.97,0.15000000,0
1505498749,21468760,41.97,0.15000000,0
1505498693,21468685,41.96,18.89341300,0
1505498693,21468684,41.89,0.12000000,0
1505498692,21468679,41.88,2.81017164,0
1505498692,21468674,41.88,43.61000000,0
1505498692,21468673,41.79,0.12000000,0
1505498588,21468519,41.69,38.78652800,1
1505498588,21468518,41.77,0.15000000,1
1505498587,21468517,41.79,32.84480800,1
1505498587,21468516,41.80,1.20000000,1
1505498578,21468508,41.88,1.19049893,0
1505498568,21468491,41.79,5.25078200,1
1505498567,21468487,41.79,0.68762500,1
1505498567,21468486,41.88,30.00000000,1
1505498546,21468463,41.88,27.36542429,1
1505498524,21468441,41.88,22.63457571,1
1505498524,21468440,41.88,42.79752300,1
1505498522,21468437,41.88,0.99800000,1
1505498521,21468432,41.88,6.20447700,1
1505498521,21468431,41.89,22.28363700,1
1505498521,21468430,41.90,16.71272800,1
1505498515,21468422,41.98,0.15000000,1
1505498506,21468402,42.05,10.79630000,1
1505498498,21468384,42.09,8.60596500,1
1505498498,21468383,42.09,10.73154700,1
1505498498,21468382,42.09,25.39065400,1
1505498498,21468380,42.09,1.35218000,1
1505498495,21468372,42.09,23.25716600,1
1505498495,21468371,42.09,2.00000000,1
1505498493,21468359,42.09,48.00000000,1
1505498485,21468347,42.11,13.68299800,1
1505498485,21468345,42.11,7.04110000,1
1505498484,21468342,42.11,2.83425700,1
1505498484,21468340,42.11,0.13476485,1
1505498483,21468339,42.11,11.70593715,1
1505498483,21468338,42.11,4.38298300,1
1505498482,21468330,42.11,1.73201300,1
1505498481,21468328,42.11,6.21161100,1
1505498481,21468327,42.11,17.82366900,1
1505498481,21468326,42.11,8.14378685,1
1505498481,21468325,42.11,25.37592015,1
1505498480,21468324,42.11,24.62407985,1
1505498480,21468323,42.11,31.65382788,1
1505498474,21468304,42.12,5.30651700,1
1505498473,21468298,42.12,3.69788900,1
1505498473,21468296,42.12,1.47491700,1
1505498470,21468286,42.12,6.40700000,1
1505498469,21468284,42.12,7.19200000,1
1505498466,21468275,42.12,7.57544912,1
1505498466,21468274,42.12,3.64909588,1
1505498462,21468200,42.12,13.25559000,1
1505498448,21468168,42.12,3.16047000,1
1505498447,21468160,42.20,5.03023000,0
1505498447,21468153,42.12,9.09269612,1
1505498445,21468149,42.12,11.00000000,1
1505498441,21468139,42.12,5.80255500,1
1505498433,21468123,42.12,4.03959300,1
1505498433,21468122,42.12,10.39668000,1
1505498430,21468112,42.12,3.00000000,1
1505498426,21468093,42.12,2.60332000,1
1505498424,21468085,42.12,34.00000000,1
1505498424,21468084,42.12,50.00000000,1
1505498424,21468082,42.12,50.00000000,1
1505498424,21468081,42.12,41.00000000,1
1505498417,21468064,42.12,9.00000000,1
1505498417,21468061,42.12,50.00000000,1
1505498417,21468059,42.12,11.00000000,1
1505498412,21468047,42.12,39.00000000,1
1505498412,21468045,42.13,50.00000000,1
1505498393,21467964,42.29,56.83650744,1
1505498379,21467879,42.19,0.15000000,1
1505498379,21467878,42.20,27.38554000,1
1505498379,21467877,42.21,4.18880299,1
1505498373,21467858,42.20,37.08186000,1
1505498360,21467817,42.69,4.18880299,1
1505498360,21467815,42.59,0.12000000,0
1505498359,21467814,42.50,20.00000000,0
1505498359,21467810,42.49,0.12000000,0
1505498359,21467806,42.39,0.12000000,0
1505498357,21467800,42.29,0.12000000,0
1505498353,21467777,42.20,58.41260000,1
1505498351,21467772,42.21,46.54000000,0
1505498345,21467761,42.19,0.12000000,0
1505498340,21467737,42.09,0.12000000,0
1505498315,21467642,42.00,46.16767404,0
1505498314,21467641,42.00,3.83232596,0
1505498314,21467638,41.99,0.12000000,0
1505498312,21467622,41.99,5.00000000,0
1505498311,21467619,41.99,0.59562596,0
1505498311,21467618,41.99,8.76710000,0
1505498311,21467617,41.99,8.76710000,0
1505498311,21467616,41.99,8.76710000,0
1505498311,21467615,41.99,8.76710000,0
1505498311,21467614,41.99,8.76710000,0
1505498310,21467613,41.99,8.76710000,0
1505498310,21467612,41.99,8.76710000,0
1505498310,21467611,41.99,8.76710000,0
1505498310,21467609,41.99,8.76710000,0
1505498310,21467607,41.98,8.76710000,0
1505498310,21467606,41.98,8.76710000,0
1505498310,21467605,41.98,8.76710000,0
1505498310,21467604,41.98,8.76710000,0
1505498310,21467603,41.98,0.27271504,0
1505498308,21467602,41.98,8.49438496,0
1505498308,21467601,41.98,8.76710000,0
1505498308,21467600,41.98,8.76710000,0
1505498308,21467599,41.98,8.76710000,0
1505498308,21467598,41.98,8.76710000,0
1505498308,21467596,41.98,8.76710000,0
1505498308,21467595,41.98,8.76710000,0
1505498308,21467593,41.98,1.92024904,0
1505498308,21467592,41.98,1.20234500,0
1505498308,21467590,41.98,5.00000000,0
1505498307,21467583,41.98,0.64450596,0
1505498307,21467581,41.98,8.76710000,0
1505498307,21467580,41.98,8.76710000,0
1505498307,21467579,41.98,8.76710000,0
1505498306,21467576,41.98,8.76710000,0
1505498306,21467574,41.98,4.62820604,0
1505498302,21467552,41.98,4.13889396,0
1505498302,21467550,41.98,8.76710000,0
1505498302,21467548,41.98,8.76710000,0
1505498301,21467546,41.98,8.76710000,0
1505498301,21467545,41.98,8.76710000,0
1505498301,21467544,41.98,1.13382104,0
1505498301,21467539,41.98,7.63327896,0
1505498301,21467537,41.98,8.76710000,0
1505498300,21467536,41.98,8.76710000,0
1505498300,21467535,41.98,8.76710000,0
1505498300,21467534,41.98,8.76710000,0
1505498300,21467532,41.98,8.76710000,0
1505498300,21467531,41.98,8.76710000,0
1505498300,21467530,41.98,8.76710000,0
1505498300,21467529,41.98,8.76710000,0
1505498300,21467528,41.98,8.76710000,0
1505498300,21467527,41.98,8.76710000,0
1505498299,21467526,41.98,8.76710000,0
1505498299,21467525,41.98,8.76710000,0
1505498299,21467524,41.98,8.76710000,0
1505498299,21467523,41.98,8.76710000,0
1505498299,21467522,41.98,3.62732104,0
1505498297,21467514,41.98,5.13977896,0
1505498297,21467511,41.98,0.06156227,0
1505498291,21467476,41.98,8.70553773,0
1505498290,21467474,41.98,8.76710000,0
1505498290,21467472,41.98,8.76710000,0
1505498290,21467471,41.98,8.76710000,0
1505498290,21467469,41.98,8.76710000,0
1505498290,21467468,41.98,8.76710000,0
1505498290,21467467,41.98,8.76710000,0
1505498289,21467465,41.98,8.76710000,0
1505498289,21467463,41.98,8.76710000,0
1505498289,21467461,41.98,8.76710000,0
1505498289,21467460,41.98,8.76710000,0
1505498289,21467459,41.98,8.76710000,0
1505498288,21467457,41.98,8.76710000,0
