date,tid,price,amount,type
1505519855,21517132,51.93,30.26000000,0
1505519855,21517130,51.89,1.84000000,0
1505519855,21517128,51.89,7.72000000,1
1505519853,21517127,51.84,9.18000000,0
1505519703,21517004,51.75,89.73313468,1
1505519617,21516956,51.98,15.96435167,1
1505519616,21516955,51.98,11.35000000,0
1505519573,21516926,51.80,15.31000000,1
1505519572,21516925,51.81,15.31000000,1
1505519571,21516919,51.80,15.31000000,0
1505519571,21516917,51.79,2.96905222,0
1505519539,21516878,51.80,2.95301856,0
1505519529,21516858,51.59,0.00000031,0
1505519526,21516851,51.59,1.05091400,0
1505519517,21516836,51.59,1.92485900,0
1505519126,21516482,51.04,2.01861285,0
1505519088,21516417,50.85,3.01868239,0
1505519078,21516408,51.06,0.00000022,1
1505519008,21516367,51.06,2.99687600,1
1505518879,21516267,51.46,5.00000000,0
1505518638,21516142,51.23,2.99687622,1
1505518625,21516133,51.42,2.97595967,1
1505518603,21516105,51.57,0.66903731,1
1505518598,21516100,51.58,0.70687447,1
1505518580,21516084,51.58,14.32600000,1
1505518573,21516078,51.58,2.97595967,1
1505518571,21516075,51.58,25.35116586,0
1505518567,21516071,51.57,2.97673600,1
1505518564,21516069,51.42,0.35422669,0
1505518564,21516068,51.42,2.97577331,0
1505518562,21516067,51.29,16.64000000,1
1505518561,21516066,51.57,2.31673590,0
1505518561,21516065,51.57,0.66000000,0
1505518558,21516062,51.30,203.01279322,0
1505518549,21516047,51.30,6.64178800,0
1505518549,21516046,51.30,16.67255900,0
1505518548,21516045,51.30,158.15300000,0
1505518543,21516036,51.30,2.00000000,0
1505518543,21516035,51.30,23.67999300,0
1505518542,21516032,51.30,2.87393800,0
1505518541,21516028,51.30,57.44430000,0
1505518532,21516003,51.30,0.99281500,0
1505518531,21515996,51.30,32.00000000,0
1505518529,21515994,51.30,2.32697700,0
1505518521,21515976,51.30,66.67109900,0
1505518519,21515975,51.30,54.09213700,0
1505518519,21515971,51.30,170.94700000,0
1505518514,21515964,51.30,3.83079922,0
1505518510,21515960,51.30,160.10800000,0
1505518500,21515934,51.30,14.37583600,0
1505518497,21515928,51.30,163.30600000,0
1505518496,21515926,51.30,47.47059800,0
1505518492,21515919,51.30,9.59410800,0
1505518490,21515918,51.30,1.23652100,0
1505518490,21515917,51.29,5.29580300,0
1505518490,21515915,51.29,55.08419700,0
1505518487,21515903,51.27,2.07960700,1
1505518486,21515898,51.30,58.30039300,0
1505518460,21515834,51.28,33.20280000,0
1505518408,21515762,51.06,9.06165340,1
1505518404,21515758,50.76,3.02403467,1
1505518402,21515754,50.71,105.03988271,1
1505518402,21515753,50.71,7.46633300,0
1505518402,21515752,50.71,49.52000000,0
1505518401,21515751,50.72,3.01690251,1
1505518401,21515750,50.75,69.69522626,0
1505518400,21515749,51.00,7.84000000,0
1505518399,21515748,51.00,7.46000000,1
1505518399,21515747,51.00,7.84365552,1
1505518361,21515727,51.00,7.46633883,0
1505518361,21515726,51.00,0.00000565,0
1505518290,21515608,51.00,13.73565035,0
1505518273,21515548,50.96,15.31000000,1
1505518228,21515469,50.75,9.85660100,0
1505518227,21515466,50.75,2.00000000,1
1505518178,21515365,50.87,1.00000000,1
1505518167,21515354,51.20,0.20114195,0
1505518158,21515353,51.20,24.08009462,0
1505518151,21515348,51.20,76.11098471,0
1505518151,21515347,51.19,34.69000000,0
1505518089,21515290,50.99,14.61650052,0
1505518085,21515281,50.99,0.69349948,1
1505518084,21515279,50.99,8.27000000,0
1505518084,21515278,50.99,7.03650052,0
1505518080,21515262,50.91,3.09322668,1
1505518079,21515258,51.00,8.27349948,1
1505518078,21515256,51.00,56.51817771,0
1505518078,21515255,50.99,15.31000000,0
1505518078,21515253,50.98,1.89832281,0
1505518053,21515207,50.77,0.91100000,1
1505518024,21515092,50.76,2.02403467,0
1505518019,21515052,50.76,1.00000000,1
1505518017,21515032,50.86,5.73630194,1
1505518015,21515023,50.81,0.21709106,0
1505518011,21514997,50.86,0.19344614,1
1505518011,21514993,50.86,0.85309098,1
1505518010,21514982,50.86,0.46000000,1
1505518009,21514978,50.86,1.50204402,1
1505518009,21514977,50.86,0.00004292,1
1505518009,21514974,50.87,0.01875262,1
1505518009,21514971,50.87,2.98987144,1
1505517979,21514801,51.01,13.79267266,0
1505517977,21514796,51.06,0.49151895,1
1505517976,21514786,51.06,3.01690251,1
1505517974,21514773,51.05,11.81438500,0
1505517973,21514770,51.06,3.72011614,1
1505517973,21514766,51.03,0.00000850,0
1505517972,21514762,51.01,0.00005862,0
1505517970,21514746,51.01,107.99994138,0
1505517964,21514728,51.00,3.00039093,1
1505517948,21514689,51.03,7.54101719,0
1505517889,21514589,51.02,0.19344614,1
1505517889,21514588,51.02,2.81513500,1
1505517889,21514587,51.02,0.00004292,1
1505517887,21514581,51.02,9.01875262,0
1505517886,21514576,51.02,0.98124738,1
1505517885,21514575,51.02,0.01875262,0
1505517882,21514572,51.06,35.41445081,0
1505517882,21514571,51.11,2.98463931,1
1505517882,21514570,51.11,2.99220272,1
1505517880,21514568,51.15,2.98870716,1
1505517854,21514540,51.16,3.00039093,0
1505517834,21514521,51.28,2.98405909,1
1505517793,21514423,51.30,2.99220272,1
1505517788,21514416,51.35,1.94216000,0
1505517785,21514409,51.36,77.00063173,0
1505517785,21514408,51.31,0.01282301,0
1505517784,21514407,51.31,1.98717699,1
1505517784,21514406,51.31,1.00000000,1
1505517780,21514387,51.39,2.31673590,1
1505517768,21514372,51.39,0.66000000,0
1505517747,21514292,51.35,3.84416717,1
1505517734,21514241,51.40,5.48200433,0
1505517732,21514237,51.37,2.98870716,1
1505517726,21514225,51.37,0.66000000,1
1505517718,21514202,51.33,47.01398330,1
1505517718,21514198,51.33,0.02576291,1
1505517718,21514196,51.33,1.72165242,1
1505517718,21514195,51.33,1.23860137,1
1505517710,21514161,51.35,2.98987144,1
1505517691,21514122,51.34,40.00000000,0
1505517651,21513940,51.34,160.00000000,1
1505517650,21513929,51.50,32.99981796,0
1505517641,21513885,51.50,5.00000000,0
1505517631,21513853,51.44,113.83422189,1
1505517630,21513848,51.42,0.16569428,0
1505517629,21513846,51.42,5.83430572,1
1505517606,21513777,51.55,3.48145598,0
1505517599,21513741,51.60,1.52540799,0
1505517595,21513732,51.60,5.91113900,0
1505517595,21513731,51.60,1.52628100,0
1505517592,21513724,51.60,2.00968992,0
1505517587,21513706,51.60,1.52540800,0
1505517586,21513703,51.60,3.48066402,0
1505517584,21513694,51.60,21.01434107,0
1505517564,21513586,51.44,2.98405909,1
1505517555,21513536,51.43,2.98463931,1
1505517553,21513529,51.43,59.95462218,1
1505517553,21513528,51.43,1.32000000,1
1505517553,21513526,51.43,2.98022872,1
1505517553,21513524,51.46,2.97250193,1
1505517552,21513523,51.55,0.20770644,1
1505517552,21513522,51.55,1.84723000,1
1505517552,21513521,51.55,0.00907588,1
1505517552,21513520,51.55,0.90045272,1
1505517552,21513517,51.61,2.96389264,1
1505517550,21513510,51.63,2.96274850,1
1505517537,21513452,51.64,32.30400000,1
1505517529,21513430,51.77,0.67679446,1
1505517503,21513374,51.83,2.94827532,0
1505517402,21513198,51.79,2.96389264,0
1505517296,21513105,51.89,40.27230000,0
1505517296,21513104,51.88,2.97000000,0
1505517261,21513059,51.89,0.18285600,0
1505517260,21513058,51.89,6.92936000,0
1505517259,21513056,51.89,1.52482600,0
1505517247,21513041,51.89,14.09772700,1
1505517219,21513007,51.90,37.25414300,0
1505517215,21512998,51.77,51.33238754,0
1505517213,21512989,51.77,0.67680000,0
1505517211,21512984,51.77,0.67680000,0
1505517211,21512982,51.77,35.76277700,0
1505517211,21512981,51.77,5.89359600,0
1505517207,21512969,51.77,2.89230000,0
1505517202,21512966,51.77,21.71010800,0
1505517200,21512958,51.77,14.35318400,0
1505517159,21512821,51.90,7.05145200,0
1505517144,21512774,51.89,4.13027558,0
1505517143,21512763,51.78,0.20770644,0
1505517138,21512755,51.78,1.84723000,0
1505517133,21512744,51.65,2.97250193,1
1505517119,21512681,51.78,2.04580447,1
1505517119,21512680,51.80,0.00906890,1
1505517119,21512678,51.80,0.00423146,1
1505517119,21512677,51.80,2.94089517,1
1505517101,21512621,51.90,39.14666300,0
1505517101,21512620,51.90,20.47261400,0
1505517099,21512615,51.89,5.92996800,0
1505517099,21512613,51.89,9.01003200,0
1505517073,21512580,51.89,3.47520900,0
1505517070,21512572,51.89,1.11949100,1
1505517067,21512569,51.90,13.11209000,0
1505517067,21512568,51.89,17.39000000,0
1505517031,21512450,51.89,2.62239600,0
1505517030,21512447,51.90,1.52949100,0
1505517029,21512445,51.90,8.90506588,0
1505517029,21512443,51.86,4.74304712,0
1505517020,21512377,51.85,3.66000000,0
1505516944,21512251,51.98,4.73860064,0
1505516940,21512238,51.99,1.04713900,0
1505516931,21512188,51.99,0.21707300,0
1505516930,21512178,51.99,45.22407500,0
1505516930,21512177,51.99,17.04000000,0
1505516928,21512164,51.81,2.96274850,1
1505516924,21512147,52.00,3.45104900,0
1505516923,21512146,52.00,21.50592412,0
1505516923,21512145,51.94,0.00907588,0
1505516921,21512134,52.00,5.29297600,0
1505516920,21512132,52.00,5.18155300,0
1505516920,21512131,52.00,6.90681577,0
1505516920,21512127,52.00,2.94695000,0
1505516920,21512125,51.99,2.39011600,0
1505516919,21512123,51.99,1.52201810,0
1505516919,21512120,51.96,0.00906890,0
1505516917,21512107,52.00,57.21310082,0
1505516916,21512096,51.99,2.96109239,0
1505516915,21512093,52.00,1.58689918,0
1505516915,21512092,51.96,57.21310082,0
1505516915,21512088,52.00,2.54391400,0
1505516914,21512075,52.06,2.94089517,1
1505516913,21512071,52.08,8.46984678,0
1505516913,21512068,52.08,0.01015706,1
1505516913,21512067,52.08,2.92820376,1
1505516913,21512066,52.08,0.00000058,1
1505516896,21512045,52.24,15.31000000,1
1505516875,21511980,52.26,4.48775353,0
1505516874,21511975,52.26,5.79118000,0
1505516873,21511971,52.26,0.12905000,0
1505516872,21511969,52.26,3.86000000,0
1505516872,21511967,52.24,0.79000000,0
1505516871,21511963,52.24,0.70000000,1
1505516871,21511962,52.24,3.51000000,1
1505516851,21511926,52.38,48.65757300,0
1505516833,21511903,52.31,57.11730000,1
1505516713,21511717,52.18,6.88597881,1
1505516697,21511701,52.51,24.00000000,0
1505516697,21511699,52.50,58.27000000,0
1505516697,21511698,52.50,17.73000000,0
1505516663,21511643,52.18,6.00000000,0
1505516604,21511562,52.10,17.82693596,1
1505516604,21511561,52.10,0.00000281,1
1505516604,21511559,52.11,56.68000000,1
1505516593,21511549,52.10,2.94625719,0
1505516588,21511545,52.12,0.00423146,1
1505516583,21511532,52.24,0.01015706,0
1505516579,21511528,52.42,2.92820376,0
1505516568,21511520,52.42,2.91769567,1
1505516568,21511519,52.49,0.00000033,1
1505516553,21511493,52.49,2.92022759,1
1505516553,21511492,52.51,3.42020541,1
1505516457,21511364,52.60,2.00000000,1
1505516440,21511326,52.80,37.41994204,0
1505516435,21511304,52.80,8.12369510,0
1505516432,21511300,52.80,24.81450568,0
1505516429,21511294,52.80,26.14981060,0
1505516422,21511277,52.80,71.03568372,0
1505516386,21511218,53.06,10.33415001,1
1505516385,21511217,52.99,7.01000000,0
1505516268,21511096,52.61,2.91769625,0
1505516266,21511087,52.64,59.99730857,1
1505516266,21511082,52.68,70.49500000,1
1505516266,21511078,52.69,7.08951640,1
1505516265,21511077,52.70,69.52900000,1
1505516265,21511076,52.70,1.31000000,0
1505516265,21511074,52.90,6.55000000,0
1505516264,21511071,52.93,55.96000000,0
1505516263,21511070,52.93,2.89131663,1
1505516254,21511064,53.10,0.69000000,0
1505516253,21511063,53.10,15.31000000,1
1505516214,21511003,53.16,1.84486743,0
1505516212,21510998,53.17,1.68927557,0
1505516190,21510952,53.00,2.91815801,1
1505516188,21510949,53.09,9.85000000,1
1505516165,21510875,53.09,2.89131663,1
1505516150,21510857,53.09,9.99000000,1
1505516133,21510835,53.08,10.45000000,0
1505516075,21510770,52.90,0.53000000,0
1505516075,21510769,52.90,2.66000000,0
1505516062,21510745,53.10,60.00000000,0
1505516059,21510734,52.90,0.81000000,0
1505516059,21510732,52.90,4.07000000,0
1505516049,21510694,52.90,1.01000000,0
1505516049,21510693,52.90,5.03000000,0
1505516021,21510596,52.70,13.34848014,0
1505516020,21510595,52.70,9.74420700,0
1505516020,21510589,52.65,2.92022792,1
1505516016,21510584,52.70,256.00000000,0
1505516014,21510581,52.70,1.73021100,0
1505516009,21510577,52.69,6.53000000,0
1505515927,21510485,52.68,4.93918900,0
1505515738,21510402,52.63,40.19419800,1
1505515723,21510395,52.63,22.20633151,0
1505515662,21510289,52.63,2.39102607,0
1505515658,21510283,52.63,2.76828200,0
1505515657,21510282,52.63,14.73969219,1
1505515657,21510281,52.63,1.75394938,1
1505515585,21510249,52.69,10.17603400,0
1505515561,21510204,52.69,2.19109800,0
1505515502,21510169,52.68,18.43259600,0
1505515407,21510097,52.37,22.68736101,1
1505515407,21510096,52.37,17.03000000,0
1505515405,21510093,52.63,3.43263899,1
1505515401,21510081,52.69,0.10049000,0
1505515400,21510080,52.63,0.49230875,1
1505515332,21510022,52.69,0.20063000,0
1505515321,21510009,52.70,60.49960300,0
1505515315,21510000,52.69,3.69000000,0
1505515284,21509966,52.70,11.93486874,0
1505515283,21509965,52.69,2.95811300,0
1505515283,21509964,52.68,69.69522626,0
1505515276,21509952,52.69,1.78188700,0
1505515272,21509946,52.69,1.85155521,0
1505515272,21509945,52.68,1.21723379,0
1505515268,21509939,52.69,1.98121085,0
1505515262,21509927,52.56,18.31166453,1
1505515244,21509912,52.69,3.00000000,0
1505515155,21509830,52.68,42.95318100,1
1505515136,21509811,52.37,0.10000000,1
1505515058,21509763,52.24,12.94477374,1
1505515058,21509762,52.28,3.54000000,1
1505515058,21509761,52.28,17.76000000,1
1505515058,21509760,52.29,46.06000000,1
1505515058,21509759,52.52,50.00000000,1
1505515057,21509758,52.53,69.69522626,1
1505514933,21509583,52.34,1.36410000,1
1505514923,21509577,52.68,4.99411541,1
1505514921,21509575,52.35,5.00000000,0
1505514867,21509499,52.35,11.32000000,1
1505514865,21509498,52.35,3.99000000,1
1505514860,21509492,52.34,15.31000000,0
1505514859,21509489,52.34,15.31000000,0
1505514857,21509488,52.35,15.31000000,0
1505514829,21509451,52.37,12.98436400,1
1505514826,21509445,52.37,4.74000000,1
1505514821,21509439,52.27,0.33000000,1
1505514821,21509437,52.27,1.58000000,1
1505514816,21509423,52.36,1.51910005,0
1505514815,21509417,52.36,4.97089995,0
1505514813,21509406,52.28,2.94089517,1
1505514802,21509379,52.37,42.44000000,0
1505514801,21509377,52.33,0.78100000,0
1505514801,21509376,52.30,14.24392874,0
1505514800,21509373,52.33,0.60000000,0
1505514800,21509372,52.32,16.40000000,0
1505514794,21509356,52.28,2.94089517,1
1505514791,21509342,52.36,2.92745620,1
1505514789,21509336,52.45,0.71000000,1
1505514787,21509331,52.45,19.00000000,1
1505514767,21509315,52.59,9.39942775,0
1505514687,21509214,52.45,1.46000000,0
1505514687,21509213,52.45,13.85000000,0
1505514675,21509188,52.53,2.92745620,1
1505514671,21509184,52.50,3.75000000,1
1505514670,21509183,52.49,11.55467289,1
1505514670,21509182,52.95,3.75532711,1
1505514667,21509177,52.95,0.31000000,1
1505514654,21509149,52.50,0.58000000,1
1505514653,21509142,52.50,99.30940000,0
1505514649,21509135,52.50,0.69060000,0
1505514648,21509134,52.49,0.69000000,0
1505514647,21509128,52.46,21.25031264,1
1505514643,21509125,52.47,2.60000000,0
1505514636,21509104,52.30,1.24875000,1
1505514633,21509103,52.27,0.42000000,0
1505514632,21509098,52.26,2.74608000,1
1505514630,21509093,52.26,1.22656526,1
1505514630,21509089,52.26,1.65793000,1
1505514628,21509086,52.26,0.30000000,1
1505514628,21509085,52.26,1.48000000,1
1505514627,21509078,52.26,4.66969134,1
1505514625,21509072,52.21,4.67546598,1
1505514623,21509065,52.20,40.26990650,1
1505514620,21509056,52.21,0.86278009,1
1505514619,21509051,52.20,0.00000028,0
1505514616,21509047,52.17,0.72000000,1
1505514615,21509044,52.17,4.67052628,1
1505514615,21509039,52.20,2.63770300,0
1505514614,21509035,52.17,3.62000000,1
1505514613,21509023,52.17,29.63915732,1
1505514611,21509021,52.11,28.67796000,0
1505514610,21509011,52.26,2.75771425,1
1505514609,21509002,52.26,4.66083184,1
1505514606,21508992,52.26,5.04041000,1
1505514606,21508988,52.26,0.71104391,1
1505514604,21508978,52.12,8.09494245,0
1505514604,21508976,52.09,1.11000000,0
1505514603,21508973,51.99,4.65590635,0
1505514603,21508972,51.99,0.90409365,0
1505514600,21508957,52.11,17.37587369,1
1505514597,21508945,52.09,1.71000000,0
1505514594,21508940,52.01,11.85169100,0
1505514588,21508930,51.99,8.53000000,1
1505514587,21508928,51.99,9.40870000,1
1505514587,21508927,51.99,28.89130000,1
1505514586,21508925,52.00,38.30212946,0
1505514583,21508924,52.00,33.59806285,0
1505514582,21508923,51.99,2.11000000,0
1505514578,21508910,51.87,10.53000000,0
1505514572,21508901,52.00,28.09980769,0
1505514572,21508899,51.99,41.70000000,0
1505514572,21508897,51.99,2.60000000,0
1505514571,21508884,51.87,13.00000000,0
1505514557,21508843,52.00,28.49538461,0
1505514557,21508840,51.99,123.00000000,1
1505514557,21508839,51.99,3.21000000,0
1505514555,21508829,51.87,16.06000000,0
1505514545,21508795,51.79,82.55416103,0
1505514544,21508793,51.77,46.00832300,0
1505514542,21508789,51.79,2.72409000,0
1505514528,21508717,51.83,2.69490000,0
1505514517,21508632,51.87,2.54551000,0
1505514514,21508611,51.88,2.54256000,0
1505514506,21508564,51.50,23.80797934,0
1505514506,21508559,51.90,2.61226000,0
1505514506,21508558,51.47,1.98717699,1
1505514505,21508557,51.49,1.00000000,1
1505514503,21508545,51.90,8.24423709,0
1505514503,21508542,51.49,0.02576291,0
1505514502,21508537,51.49,1.72165242,0
1505514501,21508535,51.46,102.00000000,1
1505514501,21508534,51.46,7.00000000,1
1505514498,21508522,51.49,1.73758910,0
1505514498,21508515,51.57,124.00000000,1
1505514497,21508513,51.57,1.19473506,0
1505514497,21508512,51.66,2.96642870,1
1505514496,21508509,51.68,3.19743761,0
1505514495,21508504,51.68,119.02380953,1
1505514495,21508502,51.68,2.97619047,1
1505514491,21508475,51.75,9.74500000,1
1505514490,21508472,51.70,9.10539366,0
1505514490,21508471,51.74,2.95048934,1
1505514488,21508459,52.01,33.25000000,0
1505514487,21508446,52.00,23.46652903,1
1505514486,21508439,52.10,2.94202066,1
1505514470,21508338,52.11,2.95048934,0
1505514465,21508322,52.14,48.01695918,1
1505514465,21508320,52.25,0.01114801,1
1505514464,21508319,52.25,2.92189281,1
1505514464,21508318,52.27,9.05000000,1
1505514446,21508254,52.62,2.02606516,0
1505514434,21508190,52.49,2.90496646,0
1505514431,21508170,52.49,11.95256239,0
1505514430,21508159,52.28,13.51749508,0
1505514430,21508157,52.28,34.17459700,0
1505514429,21508150,52.28,5.01358547,0
1505514417,21508078,52.26,4.69010053,1
1505514413,21508061,52.50,2.60422192,0
1505514413,21508060,52.49,31.46000000,0
1505514407,21508027,52.49,19.95789474,0
1505514406,21508013,52.27,2.94202066,1
1505514403,21507985,52.50,4.69010053,0
1505514401,21507968,52.52,26.84425765,0
1505514401,21507967,52.42,0.01114801,0
1505514399,21507955,52.63,6.52718559,0
1505514399,21507952,52.50,0.08254270,0
1505514397,21507934,52.50,65.00000000,1
1505514397,21507931,52.54,0.00883074,1
1505514396,21507927,52.54,2.90862656,1
1505514393,21507903,52.63,4.67964519,0
1505514391,21507888,52.60,0.09467121,0
1505514388,21507878,52.60,2.90532879,1
1505514383,21507852,52.73,4.67353251,0
1505514380,21507843,52.74,50.35484482,0
1505514379,21507840,52.84,1.29415941,0
1505514378,21507838,52.70,0.00883074,0
1505514370,21507798,52.62,2.92189281,1
1505514352,21507753,52.84,2.90094339,1
1505514347,21507732,52.86,6.94048299,1
1505514331,21507670,52.91,2.96644423,1
1505514318,21507620,52.86,10.11849765,1
1505514299,21507551,52.86,2.90862656,1
1505514299,21507548,52.86,8.82990410,1
1505514298,21507543,52.86,54.20248870,1
1505514298,21507542,52.87,0.00926120,1
1505514297,21507540,52.87,2.88949445,1
1505514297,21507539,52.88,2.89875565,1
1505514248,21507405,53.00,2.69346228,1
1505514247,21507397,53.03,4.57594094,0
1505514247,21507396,53.03,5.11404006,0
1505514240,21507362,53.03,0.16692000,0
1505514227,21507320,53.03,2.01338864,0
1505514225,21507313,53.03,8.01565130,0
1505514225,21507312,53.03,0.00000021,0
1505514214,21507264,53.03,7.53999979,0
1505514213,21507263,53.03,7.76427521,0
1505514204,21507254,53.03,2.25572479,0
1505514204,21507253,53.03,5.28530090,0
1505514199,21507247,53.03,4.86469910,0
1505514198,21507246,53.03,5.16000000,0
1505514198,21507245,53.03,0.00036356,0
1505514189,21507232,53.03,10.14963644,0
1505514187,21507227,53.03,5.16000000,1
1505514173,21507178,53.18,14.50693877,1
1505514173,21507177,53.18,3.41807591,1
1505514071,21507069,53.27,5.56000000,1
1505513981,21506969,53.50,15.51000000,1
1505513981,21506962,53.25,7.25118677,0
1505513976,21506954,53.25,10.11849765,0
1505513970,21506943,53.18,3.06000000,0
1505513962,21506937,53.50,2.37607476,0
1505513899,21506768,53.06,43.55220058,1
1505513899,21506767,53.07,57.43000000,1
1505513883,21506698,53.21,0.59745000,0
1505513882,21506692,53.21,3.40255000,1
1505513876,21506659,53.22,3.38434299,1
1505513872,21506616,53.22,2.21110708,0
1505513871,21506613,53.05,0.10000000,0
1505513871,21506610,53.04,0.00926120,0
1505513869,21506603,53.00,2.90094339,1
1505513869,21506598,53.00,13.24311700,1
1505513863,21506574,53.31,13.07559557,0
1505513863,21506568,53.31,10.80000000,0
1505513862,21506563,53.31,20.05012531,0
1505513862,21506560,53.06,2.89875565,1
1505513860,21506543,53.31,10.80000000,0
1505513858,21506532,53.20,0.00914379,1
1505513858,21506530,53.20,2.87114845,1
1505513858,21506528,53.21,26.60400000,1
1505513858,21506527,53.31,6.70416700,0
1505513857,21506524,53.30,37.22000000,0
1505513855,21506516,53.21,59.90000000,1
1505513855,21506514,53.21,2.88949445,1
1505513853,21506495,53.42,51.78912998,0
1505513853,21506494,53.39,0.10000000,0
1505513853,21506493,53.38,0.00914379,0
1505513853,21506491,53.33,3.12616823,0
1505513850,21506471,53.33,2.87383027,1
1505513849,21506469,53.33,0.00000150,1
1505513846,21506460,53.47,1.95137460,0
1505513846,21506458,53.47,16.10853500,0
1505513845,21506457,53.47,5.94285600,0
1505513842,21506453,53.48,19.89467561,0
1505513842,21506452,53.45,0.13740459,0
1505513841,21506440,53.45,2.86259541,1
1505513837,21506433,53.50,72.49960872,1
1505513831,21506419,53.62,3.41887355,0
1505513831,21506417,53.62,1.96355427,0
1505513827,21506404,53.67,1.98813117,0
1505513827,21506403,53.51,0.10000000,0
1505513825,21506395,53.50,2.87383027,1
1505513824,21506392,53.53,0.00000150,1
1505513824,21506390,53.53,0.13898850,0
1505513822,21506382,53.53,4.51207642,0
1505513821,21506380,53.53,41.24000000,1
1505513821,21506379,53.69,2.86793508,1
1505513803,21506316,53.76,12.83326419,1
1505513797,21506275,53.76,3.56083000,1
1505513794,21506266,53.76,10.05000000,1
1505513793,21506263,53.76,1.26100000,1
1505513792,21506260,53.76,9.98000000,1
1505513792,21506258,53.76,22.00000000,1
1505513776,21506225,53.81,105.68541472,1
1505513772,21506218,53.91,5.50565758,0
1505513492,21505852,53.87,9.39999992,0
1505513492,21505851,53.86,2.86793508,0
1505513478,21505837,53.49,23.35452171,1
1505513477,21505836,53.50,2.86419517,1
1505513477,21505835,53.50,0.00000006,1
1505513477,21505833,53.54,20.00000000,1
1505513477,21505832,53.55,115.00000000,1
1505513477,21505831,53.58,127.00000000,1
1505513455,21505784,53.86,17.72253301,0
1505513449,21505766,53.55,2.87114845,1
1505513446,21505760,53.68,2.86419517,0
1505513442,21505749,53.68,2.85515314,1
1505513442,21505745,53.82,1.19882735,1
1505513442,21505740,53.84,17.09254051,1
1505513440,21505701,53.84,0.63009500,1
1505513415,21505654,53.82,1.64418300,1
1505513404,21505596,53.86,15.31000000,1
1505513395,21505552,53.85,16.97918348,0
1505513394,21505549,53.85,2.85511652,1
1505513384,21505512,53.85,2.85515320,0
1505513377,21505490,54.10,34.45831735,0
1505513377,21505489,54.08,0.42166501,0
1505513374,21505480,54.08,1.01000000,1
1505513374,21505479,54.08,1.56833499,1
1505513372,21505473,54.10,37.81273297,0
1505513358,21505435,54.16,18.81633500,1
1505513353,21505424,54.16,1.18366500,1
1505513350,21505410,54.21,18.05002674,0
1505513241,21505183,54.47,13.62494785,0
1505513220,21505149,54.20,68.85521468,0
1505513220,21505148,54.20,18.05005633,0
1505513219,21505145,54.20,2.16463473,0
1505513218,21505142,54.20,15.13167082,0
1505513218,21505140,54.20,8.00000000,1
1505513206,21505126,54.28,2.00000000,1
1505513170,21505080,54.27,0.25000000,1
1505513137,21505019,54.55,3.87662695,0
1505513033,21504885,54.56,0.18291789,0
1505513011,21504862,54.31,19.84243699,1
1505512912,21504731,54.48,2.37895698,0
1505512903,21504728,54.49,4.25433389,0
1505512903,21504727,54.48,17.55000000,0
1505512903,21504726,54.47,25.81670913,0
1505512890,21504715,54.21,5.00000000,1
1505512871,21504697,54.20,0.50000000,1
1505512855,21504678,54.21,0.75000000,1
1505512828,21504616,54.20,0.50000000,1
1505512813,21504607,54.30,6.52640107,0
1505512810,21504601,54.30,3.47359893,0
1505512789,21504580,54.34,0.00000050,1
1505512757,21504534,54.39,3.78169674,0
1505512752,21504519,54.40,15.17305331,0
1505512748,21504516,54.39,8.70519459,0
1505512745,21504513,54.34,1.03826400,1
1505512745,21504512,54.34,8.74628400,1
1505512731,21504498,54.34,4.71545150,1
1505512723,21504491,54.34,0.50000000,1
1505512642,21504323,54.49,10.00000000,0
1505512638,21504322,54.48,33.00000000,0
1505512615,21504302,54.49,5.00000000,0
1505512615,21504300,54.49,94.92092600,0
1505512613,21504299,54.49,42.03348100,0
1505512612,21504296,54.49,55.00000000,0
1505512601,21504274,54.49,5.00000000,0
1505512600,21504272,54.49,5.49007500,0
1505512511,21504175,54.42,0.30513260,1
1505512380,21504044,54.41,3.64675000,1
1505512363,21504031,54.20,0.00007318,0
1505512337,21503979,54.20,49.99992682,0
1505512319,21503953,54.09,2.84301035,1
1505512317,21503942,54.35,1.01000000,1
1505512316,21503938,54.38,1.25000000,0
1505512314,21503935,54.33,6.24000000,0
1505512287,21503891,54.32,7.25000000,0
1505512226,21503821,54.28,3.49152542,1
1505512206,21503805,54.25,7.00266435,0
1505512110,21503493,53.91,100.00000000,1
1505512109,21503489,54.07,1.91000000,0
1505512107,21503481,53.94,7.41000000,0
1505512107,21503474,53.98,2.15000000,1
1505512106,21503467,53.94,2.20336900,0
1505512102,21503451,53.94,4.44297800,0
1505512097,21503413,53.94,3.15851100,0
1505512083,21503381,53.94,0.37022618,0
1505512082,21503379,53.94,7.60148900,0
1505512070,21503348,53.94,14.28000000,0
1505512067,21503346,53.88,8.01719400,0
1505512064,21503344,53.56,10.00000000,1
1505512028,21503269,53.89,4.02634997,0
1505512024,21503249,53.89,10.02506266,0
1505512007,21503147,53.92,10.02506266,0
1505511977,21503040,53.71,19.62668414,0
1505511976,21503031,53.71,13.46426765,0
1505511976,21503026,53.71,6.90904800,0
1505511976,21503025,53.70,0.57340000,0
1505511968,21502996,53.54,8.33634343,1
1505511968,21502990,53.70,83.81991989,1
1505511967,21502982,53.71,59.07373668,0
1505511966,21502978,53.71,37.77000000,1
1505511959,21502945,53.71,2.86259541,1
1505511953,21502923,53.98,13.46431700,0
1505511952,21502922,53.69,84.52654244,1
1505511951,21502921,53.70,0.57340000,1
1505511951,21502920,53.84,2.84722222,1
1505511951,21502917,53.96,2.84195933,1
1505511949,21502913,53.99,0.29881093,1
1505511949,21502912,53.99,2.54000000,1
1505511938,21502901,54.00,12.60532263,1
1505511938,21502900,54.00,74.55655877,1
1505511932,21502891,54.01,29.20167635,1
1505511932,21502890,54.01,15.00000000,1
1505511932,21502889,54.02,13.79832365,1
1505511914,21502833,54.01,10.80000000,1
1505511909,21502822,54.00,2.84722222,1
1505511908,21502819,54.21,14.31000000,0
1505511908,21502817,54.16,1.00000000,0
1505511905,21502811,54.00,33.96028180,1
1505511905,21502810,54.12,1.39354234,1
1505511905,21502809,54.12,0.23983211,1
1505511904,21502808,54.12,0.23983211,1
1505511904,21502806,54.12,0.23983211,1
1505511904,21502805,54.12,0.23983211,1
1505511904,21502804,54.12,0.23983211,1
1505511904,21502803,54.12,0.23983211,1
1505511904,21502802,54.16,0.29974937,1
1505511903,21502798,54.21,9.82556391,0
1505511900,21502789,54.21,0.71177945,1
1505511895,21502770,54.21,17.73877304,0
1505511895,21502769,54.16,0.29881093,0
1505511893,21502766,54.16,2.54000000,1
1505511890,21502760,54.18,2.82888684,1
1505511890,21502758,54.20,20.00000000,1
1505511890,21502757,54.21,15.31000000,1
1505511890,21502756,54.23,10.66009854,1
1505511882,21502717,54.23,1.99990146,0
1505511881,21502715,54.23,0.00009854,1
1505511880,21502714,54.23,13.89000000,0
1505511875,21502698,54.23,14.00000000,1
1505511875,21502697,54.35,14.60000000,1
1505511874,21502695,54.35,0.71000000,0
1505511873,21502692,54.35,1.74000000,1
1505511873,21502691,54.35,5.18000000,1
1505511872,21502690,54.35,2.81000000,1
1505511872,21502689,54.35,5.56000000,1
1505511863,21502653,54.35,1.75000000,1
1505511834,21502586,54.55,17.54915700,1
1505511834,21502584,54.56,9.72000000,0
1505511774,21502513,54.56,11.55000000,0
1505511723,21502464,54.56,10.02506266,0
1505511710,21502463,54.56,1.01662000,0
1505511704,21502456,54.35,5.18000000,1
1505511704,21502455,54.35,2.82000000,1
1505511702,21502454,54.36,15.00000000,1
1505511681,21502426,54.35,2.82888684,1
1505511680,21502423,54.60,2.80709141,0
1505511639,21502334,54.27,9.34470800,1
1505511639,21502333,54.31,15.31000000,1
1505511638,21502331,54.33,1.55529200,0
1505511626,21502319,54.38,0.00000024,0
1505511617,21502307,54.38,1.55529200,0
1505511602,21502286,54.38,3.15828253,0
1505511600,21502279,54.38,5.50997377,0
1505511597,21502274,54.38,42.27645146,0
1505511584,21502270,54.59,7.47611000,0
1505511535,21502204,54.56,4.98746000,0
1505511529,21502199,54.59,1.81510000,0
1505511491,21502162,54.60,7.43061000,0
1505511488,21502150,54.59,1.36831000,0
1505511409,21502057,54.45,1.84894000,0
1505511401,21502027,54.45,7.40137000,0
1505511399,21502025,54.45,2.35151515,0
1505511396,21502018,54.45,30.75997897,0
1505511387,21502012,54.24,29.22529721,1
1505511366,21501968,54.60,19.54313162,1
1505511350,21501933,54.60,136.08474400,1
1505511347,21501930,54.66,0.00000037,1
1505511343,21501927,54.66,4.00969100,1
1505511343,21501925,54.67,1.76730000,1
1505511343,21501924,54.67,1.76730000,1
1505511343,21501923,54.67,1.76730000,1
1505511342,21501922,54.67,1.76730000,1
1505511342,21501921,54.68,1.76730000,1
1505511342,21501920,54.68,0.16406800,1
1505511318,21501892,54.82,60.00000000,0
1505511303,21501860,54.82,48.60170685,0
1505511303,21501854,54.82,11.39829315,0
1505511303,21501847,54.82,1.60308000,0
1505511303,21501838,54.82,10.66990000,0
1505511302,21501813,54.82,8.46114600,0
1505511293,21501784,54.82,10.66990000,0
1505511293,21501783,54.82,4.55207546,0
1505511285,21501756,54.82,8.46114557,0
1505511282,21501753,54.82,30.65091190,0
1505511280,21501739,54.68,0.25000000,1
1505511274,21501729,54.69,7.06920000,1
1505511269,21501713,54.68,0.50000000,1
1505511265,21501705,54.68,0.85323200,1
1505511265,21501704,54.69,1.76730000,1
1505511265,21501703,54.69,1.76730000,1
1505511265,21501702,54.70,1.76730000,1
1505511265,21501701,54.70,1.76730000,1
1505511265,21501700,54.85,24.63312079,0
1505511264,21501699,54.84,5.19000000,0
1505511264,21501698,54.83,27.55200000,0
1505511263,21501694,54.70,1.76730000,1
1505511262,21501692,54.70,1.76730000,1
1505511262,21501690,54.70,1.76730000,1
1505511262,21501689,54.70,1.26730000,1
1505511262,21501688,54.71,8.23222800,1
1505511261,21501684,54.71,10.39707200,1
1505511252,21501670,54.84,2.62487921,0
1505511237,21501651,54.71,0.25000000,1
1505511227,21501641,54.70,0.25000000,1
1505511226,21501637,54.85,5.00000000,0
1505511224,21501634,54.85,3.33409400,0
1505511224,21501633,54.83,1.38000000,0
1505511224,21501632,54.73,4.28590600,0
1505511223,21501631,54.73,2.62409400,0
1505511212,21501615,54.70,0.25000000,1
1505511212,21501614,54.85,4.63000000,0
1505511211,21501613,54.83,1.71000000,0
1505511211,21501612,54.73,3.66000000,0
1505511211,21501611,54.73,4.88000000,0
1505511204,21501593,54.73,11.26000000,1
1505511202,21501589,54.73,0.25000000,1
1505511202,21501588,54.85,6.89000000,0
1505511201,21501587,54.83,2.11000000,0
1505511199,21501585,54.73,5.54000000,0
1505511199,21501582,54.72,20.00000000,0
1505511198,21501580,54.73,5.00000000,0
1505511191,21501570,54.70,1.84716636,0
1505511191,21501569,54.66,1.21734326,0
1505511189,21501560,54.65,0.55000000,1
1505511186,21501555,54.65,1.21730000,0
1505511186,21501554,54.65,1.21730000,0
1505511183,21501540,54.19,2.98470500,1
1505511183,21501539,54.35,15.00000000,1
1505511183,21501530,54.71,11.30265674,1
1505511182,21501519,54.71,18.20656130,1
1505511181,21501505,54.18,112.09011904,1
1505511180,21501504,54.30,135.00000000,1
1505511180,21501503,54.62,2.73240000,1
1505511180,21501501,54.65,25.49078196,1
1505511180,21501499,54.68,14.88000000,1
1505511180,21501497,54.68,14.88000000,1
1505511175,21501483,54.66,14.88000000,0
1505511169,21501471,54.65,5.00000000,0
1505511153,21501422,54.66,17.05000000,0
1505511152,21501416,54.64,2.59610116,1
1505511152,21501412,54.55,2.40389884,0
1505511152,21501409,54.55,0.32846279,0
1505511151,21501407,54.55,97.26763837,0
1505511151,21501406,54.54,2.73194074,0
1505511151,21501405,54.54,5.97805926,0
1505511148,21501394,54.64,46.79063800,1
1505511123,21501324,54.52,3.12568000,0
1505511113,21501279,54.29,0.04192742,0
1505511112,21501277,54.29,24.98000000,0
1505511108,21501273,54.52,1.00757000,0
1505511098,21501255,54.46,3.18005000,0
1505511096,21501248,54.28,1.39354234,0
1505511094,21501241,54.28,0.23983211,1
1505511094,21501240,54.28,0.23983211,1
1505511094,21501239,54.28,0.23983211,1
1505511093,21501237,54.28,0.23983211,1
1505511093,21501236,54.28,0.23983211,1
1505511093,21501235,54.28,0.23983211,1
1505511090,21501225,54.43,2.81593406,1
1505511090,21501223,54.45,0.01994977,1
1505511090,21501221,54.45,2.79443792,1
1505511083,21501208,54.52,33.73721600,1
1505511063,21501158,54.53,8.10232899,0
1505511054,21501116,54.60,17.15065295,1
1505511049,21501100,54.60,20.00000000,1
1505511043,21501073,54.60,2.81593406,1
1505511041,21501069,54.60,6.54504064,1
1505511038,21501055,54.60,3.48837235,1
1505511035,21501044,54.63,0.01994977,0
1505511029,21501004,54.81,2.79443792,1
1505511027,21500996,54.81,47.20556208,1
1505511027,21500995,54.81,20.80709892,1
1505511027,21500994,54.81,12.80451700,1
1505511027,21500991,54.87,19.99999979,0
1505511026,21500986,54.81,16.38838408,1
1505511026,21500984,54.83,2.79545454,1
1505511026,21500982,54.85,2.79443838,1
1505511023,21500974,54.87,50.00000000,1
1505511023,21500973,54.91,0.01732504,1
1505511022,21500971,54.91,2.77406929,1
1505511014,21500940,55.02,5.11000000,1
1505511014,21500938,55.02,5.59000000,1
1505511013,21500929,55.02,20.00000000,1
1505511013,21500928,55.02,20.00000000,1
1505511010,21500926,55.02,3.65443838,1
1505511010,21500925,55.02,26.34556162,1
1505511008,21500917,55.15,1.18912058,0
1505511003,21500903,55.02,2.79443838,1
1505510997,21500888,55.02,5.82000000,1
1505510997,21500887,55.02,29.14000000,1
1505510996,21500886,55.08,0.98267496,1
1505510996,21500882,55.26,47.71306400,1
1505510994,21500880,55.26,2.28693600,1
1505510981,21500831,55.25,1.00000000,0
1505510965,21500776,55.32,37.72645600,1
1505510962,21500771,55.00,2.79545454,1
1505510961,21500768,55.33,2.76706258,0
1505510951,21500748,55.36,1.73916184,0
1505510951,21500745,55.34,0.64000000,0
1505510950,21500744,55.26,0.96243413,0
1505510950,21500743,55.26,0.23000000,0
1505510950,21500741,55.26,1.17000000,0
1505510950,21500739,55.26,0.42000000,0
1505510949,21500733,55.24,0.03347239,0
1505510948,21500730,55.23,11.95103000,1
1505510938,21500707,55.24,0.66000000,0
1505510938,21500706,55.24,2.09000000,0
1505510933,21500702,55.23,10.21411100,1
1505510926,21500683,55.23,0.10840300,1
1505510920,21500675,54.99,1.30317000,1
1505510914,21500658,55.23,1.86503300,1
1505510914,21500657,55.23,2.43451300,1
1505510905,21500628,54.91,0.67000000,1
1505510892,21500581,54.89,0.80000000,1
1505510891,21500579,54.89,1.84531000,1
1505510887,21500552,55.14,0.28017134,0
1505510879,21500518,54.88,0.95000000,1
1505510877,21500509,55.15,31.21301668,0
1505510873,21500494,55.17,2.77775582,0
1505510872,21500480,54.80,12.70198382,1
1505510872,21500479,55.01,0.96243413,1
1505510872,21500477,55.04,5.82096805,1
1505510872,21500475,55.04,8.13734361,1
1505510872,21500474,55.05,1.15960839,1
1505510872,21500471,55.05,4.70304800,1
1505510871,21500467,55.19,10.00000000,0
1505510870,21500462,55.05,5.10539600,1
1505510870,21500457,55.05,3.03194761,1
1505510870,21500456,55.06,0.69347239,1
1505510866,21500443,55.01,0.23000000,1
1505510866,21500438,55.01,1.17000000,1
1505510862,21500424,55.01,0.42000000,0
1505510862,21500423,55.00,4.93571797,1
1505510861,21500422,55.00,0.88525003,1
1505510859,21500417,55.00,7.16000000,0
1505510859,21500416,54.94,2.79877752,0
1505510859,21500415,54.89,2.80150352,0
1505510859,21500413,54.89,0.35446893,0
1505510858,21500406,54.88,2.09000000,0
1505510855,21500391,54.76,32.00000000,0
1505510855,21500390,54.76,50.00000000,0
1505510855,21500389,54.76,6.37542345,0
1505510854,21500388,54.76,26.82579903,0
1505510852,21500373,54.76,2.79877752,0
1505510848,21500365,54.76,14.00000000,0
1505510848,21500363,54.74,2.40668371,1
1505510843,21500346,54.74,2.80920560,0
1505510842,21500345,54.71,37.13390784,0
1505510842,21500344,54.70,2.48000000,0
1505510839,21500331,54.71,14.00000000,0
1505510838,21500329,54.71,2.80150352,0
1505510837,21500321,54.71,1.00000000,0
1505510836,21500318,54.71,17.58239396,0
1505510835,21500317,54.71,0.54468500,0
1505510835,21500316,54.71,1.93750968,0
1505510835,21500315,54.70,2.95000000,0
1505510835,21500313,54.70,2.81121039,0
1505510823,21500275,54.67,0.78792389,0
1505510823,21500274,54.67,1.19000000,0
1505510823,21500272,54.67,0.24000000,0
1505510823,21500271,54.67,0.24000000,0
1505510823,21500270,54.64,1.66094970,0
1505510822,21500267,54.64,1.15341420,0
1505510819,21500254,54.60,2.11062271,0
1505510814,21500231,54.53,9.56846272,1
1505510814,21500228,54.59,30.83553728,1
1505510804,21500180,54.58,5.00000000,1
1505510804,21500179,54.56,14.39646272,0
1505510801,21500159,54.59,0.91353728,1
1505510796,21500139,54.52,15.31000000,1
1505510795,21500134,54.52,0.95278400,1
1505510790,21500125,54.56,3.46000000,0
1505510777,21500089,54.58,2.24800000,1
1505510774,21500084,54.56,4.06000000,0
1505510770,21500073,54.59,0.13656301,0
1505510770,21500071,54.59,51.47192999,0
1505510769,21500065,54.59,3.77097300,0
1505510767,21500057,54.59,2.92406000,0
1505510765,21500053,54.59,41.83303701,0
1505510764,21500052,54.57,34.28542200,0
1505510764,21500050,54.57,28.66266100,0
1505510762,21500046,54.53,0.48000000,1
1505510762,21500040,54.57,10.88055600,0
1505510761,21500039,54.56,4.76000000,0
1505510755,21500023,54.57,1.17136100,0
1505510753,21500020,54.56,2.15100000,1
1505510753,21500019,54.56,2.85079440,0
1505510748,21500005,54.56,2.80920560,1
1505510742,21499990,54.51,1.90800000,1
1505510741,21499989,54.56,27.10171921,0
1505510741,21499988,54.52,0.00908631,0
1505510732,21499951,54.30,1.61446268,1
1505510732,21499950,54.31,4.09453732,1
1505510721,21499921,54.45,8.33905030,1
1505510721,21499920,54.46,1.66094970,1
1505510716,21499889,54.45,18.05584648,1
1505510713,21499884,54.14,38.03019298,1
1505510713,21499882,54.20,26.75000000,1
1505510712,21499880,54.28,1.15341420,1
1505510712,21499879,54.46,1.14239282,1
1505510707,21499861,54.29,15.31000000,1
1505510706,21499857,54.36,2.82883979,0
1505510706,21499855,54.29,14.59409126,0
1505510704,21499844,54.29,0.71590874,0
1505510703,21499835,54.28,1.19000000,1
1505510701,21499819,54.29,2.82000000,0
1505510701,21499817,54.29,2.83000000,0
1505510701,21499816,54.29,9.66086330,0
1505510698,21499808,54.29,2.82029670,0
1505510697,21499804,54.29,2.82884000,0
1505510695,21499800,54.35,47.17116021,0
1505510695,21499799,54.29,15.31000000,0
1505510695,21499798,54.29,2.82334466,0
1505510695,21499796,54.29,0.00907665,0
1505510691,21499773,54.28,0.24000000,1
1505510678,21499705,54.28,0.24000000,0
1505510674,21499682,54.15,5.82400045,1
1505510673,21499680,54.22,2.83571200,1
1505510673,21499678,54.22,4.16428755,1
1505510672,21499674,54.22,2.19571245,0
1505510672,21499673,54.22,0.64000000,0
1505510671,21499671,54.20,2.63360675,0
1505510670,21499670,54.19,0.88517088,0
1505510669,21499666,54.19,1.94317880,0
1505510669,21499663,54.19,0.00940612,0
1505510668,21499662,54.19,0.54672022,0
1505510668,21499661,54.19,2.29069486,0
1505510668,21499660,54.18,1.21000000,0
1505510662,21499620,54.18,2.84195933,0
1505510662,21499617,54.18,1.76000000,0
1505510651,21499567,54.01,54.25200000,1
1505510643,21499516,54.00,12.82400000,1
1505510633,21499440,54.00,3.21718709,1
1505510633,21499438,54.00,43.39700000,1
1505510628,21499414,54.00,3.21718709,1
1505510627,21499408,54.10,2.82883979,0
1505510624,21499400,54.00,26.64500000,1
1505510623,21499392,54.00,0.39384243,1
1505510622,21499389,54.05,2.82334466,1
1505510615,21499377,54.00,0.99800000,1
1505510613,21499376,54.00,4.29639632,1
1505510613,21499374,54.01,2.82834968,1
1505510605,21499356,54.00,26.64500000,1
1505510600,21499345,54.00,9.99043600,1
1505510598,21499342,54.00,1.45500000,0
1505510598,21499341,53.97,0.00000014,0
1505510597,21499325,53.78,26.64500000,1
1505510588,21499274,53.75,2.31091369,1
1505510588,21499273,53.87,2.20478910,1
1505510587,21499272,53.89,22.12929721,1
1505510579,21499230,53.89,3.99600000,1
1505510576,21499222,53.97,2.84930500,0
1505510563,21499196,53.89,0.52000000,1
1505510562,21499195,53.89,2.58000000,1
1505510553,21499171,53.87,0.64000000,0
1505510550,21499165,53.89,11.05096810,0
1505510550,21499164,53.79,3.19000000,0
1505510545,21499139,53.89,38.02875761,0
1505510544,21499136,53.89,0.90560082,0
1505510544,21499135,53.89,1.94753130,0
1505510544,21499134,53.88,2.85371058,0
1505510544,21499133,53.87,1.03000000,0
1505510544,21499132,53.81,0.99343159,0
1505510537,21499121,53.79,2.29069486,0
1505510536,21499116,53.79,2.84930514,1
1505510532,21499106,53.81,1.28936746,0
1505510532,21499103,53.81,0.01856786,0
1505510532,21499101,53.79,6.11000000,0
1505510530,21499096,53.73,0.00000025,0
1505510528,21499083,53.54,21.09000000,1
1505510522,21499062,53.52,6.56691164,1
1505510522,21499059,53.70,5.91808836,1
1505510519,21499049,53.70,68.42400326,1
1505510511,21499015,53.69,2.26000000,0
1505510511,21499014,53.69,11.31000000,0
1505510508,21499009,53.69,2.26000000,0
1505510508,21499008,53.69,11.31000000,0
1505510458,21498852,53.42,2.80999500,0
1505510457,21498845,53.33,14.04000000,1
1505510456,21498842,53.42,0.39435000,0
1505510407,21498796,53.04,4.59200000,1
1505510332,21498723,53.37,0.11798286,1
1505510245,21498626,53.37,243.00000000,1
1505510240,21498618,53.43,9.71401000,0
1505510239,21498611,53.38,21.00000000,1
1505510202,21498573,53.35,0.25000000,1
1505510134,21498505,53.60,1.15000000,1
1505510132,21498497,53.60,3.14000000,0
1505510132,21498496,53.60,15.71000000,0
1505510129,21498481,53.53,1.86341000,1
1505510124,21498455,53.38,0.00000028,0
1505510124,21498452,53.38,9.99348400,0
1505510093,21498367,53.38,8.48843200,0
1505510073,21498341,53.01,7.25696742,1
1505510071,21498337,53.35,25.21303258,1
1505510015,21498208,53.39,30.00000000,1
1505510004,21498189,53.39,0.46000000,1
1505509996,21498172,53.56,0.25000000,1
1505509984,21498153,53.55,0.37421033,1
1505509960,21498068,53.71,32.37132203,1
1505509957,21498062,53.73,2.83923920,0
1505509957,21498061,53.73,0.01349763,0
1505509956,21498060,53.73,0.00905169,0
1505509956,21498059,53.72,0.00773248,0
1505509937,21498023,53.72,0.00132509,0
1505509936,21498022,53.69,1.88849491,0
1505509922,21497995,53.68,0.25000000,1
1505509899,21497963,53.69,0.97556800,0
1505509892,21497953,53.67,1.88672000,0
1505509892,21497952,53.65,27.35840714,1
1505509891,21497951,53.58,0.02027083,0
1505509886,21497901,53.57,4.76687800,0
1505509884,21497899,53.57,0.53422000,0
1505509879,21497886,53.57,2.03597300,0
1505509877,21497883,53.57,0.11969900,0
1505509875,21497865,53.56,1.84369000,0
1505509874,21497862,53.56,1.20964800,0
1505509870,21497851,53.57,6.51017600,0
1505509765,21497632,53.34,0.83332000,0
1505509765,21497631,53.15,0.19389000,0
1505509763,21497629,53.15,7.80611000,0
1505509748,21497604,53.19,15.00000000,1
1505509710,21497521,53.31,7.25187485,0
1505509706,21497514,53.34,0.20367000,1
1505509706,21497511,53.32,0.31682833,1
1505509705,21497510,53.31,0.86246649,0
1505509704,21497507,53.31,24.13753351,1
1505509694,21497487,53.32,1.01708402,0
1505509685,21497468,53.32,1.06900000,1
1505509677,21497438,52.87,11.32932555,1
1505509677,21497437,53.00,0.55000000,1
1505509677,21497436,53.17,2.81067445,1
1505509665,21497429,53.17,15.31000000,1
1505509656,21497403,53.32,0.99800000,1
1505509655,21497396,53.35,22.85960000,0
1505509654,21497394,53.35,14.72900000,0
1505509654,21497393,53.34,0.58100000,0
1505509653,21497392,53.35,15.31000000,0
1505509651,21497388,53.35,8.43350000,0
1505509651,21497386,53.31,0.69000000,0
1505509650,21497381,53.31,15.31000000,1
1505509649,21497379,53.36,4.37156000,0
1505509645,21497369,53.13,8.05800000,1
1505509645,21497368,53.32,15.00000000,1
1505509644,21497363,53.48,1.87776000,0
1505509636,21497353,53.28,28.11900000,1
1505509631,21497329,53.65,22.81192917,1
1505509629,21497321,53.64,3.39348845,0
1505509627,21497308,53.65,2.85371058,0
1505509625,21497301,53.23,0.13800000,1
1505509622,21497260,53.55,2.83892539,1
1505509607,21497210,53.54,14.13957817,1
1505509606,21497206,53.47,0.00381483,0
1505509606,21497205,53.46,12.60000000,0
1505509605,21497203,53.32,27.73000000,1
1505509603,21497187,53.46,46.98388716,0
1505509578,21497096,53.46,2.58621311,0
1505509577,21497094,53.46,0.29000000,0
1505509577,21497092,53.38,0.00911586,0
1505509574,21497077,53.23,27.73000000,1
1505509555,21496969,53.09,6.46450000,1
1505509555,21496965,53.12,28.07000000,1
1505509555,21496962,53.24,0.48250000,1
1505509555,21496960,53.25,0.48250000,1
1505509555,21496957,53.25,0.48250000,1
1505509555,21496956,53.25,0.48250000,1
1505509555,21496955,53.28,6.93250000,1
1505509554,21496954,53.28,6.93250000,1
1505509554,21496953,53.28,6.93250000,1
1505509554,21496952,53.29,6.93250000,1
1505509554,21496951,53.29,6.93250000,1
1505509554,21496950,53.29,6.93250000,1
1505509554,21496949,53.29,6.93250000,1
1505509544,21496875,53.12,13.96638372,1
1505509544,21496872,53.12,20.00000000,1
1505509544,21496870,53.12,15.00000000,1
1505509544,21496869,53.20,0.48250000,1
1505509544,21496868,53.20,0.48250000,1
1505509544,21496866,53.20,0.48250000,1
1505509544,21496865,53.20,0.48250000,1
1505509544,21496863,53.20,0.48250000,1
1505509543,21496862,53.20,0.48250000,1
1505509543,21496861,53.20,0.48250000,1
1505509543,21496858,53.20,0.48250000,1
1505509543,21496856,53.20,0.48250000,1
1505509543,21496854,53.20,0.48250000,1
1505509543,21496852,53.20,0.48250000,1
1505509543,21496850,53.20,0.48250000,1
1505509542,21496847,53.20,0.48250000,1
1505509542,21496844,53.20,0.48250000,1
1505509542,21496841,53.20,0.48250000,1
1505509542,21496838,53.20,0.48250000,1
1505509542,21496836,53.20,0.48250000,1
1505509542,21496835,53.20,0.48250000,1
1505509542,21496833,53.20,0.48250000,1
1505509541,21496832,53.20,0.48250000,1
1505509541,21496830,53.20,0.48250000,1
1505509541,21496828,53.20,0.48250000,1
1505509541,21496827,53.20,0.48250000,1
1505509541,21496826,53.20,0.48250000,1
1505509541,21496825,53.20,0.48250000,1
1505509541,21496824,53.20,0.48250000,1
1505509540,21496822,53.20,0.48250000,1
1505509540,21496821,53.20,0.48250000,1
1505509540,21496819,53.20,0.48250000,1
1505509540,21496817,53.20,0.48250000,1
1505509540,21496816,53.20,0.48250000,1
1505509540,21496814,53.20,0.48250000,1
1505509540,21496812,53.21,0.48250000,1
1505509539,21496808,53.21,0.48250000,1
1505509539,21496805,53.21,0.48250000,1
1505509539,21496803,53.21,0.48250000,1
1505509539,21496800,53.21,0.48250000,1
1505509539,21496799,53.21,0.48250000,1
1505509539,21496797,53.21,0.48250000,1
1505509539,21496795,53.21,0.48250000,1
1505509538,21496794,53.21,0.48250000,1
1505509538,21496793,53.21,0.48250000,1
1505509538,21496791,53.21,0.48250000,1
1505509538,21496789,53.21,0.48250000,1
1505509538,21496787,53.21,0.48250000,1
1505509538,21496785,53.21,0.48250000,1
1505509538,21496783,53.21,0.48250000,1
1505509538,21496781,53.21,0.48250000,1
1505509537,21496780,53.21,0.48250000,1
1505509537,21496778,53.21,0.48250000,1
1505509537,21496777,53.21,0.48250000,1
1505509537,21496775,53.21,0.48250000,1
1505509537,21496772,53.21,0.48250000,1
1505509537,21496769,53.22,2.86787774,1
1505509537,21496767,53.23,0.48250000,1
1505509536,21496765,53.23,0.48250000,1
1505509536,21496764,53.23,0.48250000,1
1505509536,21496760,53.23,0.48250000,1
1505509536,21496758,53.23,0.48250000,1
1505509536,21496757,53.23,0.48250000,1
1505509536,21496755,53.24,0.48250000,1
1505509536,21496754,53.24,4.20773854,1
1505509520,21496657,53.08,56.15063415,1
1505509520,21496654,53.12,20.00000000,1
1505509520,21496653,53.17,0.48250000,1
1505509519,21496651,53.18,0.48250000,1
1505509519,21496650,53.18,0.48250000,1
1505509519,21496649,53.18,0.48250000,1
1505509519,21496648,53.18,0.48250000,1
1505509519,21496647,53.20,5.50648086,1
1505509519,21496645,53.30,0.92238499,1
1505509512,21496595,53.30,0.93302722,0
1505509511,21496593,53.30,2.67848548,0
1505509511,21496591,53.15,0.00002930,0
1505509511,21496584,53.15,0.48250000,0
1505509508,21496557,53.07,59.00011639,1
1505509507,21496556,53.09,2.88188361,1
1505509507,21496555,53.12,23.11000000,1
1505509499,21496507,53.14,0.54900000,1
1505509499,21496506,53.14,2.88200000,1
1505509488,21496489,53.11,15.00000000,1
1505509483,21496464,53.15,20.06811200,0
1505509476,21496450,53.15,0.48252900,0
1505509470,21496431,53.07,12.43999971,1
1505509469,21496430,53.08,2.56000000,1
1505509469,21496429,53.12,0.00000029,1
1505509468,21496425,53.12,2.88204571,0
1505509460,21496405,53.00,15.00000000,1
1505509438,21496372,52.88,29.95200000,1
1505509429,21496352,52.90,0.61300000,1
1505509429,21496351,52.99,0.58100000,1
1505509417,21496317,52.94,27.06995429,1
1505509417,21496316,52.95,2.88204571,1
1505509414,21496309,53.21,2.86692317,1
1505509406,21496286,52.93,8.89700000,1
1505509405,21496285,53.18,3.04103260,1
1505509404,21496283,53.18,7.05986100,1
1505509402,21496275,53.18,1.26000000,0
1505509402,21496274,53.18,6.29000000,0
1505509402,21496273,53.07,2.89718444,0
1505509402,21496272,53.07,36.45192196,0
1505509397,21496261,52.89,29.95200000,1
1505509391,21496240,53.07,3.00000000,0
1505509384,21496212,53.06,2.55617556,1
1505509379,21496185,53.07,30.89956000,0
1505509376,21496165,53.07,4.64851804,0
1505509375,21496160,52.79,28.91334397,1
1505509375,21496158,52.93,0.70950334,1
1505509375,21496155,53.00,2.92215269,1
1505509375,21496151,52.98,1.95000000,0
1505509373,21496133,53.00,4.05655646,0
1505509373,21496131,53.00,1.08233978,0
1505509369,21496097,53.00,1.86645222,0
1505509369,21496096,53.00,0.19800000,0
1505509369,21496094,52.98,2.99000000,0
1505509369,21496093,52.95,52.38937222,0
1505509369,21496089,52.95,9.93878800,0
1505509368,21496087,52.95,16.83497600,0
1505509368,21496086,52.95,20.83686378,0
1505509367,21496082,52.95,56.84680022,0
1505509356,21496054,52.77,11.83700000,1
1505509350,21496043,52.95,16.68127402,0
1505509348,21496034,52.95,1.00000000,0
1505509348,21496033,52.95,0.47192576,0
1505509348,21496032,52.94,15.02262466,0
1505509347,21496029,52.93,24.26800000,1
1505509342,21496018,52.94,0.67080000,0
1505509336,21495992,52.80,0.25000000,1
1505509327,21495968,52.92,1.40000000,1
1505509323,21495956,52.92,2.90532879,1
1505509308,21495915,52.75,3.56000000,1
1505509306,21495907,52.75,50.00000000,0
1505509306,21495906,52.75,50.00000000,0
1505509306,21495905,52.75,50.00000000,0
1505509306,21495904,52.75,50.00000000,0
1505509306,21495903,52.75,47.73986965,0
1505509304,21495899,52.75,2.26013035,0
1505509304,21495898,52.75,50.00000000,0
1505509304,21495897,52.75,50.00000000,0
1505509303,21495896,52.75,24.70942365,0
1505509303,21495894,52.75,25.29057635,0
1505509303,21495893,52.75,0.05882265,0
1505509301,21495891,52.75,19.98912100,0
1505509299,21495881,52.75,21.11888100,0
1505509298,21495879,52.74,4.22000000,0
1505509277,21495841,52.52,10.00000000,1
1505509173,21495668,52.75,8.83317535,0
1505509173,21495667,52.75,50.00000000,0
1505509172,21495665,52.74,5.02000000,0
1505509172,21495664,52.74,29.77475957,0
1505508954,21495395,52.74,8.06322070,0
1505508949,21495391,52.51,0.59900000,1
1505508945,21495386,52.74,12.16201973,0
1505508945,21495385,52.74,20.00995600,0
1505508924,21495374,52.74,10.00000000,0
1505508921,21495368,52.55,0.67400000,1
1505508914,21495362,52.74,1.00000000,0
1505508911,21495360,52.55,16.47000000,1
1505508910,21495352,52.74,0.11811000,0
1505508909,21495349,52.74,1.22560100,0
1505508900,21495336,52.74,4.00000000,0
1505508889,21495329,52.44,11.19800000,1
1505508889,21495328,52.44,14.19600000,1
1505508889,21495327,52.49,41.52400000,1
1505508889,21495326,52.51,33.08200000,1
1505508881,21495320,52.47,0.46500000,1
1505508880,21495319,52.74,13.64633300,0
1505508880,21495318,52.74,46.35366700,0
1505508875,21495309,52.74,3.64633300,0
1505508875,21495308,52.73,3.27000000,0
1505508875,21495307,52.72,3.86000000,0
1505508858,21495270,52.44,0.46500000,1
1505508848,21495256,52.42,0.46500000,1
1505508840,21495234,52.73,46.73000000,0
1505508840,21495233,52.72,5.19000000,0
1505508839,21495230,52.72,8.08000000,0
1505508838,21495228,52.35,0.46500000,1
1505508834,21495218,52.50,0.10000000,0
1505508832,21495217,52.48,3.70030700,0
1505508829,21495210,52.34,0.46500000,1
1505508824,21495203,52.48,0.46512402,0
1505508815,21495195,52.72,51.73487598,0
1505508815,21495194,52.61,1.30000000,0
1505508814,21495192,52.48,6.50000000,0
1505508795,21495162,52.47,0.34300000,1
1505508732,21495084,52.46,0.11988000,1
1505508726,21495071,52.46,6.69244800,1
1505508701,21495040,52.32,9.54000000,1
1505508688,21495020,52.32,11.33000000,1
1505508684,21495013,52.32,18.04954798,1
1505508674,21495007,52.20,13.46000000,1
1505508673,21495006,52.21,6.69244800,1
1505508669,21494997,52.18,16.00000000,0
1505508668,21494996,52.17,28.51138086,0
1505508668,21494995,52.06,0.76700000,0
1505508636,21494951,51.83,2.96642870,1
1505508632,21494947,51.83,11.51250183,1
1505508632,21494946,51.91,2.94879171,1
1505508632,21494945,52.00,4.05655646,1
1505508631,21494942,52.18,2.83610000,0
1505508618,21494917,52.00,2.94879200,1
1505508555,21494871,52.00,0.19800000,1
1505508555,21494870,52.06,0.71200000,1
1505508544,21494860,52.06,2.28800000,1
1505508384,21494585,52.25,3.21815500,1
1505508373,21494525,52.25,15.55000000,0
1505508367,21494496,52.03,64.90000000,1
1505508367,21494494,52.07,10.95000000,1
1505508367,21494493,52.08,24.15000000,1
1505508364,21494462,52.24,14.06959278,1
1505508362,21494457,52.25,10.00000000,0
1505508345,21494382,52.07,15.31000000,1
1505508344,21494371,52.07,15.31000000,1
1505508343,21494361,52.07,15.31000000,1
1505508342,21494355,52.06,0.00040722,0
1505508342,21494353,52.06,15.30959278,0
1505508339,21494312,52.05,66.03197400,0
1505508339,21494307,52.03,3.51000000,0
1505508338,21494302,52.02,7.20334800,1
1505508338,21494299,52.02,28.24241800,1
1505508338,21494295,52.02,1.88417000,1
1505508337,21494281,52.02,29.58189731,1
1505508337,21494280,52.03,3.11000000,1
1505508336,21494276,52.05,5.96420569,1
1505508336,21494273,52.05,5.35979431,1
1505508336,21494268,52.05,11.32400000,1
1505508335,21494264,52.05,11.32400000,1
1505508335,21494262,52.05,11.32400000,1
1505508335,21494260,52.05,9.01210269,1
1505508335,21494258,52.05,2.31189731,1
1505508334,21494257,52.05,9.41197369,1
1505508334,21494256,52.07,15.53000000,1
1505508334,21494255,52.07,6.74612900,1
1505508333,21494237,52.07,19.15748200,1
1505508332,21494233,52.07,3.00000000,1
1505508332,21494227,52.07,4.13474900,1
1505508332,21494225,52.07,2.01326400,1
1505508332,21494224,52.07,65.46613600,1
1505508332,21494223,52.07,18.07225100,1
1505508331,21494222,52.07,1.40998900,1
1505508297,21494122,52.36,0.82529000,0
1505508295,21494121,52.28,13.06000000,0
1505508283,21494107,52.06,6.39136353,0
1505508271,21494096,52.06,8.54386000,1
1505508262,21494085,52.06,4.69921588,0
1505508261,21494083,52.06,4.69793036,0
1505508260,21494079,52.06,18.48191628,0
1505508259,21494077,52.06,4.80484095,0
1505508205,21494010,52.06,2.38087300,0
1505508199,21494007,52.05,1.91202631,1
1505508199,21494006,52.05,11.32400000,1
1505508199,21494005,52.05,2.28397369,1
1505508195,21494002,52.05,9.04002631,1
1505508194,21494001,52.05,0.95997369,1
1505508180,21493993,52.05,10.00000000,1
1505508179,21493992,52.05,0.35135566,1
1505508179,21493991,52.13,24.05864434,1
1505508162,21493976,52.13,0.59110000,1
1505508146,21493948,52.13,0.35025566,1
1505508141,21493945,52.20,10.00000000,1
1505508140,21493943,52.20,40.00000000,1
1505508111,21493917,52.16,60.00000000,1
1505508110,21493914,52.14,0.01000000,0
1505508110,21493913,52.15,39.99000000,1
1505508089,21493887,52.50,50.00000000,1
1505508084,21493875,52.22,13.16824407,0
1505508083,21493873,52.22,10.96435100,0
1505508082,21493871,52.14,2.94879171,1
1505508075,21493859,52.19,39.37569776,1
1505508075,21493858,52.29,2.92968750,1
1505508074,21493857,52.32,19.10600000,1
1505508074,21493856,52.34,5.85200000,1
1505508074,21493855,52.34,5.85200000,1
1505508074,21493853,52.34,4.90561474,1
1505508067,21493839,52.36,1.06500000,0
1505508062,21493829,52.34,0.94638526,1
1505508062,21493828,52.35,6.15361474,1
1505508054,21493808,52.36,7.84260000,0
1505508054,21493807,52.36,4.88052786,0
1505508054,21493806,52.36,0.00000014,0
1505508049,21493801,52.36,8.65251900,0
1505508045,21493798,52.36,31.34748086,1
1505508038,21493789,52.37,20.00006540,0
1505508026,21493787,52.35,2.63538526,1
1505508025,21493786,52.35,8.78900000,1
1505508025,21493785,52.35,2.91502141,1
1505508025,21493784,52.36,0.59110000,1
1505508025,21493783,52.48,3.89000000,1
1505508025,21493782,52.60,8.34149333,1
1505508017,21493779,52.60,11.08850667,1
1505508017,21493778,52.74,3.63000000,1
1505508017,21493776,52.74,3.63000000,1
1505508017,21493775,52.74,3.63000000,1
1505508016,21493774,52.75,50.00000000,1
1505508016,21493773,52.75,28.02149333,1
1505508006,21493760,52.75,0.99200000,1
1505508005,21493758,52.75,10.89000000,1
1505508003,21493757,52.75,2.07921167,1
1505508001,21493754,52.75,8.01729500,1
1505508001,21493753,52.75,50.00000000,1
1505508001,21493752,52.75,3.63000000,1
1505508001,21493751,52.75,3.63000000,1
1505508001,21493750,52.75,3.63000000,1
1505508001,21493749,52.75,3.63000000,1
1505508000,21493748,52.76,39.59397100,1
1505507999,21493747,52.76,0.95203200,1
1505507978,21493731,52.76,9.45399700,1
1505507978,21493729,52.76,50.00000000,1
1505507977,21493728,52.76,50.00000000,1
1505507976,21493727,52.76,50.00000000,1
1505507976,21493726,52.76,50.00000000,1
1505507976,21493725,52.76,28.44699688,1
1505507973,21493723,52.76,21.55300312,1
1505507973,21493722,52.76,3.35699688,1
1505507965,21493711,52.77,2.07921167,0
1505507962,21493703,52.76,24.91000000,1
1505507949,21493694,52.76,6.66000000,1
1505507941,21493676,52.76,15.07300312,1
1505507941,21493675,52.76,4.34499688,1
1505507936,21493673,52.76,0.63096000,1
1505507911,21493640,52.76,45.02404312,1
1505507911,21493639,52.76,48.48395688,1
1505507895,21493613,52.76,1.51604312,1
1505507894,21493612,52.77,25.78000000,1
1505507894,21493611,52.79,38.03595688,1
1505507891,21493607,52.79,11.96404312,1
1505507891,21493606,52.80,9.73595688,1
1505507886,21493595,52.80,40.26404312,1
1505507886,21493594,52.81,21.56495688,1
1505507885,21493593,52.81,28.43504312,1
1505507885,21493592,52.81,41.55829488,1
1505507876,21493583,52.81,8.44170512,1
1505507875,21493582,52.81,50.00000000,1
1505507875,21493581,52.81,6.89029488,1
1505507864,21493572,52.81,43.10970512,1
1505507864,21493571,52.81,22.22229488,1
1505507854,21493563,52.81,27.77770512,1
1505507854,21493562,52.82,31.26000000,1
1505507853,21493561,52.82,4.74304712,1
1505507853,21493560,52.82,29.32924776,1
1505507845,21493556,52.82,20.67075224,1
1505507845,21493555,52.82,50.00000000,1
1505507844,21493554,52.83,22.43924776,1
1505507835,21493542,52.83,14.19700000,1
1505507825,21493530,52.83,13.36375224,1
1505507825,21493528,52.84,50.00000000,1
1505507825,21493527,52.84,29.74624776,1
1505507817,21493518,52.84,8.70000000,1
1505507808,21493514,52.84,1.76200000,1
1505507798,21493500,52.84,2.65200000,1
1505507787,21493490,52.84,0.25000000,1
1505507778,21493484,52.84,6.88975224,1
1505507778,21493483,52.84,12.75224776,1
1505507771,21493466,52.84,7.22836562,1
1505507770,21493465,52.84,30.01938662,1
1505507770,21493463,52.84,22.75224757,1
1505507767,21493416,52.84,3.00000000,1
1505507757,21493407,52.86,1.37980200,0
1505507755,21493406,52.84,5.84856362,1
1505507754,21493404,52.84,18.14918881,1
1505507754,21493403,52.85,1.49281119,1
1505507746,21493387,52.94,20.83997534,0
1505507746,21493385,52.93,137.00000000,1
1505507746,21493384,52.93,10.00000000,0
1505507746,21493383,52.93,12.48093318,0
1505507745,21493381,52.90,19.64200000,1
1505507744,21493378,52.90,3.37519781,0
1505507739,21493371,52.92,1.37980219,1
1505507735,21493364,52.92,18.26202940,1
1505507725,21493318,52.92,0.49000000,0
1505507725,21493316,52.86,2.43000000,0
1505507715,21493297,52.92,0.60000000,0
1505507715,21493295,52.86,3.00000000,0
1505507703,21493277,52.93,3.16946400,0
1505507703,21493274,52.93,29.39816841,0
1505507698,21493266,52.92,0.74000000,1
1505507698,21493265,52.92,3.70000000,1
1505507687,21493257,52.93,1.50826600,0
1505507686,21493254,52.93,28.48816841,0
1505507686,21493253,52.92,0.91000000,0
1505507684,21493251,52.87,4.56000000,1
1505507680,21493247,52.93,24.95500000,0
1505507680,21493246,52.92,1.13000000,0
1505507675,21493240,52.90,15.19978315,0
1505507675,21493238,52.90,14.19838526,0
1505507674,21493236,52.90,67.57189400,0
1505507674,21493235,52.86,5.63000000,0
1505507671,21493228,52.90,2.89718444,0
1505507664,21493215,52.90,0.13275315,0
1505507664,21493214,52.89,2.73759485,0
1505507663,21493210,52.89,0.16968374,0
1505507663,21493209,52.88,1.43311018,0
1505507663,21493208,52.86,0.13685808,0
1505507661,21493201,52.86,6.55314192,0
1505507660,21493196,52.84,0.25000000,1
1505507656,21493184,52.88,0.99154000,0
1505507654,21493180,52.88,9.59359600,0
1505507654,21493179,52.87,43.81140400,0
1505507652,21493165,52.87,1.92207300,0
1505507649,21493154,52.87,4.26652300,0
1505507649,21493153,52.86,8.14000000,0
1505507644,21493123,52.86,1.00000000,0
1505507641,21493116,52.86,1.77847106,0
1505507641,21493115,52.84,1.48391075,0
1505507639,21493110,52.84,1.42789553,0
1505507633,21493080,52.84,16.52923807,0
1505507628,21493026,52.83,5.93791406,0
1505507623,21492992,52.74,3.69510808,0
1505507623,21492989,52.74,1.30489192,0
1505507618,21492971,52.84,30.55895565,0
1505507618,21492970,52.83,13.51000000,0
1505507618,21492969,52.76,2.91426235,0
1505507617,21492968,52.75,70.00000000,0
1505507612,21492941,52.74,2.09810150,0
1505507612,21492940,52.48,2.92968750,0
1505507608,21492935,52.45,42.30188000,1
1505507608,21492934,52.50,97.78000000,1
1505507608,21492932,52.51,39.42000000,1
1505507608,21492930,52.51,36.08000000,1
1505507608,21492929,52.52,70.53800000,1
1505507608,21492927,52.58,15.00000000,1
1505507608,21492925,52.73,59.88012000,1
1505507608,21492924,52.73,0.11988000,1
1505507567,21492854,52.69,13.95950000,0
1505507567,21492852,52.68,24.52395465,0
1505507566,21492851,52.68,0.00350000,0
1505507566,21492850,52.67,5.00000000,0
1505507516,21492757,52.50,2.22000000,1
1505507516,21492756,52.51,37.78000000,1
1505507516,21492755,52.53,15.00000000,0
1505507514,21492753,52.54,15.00000000,1
1505507477,21492733,52.45,5.00000000,1
1505507477,21492732,52.46,15.00000000,1
1505507476,21492731,52.46,0.72191710,1
1505507448,21492689,52.54,10.04517978,0
1505507443,21492682,52.53,5.00000000,1
1505507443,21492681,52.54,15.00000000,1
1505507357,21492549,52.68,0.56031300,0
1505507356,21492547,52.61,7.66785100,0
1505507356,21492545,52.61,5.04214900,0
1505507354,21492534,52.68,5.62389000,0
1505507353,21492527,52.68,15.80784235,0
1505507353,21492524,52.67,15.69060765,0
1505507352,21492506,52.68,28.48050000,0
1505507351,21492504,52.67,13.95950000,0
1505507351,21492503,52.67,3.34202200,0
1505507351,21492499,52.67,10.61747800,0
1505507351,21492495,52.66,13.95950000,0
1505507351,21492492,52.64,4.64100000,0
1505507350,21492490,52.64,2.71570200,0
1505507350,21492487,52.64,11.24379800,0
1505507350,21492482,52.64,3.02000000,0
1505507349,21492466,52.64,10.12900000,0
1505507349,21492464,52.64,31.74950000,0
1505507349,21492462,52.62,21.62050000,0
1505507349,21492461,52.62,10.12900000,0
1505507348,21492459,52.62,3.83050000,0
1505507348,21492458,52.62,27.91900000,0
1505507348,21492454,52.61,15.11000000,0
1505507347,21492452,52.61,17.13000000,0
1505507334,21492374,52.59,2.91426235,0
1505507322,21492360,52.35,2.93697859,0
1505507321,21492359,52.35,0.00000600,0
1505507300,21492340,52.33,12.46462700,0
1505507292,21492336,52.33,8.78897900,0
1505507269,21492316,52.31,0.99722000,0
1505507268,21492315,52.30,1.39513000,0
1505507267,21492314,52.31,1.39566000,0
1505507234,21492294,52.09,20.00000000,1
1505507231,21492293,52.32,25.15459260,0
1505507231,21492292,52.32,27.10560000,0
1505507231,21492291,52.32,5.89453618,0
1505507224,21492284,52.32,1.84527122,0
1505507216,21492276,52.32,0.00509656,0
1505507216,21492275,52.31,7.28727344,0
1505507202,21492266,52.15,20.00000000,1
1505507191,21492245,52.32,1.21707000,0
1505507190,21492243,52.32,7.64612600,0
1505507184,21492227,52.09,161.97834760,0
1505507184,21492224,52.09,20.00000000,0
1505507183,21492221,52.09,1.90564000,0
1505507182,21492219,52.09,1.90832300,0
1505507182,21492218,52.30,14.20768940,1
1505507180,21492213,52.30,4.05434000,0
1505507175,21492204,52.30,11.39260000,0
1505507172,21492199,52.30,2.95306000,0
1505507161,21492159,52.06,3.31900000,1
1505507161,21492157,52.06,16.68100000,1
1505507157,21492142,52.30,18.40000000,1
1505507139,21492079,52.00,0.01267065,0
1505507123,21492063,51.93,11.46300000,1
1505507120,21492059,51.93,5.00000000,1
1505507120,21492058,51.94,15.00000000,1
1505507111,21492052,51.99,16.48834258,1
1505507111,21492051,51.99,3.51165742,1
1505507059,21491960,51.99,3.00000000,1
1505507058,21491958,52.00,2.59256000,0
1505507056,21491955,52.00,15.02060000,0
1505507015,21491848,51.98,32.78888358,1
1505507007,21491842,51.99,2.11239000,0
1505506996,21491834,52.04,17.28966721,0
1505506988,21491829,51.59,2.98022872,1
1505506980,21491806,51.29,417.04072173,1
1505506980,21491803,51.29,0.33718179,1
1505506980,21491802,51.29,4.99650244,1
1505506980,21491800,51.29,4.99650244,1
1505506980,21491799,51.29,4.99650244,1
1505506980,21491798,51.29,4.99650244,1
1505506980,21491797,51.29,4.99650244,1
1505506979,21491795,51.29,96.87047627,0
1505506979,21491794,51.42,143.00000000,1
1505506979,21491792,51.52,2.76165602,1
1505506978,21491791,51.55,140.00000000,1
1505506978,21491788,51.66,2.75101175,1
1505506978,21491784,51.68,144.00000000,1
1505506977,21491782,51.70,2.75207248,1
1505506977,21491778,51.71,2.96414112,1
1505506976,21491775,51.75,70.00000000,1
1505506976,21491774,51.75,2.74942218,1
1505506976,21491772,51.76,51.28000000,1
1505506976,21491770,51.76,2.51000000,1
1505506975,21491769,51.86,2.50000000,1
1505506975,21491768,51.86,2.50000000,1
1505506975,21491767,51.86,44.83776796,0
1505506975,21491766,51.88,12.52000000,1
1505506973,21491765,51.99,15.31000000,1
1505506834,21491584,52.23,2.44136500,0
1505506834,21491583,52.23,1.81022000,0
1505506833,21491581,52.14,2.27577363,1
1505506829,21491577,52.23,1.77536400,0
1505506817,21491561,52.23,2.27394400,0
1505506814,21491557,52.23,4.10142000,1
1505506814,21491556,52.23,5.52463600,1
1505506812,21491554,52.22,0.10000000,1
1505506810,21491550,52.08,8.40000000,1
1505506797,21491528,52.32,10.49750004,0
1505506797,21491527,52.32,27.10560000,0
1505506796,21491524,52.31,27.10560000,0
1505506796,21491522,52.31,27.10560000,0
1505506796,21491520,52.31,27.10560000,0
1505506796,21491518,52.31,27.10560000,0
1505506796,21491517,52.31,27.10560000,0
1505506796,21491515,52.31,27.10560000,0
1505506796,21491514,52.31,27.10560000,0
1505506796,21491513,52.31,27.10560000,0
1505506795,21491511,52.30,27.10560000,0
1505506795,21491509,52.30,27.10560000,0
1505506795,21491507,52.30,27.10560000,0
1505506795,21491506,52.30,27.10560000,0
1505506795,21491505,52.30,27.10560000,0
1505506794,21491504,52.29,50.00000000,0
1505506794,21491503,52.28,50.00000000,0
1505506794,21491502,52.28,50.00000000,0
1505506794,21491500,52.21,14.14000000,0
1505506792,21491493,52.19,50.00000000,0
1505506792,21491492,52.19,8.21085900,0
1505506790,21491484,52.19,14.14000000,0
1505506788,21491478,52.19,14.43034700,0
1505506788,21491477,52.19,13.21879400,0
1505506788,21491476,52.19,50.00000000,0
1505506788,21491475,52.19,50.00000000,0
1505506783,21491462,52.18,6.13487799,0
1505506783,21491460,52.18,2.77064136,0
1505506774,21491437,52.18,6.13505205,0
1505506763,21491395,52.18,4.05460000,0
1505506762,21491391,52.18,2.93698459,0
1505506754,21491355,52.18,34.10272200,0
1505506753,21491354,52.18,50.00000000,0
1505506753,21491352,52.15,30.19000000,0
1505506752,21491347,52.16,20.03616000,0
1505506746,21491333,52.14,15.31000000,0
1505506745,21491321,52.16,5.80811542,0
1505506744,21491320,52.00,3.84188458,0
1505506744,21491318,51.88,4.24590600,0
1505506741,21491310,51.88,3.84188400,0
1505506739,21491305,51.88,1.29221000,0
1505506738,21491298,51.87,24.10237490,0
1505506737,21491291,51.87,31.34748086,0
1505506736,21491289,51.87,2.96421269,1
1505506736,21491285,52.00,3.05379000,0
1505506735,21491281,52.00,6.98764088,0
1505506735,21491279,51.87,2.96414112,0
1505506734,21491270,52.00,1.41341200,0
1505506732,21491255,52.00,4.70327254,0
1505506728,21491238,52.19,15.31000000,0
1505506727,21491237,52.20,12.60000000,0
1505506727,21491235,52.19,2.71000000,0
1505506725,21491233,52.22,15.31000000,0
1505506725,21491231,52.14,2.93752388,1
1505506725,21491230,52.19,0.87000000,1
1505506724,21491229,52.20,3.19196596,1
1505506724,21491226,52.20,3.00879800,1
1505506724,21491225,52.20,15.77191230,1
1505506724,21491222,52.22,13.88930000,0
1505506724,21491220,52.21,1.42070000,0
1505506723,21491214,52.20,28.02732374,1
1505506723,21491213,52.20,36.90667626,1
1505506722,21491211,52.20,13.09332374,1
1505506722,21491209,52.20,11.02365326,1
1505506722,21491208,52.22,14.46232300,1
1505506722,21491207,52.21,0.84767700,0
1505506720,21491203,52.20,1.58593155,1
1505506720,21491202,52.21,48.15232300,1
1505506715,21491179,52.21,1.84767700,1
1505506712,21491164,52.22,50.00000000,1
1505506712,21491163,52.22,50.00000000,1
1505506712,21491162,52.22,50.00000000,1
1505506709,21491154,52.23,6.67067479,1
1505506709,21491153,52.23,2.70000000,1
1505506709,21491150,52.23,12.05002521,1
1505506708,21491147,52.23,28.57930000,1
1505506708,21491145,52.23,11.42070000,1
1505506707,21491141,52.23,38.57930000,1
1505506707,21491139,52.24,1.42070000,1
1505506703,21491124,52.24,0.02930000,1
1505506702,21491123,52.24,50.00000000,1
1505506702,21491122,52.24,50.00000000,1
1505506702,21491120,52.24,50.00000000,1
1505506702,21491119,52.25,50.00000000,1
1505506701,21491107,52.26,1.58593155,0
1505506697,21491082,52.31,1.39737363,0
1505506697,21491073,52.26,6.80295500,1
1505506697,21491071,52.26,10.00000000,1
1505506696,21491068,52.31,1.47581751,0
1505506696,21491066,52.28,13.83418249,0
1505506695,21491065,52.28,7.26000000,0
1505506694,21491061,52.26,40.00000000,1
1505506693,21491048,52.31,5.99401000,1
1505506686,21491035,52.31,1.39599000,1
1505506680,21491020,52.48,13.89289004,0
1505506666,21490959,52.30,27.80000000,1
1505506666,21490958,52.33,2.20000000,1
1505506659,21490940,52.53,10.20626400,1
1505506655,21490934,52.53,0.78373600,0
1505506654,21490929,52.53,5.21626400,1
1505506649,21490917,52.53,7.90373600,1
1505506631,21490872,52.53,0.70163000,1
1505506620,21490839,52.70,9.40231500,1
1505506616,21490826,52.70,2.65721000,1
1505506612,21490806,52.70,1.50000000,1
1505506612,21490803,52.70,0.40000000,1
1505506607,21490785,52.70,150.00000000,1
1505506602,21490773,52.70,36.04047500,1
1505506571,21490678,52.66,18.89773511,1
1505506540,21490633,52.88,20.00000000,0
1505506520,21490599,52.88,5.22015000,0
1505506517,21490582,52.88,21.14807110,0
1505506511,21490559,52.87,1.11499905,0
1505506503,21490485,52.88,3.52451900,0
1505506501,21490477,52.88,19.38175200,0
1505506501,21490475,52.87,3.23324800,0
1505506501,21490468,52.87,1.11675200,0
1505506486,21490435,52.70,1.25000000,1
1505506476,21490404,52.80,2.31498807,1
1505506472,21490394,52.70,12.75000000,1
1505506460,21490341,52.86,7.89689400,0
1505506459,21490334,52.69,3.31257222,1
1505506456,21490318,52.69,41.51671267,1
1505506451,21490301,52.87,8.12237563,0
1505506451,21490300,52.84,5.37000000,0
1505506450,21490298,52.83,0.60622600,0
1505506448,21490287,52.82,4.79913348,0
1505506446,21490279,52.83,0.46377400,0
1505506430,21490204,52.69,73.20706093,1
1505506413,21490156,52.57,10.44943320,1
1505506363,21490042,52.57,21.97000000,0
1505506359,21490034,52.55,5.27849116,0
1505506341,21489918,52.44,27.14329909,1
1505506333,21489899,52.33,45.00000000,1
1505506302,21489858,52.31,2.98333378,1
1505506275,21489824,52.31,2.89852890,0
1505506252,21489769,52.33,6.07177217,0
1505506252,21489767,52.33,5.50000800,1
1505506246,21489759,52.30,17.00917662,1
1505506246,21489758,52.32,12.63330000,1
1505506246,21489756,52.32,12.04721431,1
1505506241,21489745,52.33,3.84000000,0
1505506228,21489725,52.36,9.85402754,1
1505506227,21489722,52.33,29.00000000,1
1505506224,21489719,52.32,0.58608569,1
1505506224,21489718,52.32,12.63330000,1
1505506224,21489717,52.34,5.87499200,1
1505506224,21489716,52.36,0.10798823,0
1505506224,21489715,52.34,5.87499177,0
1505506221,21489709,52.31,12.63329747,0
1505506219,21489697,52.31,3.80100890,1
1505506218,21489696,52.34,2.93752000,1
1505506207,21489665,52.34,2.93752388,0
1505506198,21489646,52.53,2.91745730,1
1505506198,21489645,52.57,2.91579745,1
1505506193,21489641,52.58,6.71185660,0
1505506179,21489624,52.63,6.73063900,1
1505506177,21489620,52.63,41.60837500,1
1505506170,21489609,52.63,1.66098600,1
1505506170,21489608,52.64,13.06496000,1
1505506167,21489601,52.64,18.44747300,1
1505506165,21489597,52.64,18.48756700,1
1505506161,21489592,52.65,18.57070500,1
1505506159,21489580,52.65,20.00000000,1
1505506155,21489574,52.65,3.03767000,1
1505506143,21489552,52.65,8.39162500,1
1505506143,21489551,52.66,6.90849000,0
1505506129,21489518,52.67,6.21000000,0
1505506128,21489516,52.66,19.95636894,0
1505506127,21489511,52.66,1.00000000,0
1505506127,21489509,52.66,19.10881500,0
1505506126,21489506,52.66,5.67000000,0
1505506124,21489503,52.66,1.14632495,0
1505506114,21489494,52.87,0.19079000,0
1505506096,21489470,52.88,18.70726172,0
1505506094,21489467,52.87,2.32590858,0
1505506090,21489452,52.87,2.00037828,0
1505506089,21489449,52.87,6.56297400,0
1505506089,21489447,52.87,12.91643114,0
1505506074,21489429,52.87,10.15022300,0
1505506061,21489398,52.87,2.57748500,0
1505506060,21489397,52.86,5.01340000,0
1505506054,21489387,52.86,31.52000000,0
1505506022,21489323,52.81,36.53340000,0
1505506006,21489303,52.71,0.49315497,0
1505506002,21489295,52.70,5.35308500,1
1505505996,21489285,52.66,12.95815356,1
1505505993,21489281,52.66,32.84523044,1
1505505987,21489271,52.66,3.47380000,1
1505505966,21489246,52.66,0.72281600,1
1505505963,21489238,52.67,0.27600000,0
1505505957,21489227,52.67,7.33801701,1
1505505950,21489225,52.67,42.66198299,1
1505505950,21489224,52.67,47.32883151,1
1505505948,21489221,52.67,2.67116849,1
1505505948,21489220,52.67,29.95992351,1
1505505944,21489213,52.67,20.04007649,1
1505505944,21489212,52.69,15.09128570,1
1505505942,21489209,52.69,24.86863781,1
1505505938,21489204,52.69,3.10991700,1
1505505938,21489202,52.69,6.93015949,1
1505505938,21489200,52.69,22.34084051,1
1505505931,21489196,52.69,27.65915949,1
1505505931,21489195,52.69,25.57560051,1
1505505925,21489193,52.69,24.42439949,1
1505505925,21489192,52.70,10.70696270,1
1505505921,21489189,52.70,9.92000000,1
1505505915,21489162,52.70,14.94863781,1
1505505911,21489155,52.70,1.90980000,1
1505505910,21489152,52.70,12.51459949,1
1505505910,21489150,52.70,27.74696270,1
1505505908,21489143,52.70,9.09134200,1
1505505905,21489139,52.70,2.88000000,1
1505505899,21489124,52.70,2.92499400,1
1505505896,21489115,52.70,3.92385600,1
1505505896,21489113,52.70,2.91745730,1
1505505895,21489110,52.71,2.90727859,0
1505505895,21489107,52.70,0.51538800,1
1505505894,21489105,52.70,4.62970171,1
1505505894,21489099,52.70,3.67390000,1
1505505891,21489090,52.70,38.37791100,1
1505505889,21489087,52.70,3.31848729,1
1505505889,21489085,52.70,0.17286071,1
1505505886,21489080,52.70,27.83101029,1
1505505883,21489069,52.70,20.65228000,1
1505505882,21489068,52.70,1.34384900,1
1505505882,21489067,52.70,1.35387100,1
1505505881,21489066,52.70,5.68716700,1
1505505880,21489057,52.70,6.93663900,1
1505505878,21489056,52.70,34.13530000,1
1505505877,21489049,52.71,1.87000000,0
1505505876,21489046,52.71,9.35000000,0
1505505873,21489043,52.70,1.88702300,1
1505505869,21489039,52.71,8.81898971,1
1505505868,21489038,52.71,23.35000000,1
1505505868,21489037,52.72,2.11000000,1
1505505868,21489036,52.93,134.83898971,0
1505505868,21489035,52.73,15.16101029,0
1505505865,21489034,52.74,10.56000000,1
1505505857,21489026,52.73,2.91579745,1
1505505851,21489011,52.74,5.18530700,0
1505505850,21489009,52.74,13.05000000,0
1505505849,21489006,52.74,13.14000000,1
1505505849,21489005,52.80,2.90368271,1
1505505848,21489000,53.00,0.00059526,1
1505505847,21488995,53.00,10.37037736,1
1505505845,21488989,53.00,62.07293078,1
1505505845,21488988,53.04,2.59971074,1
1505505845,21488984,53.04,0.29000000,0
1505505835,21488963,53.13,21.64564369,0
1505505835,21488962,53.12,50.00000000,0
1505505835,21488961,53.12,50.00000000,0
1505505835,21488960,53.10,22.43968871,0
1505505835,21488959,52.97,2.90278359,0
1505505835,21488958,52.96,2.90368271,0
1505505834,21488957,52.95,0.10820130,0
1505505829,21488913,52.95,0.00008870,1
1505505829,21488912,52.95,36.53334505,1
1505505823,21488897,52.71,0.55000000,1
1505505811,21488868,52.80,0.21000000,1
1505505810,21488867,52.80,1.06000000,1
1505505810,21488866,52.80,0.10829000,1
1505505810,21488863,52.81,21.34270000,0
1505505808,21488846,52.80,6.07316958,1
1505505798,21488806,52.48,0.26000000,1
1505505798,21488803,52.49,1.31000000,1
1505505792,21488785,52.78,0.01910667,1
1505505791,21488781,52.78,4.00000000,1
1505505789,21488774,52.78,11.99600000,1
1505505784,21488751,52.34,0.57000000,1
1505505784,21488746,52.35,0.10434397,1
1505505784,21488745,52.36,2.72565603,1
1505505782,21488741,52.77,2.90278359,0
1505505776,21488709,52.38,0.00000003,0
1505505775,21488696,52.27,5.00000000,1
1505505774,21488690,52.38,2.72565600,0
1505505773,21488682,52.26,1.42000000,1
1505505772,21488681,52.26,7.10000000,1
1505505770,21488673,52.23,2.24000000,0
1505505770,21488671,52.21,50.00000000,0
1505505770,21488670,52.20,12.60958481,0
1505505770,21488669,52.20,17.53345519,0
1505505769,21488667,52.20,1.47134900,0
1505505766,21488657,52.19,8.44000000,0
1505505754,21488635,52.11,45.00000000,1
1505505754,21488633,52.12,12.04609532,1
1505505753,21488629,52.12,2.95390468,1
1505505745,21488615,52.20,47.23519581,0
1505505745,21488612,52.20,50.00000000,0
1505505745,21488610,52.20,50.00000000,0
1505505744,21488609,52.20,50.00000000,0
1505505744,21488608,52.20,50.00000000,0
1505505744,21488607,52.20,16.76480419,0
1505505738,21488602,52.19,11.76000000,0
1505505725,21488590,52.19,0.76610300,0
1505505675,21488341,51.92,3.25038483,1
1505505672,21488324,51.92,23.96873768,1
1505505662,21488270,51.93,3.25034766,1
1505505658,21488259,51.90,21.78517400,0
1505505658,21488257,51.89,31.05000000,0
1505505658,21488254,51.88,31.94567343,0
1505505653,21488222,51.90,1.08000000,0
1505505652,21488220,51.90,5.40000000,0
1505505636,21488174,51.90,21.73482600,0
1505505633,21488164,52.18,2.72565603,0
1505505627,21488133,51.88,2.75207248,1
1505505622,21488071,51.90,19.84243699,1
1505505622,21488070,51.96,0.02756027,1
1505505622,21488069,51.96,0.01751339,1
1505505622,21488068,51.96,2.69327278,1
1505505622,21488067,51.98,2.73729626,1
1505505622,21488065,52.03,2.73624688,1
1505505609,21487985,52.23,4.63320419,1
1505505609,21487984,52.23,34.23000000,1
1505505609,21487983,52.23,20.66099362,1
1505505606,21487965,52.23,0.47580219,1
1505505601,21487943,52.23,5.00000000,1
1505505599,21487929,52.23,8.09320419,1
1505505599,21487925,52.23,2.90679581,1
1505505599,21487920,52.23,31.32320419,1
1505505599,21487917,52.24,18.93420000,1
1505505598,21487915,52.24,18.93420000,1
1505505598,21487913,52.24,13.98779681,1
1505505598,21487911,52.24,4.94640319,1
1505505597,21487910,52.24,18.58704981,1
1505505594,21487904,52.24,0.34715019,1
1505505594,21487903,52.24,34.23000000,1
1505505594,21487901,52.24,24.94704762,1
1505505586,21487890,52.24,4.35757000,1
1505505584,21487882,52.24,1.51021200,1
1505505583,21487875,52.24,3.41517038,1
1505505582,21487873,52.24,7.52127362,1
1505505581,21487870,52.24,19.61951200,1
1505505578,21487868,52.24,0.25341219,1
1505505578,21487867,52.25,0.22239000,1
1505505577,21487866,52.24,6.36000000,1
1505505570,21487850,52.25,18.50778067,0
1505505567,21487840,52.24,0.47580219,1
1505505566,21487835,52.25,15.44207445,1
1505505566,21487834,52.26,15.00000000,1
1505505564,21487829,52.25,18.78792555,1
1505505564,21487827,52.25,12.55955531,1
1505505564,21487826,52.25,2.73624688,1
1505505562,21487821,52.21,18.93419781,0
1505505562,21487814,52.21,31.31640819,0
1505505562,21487812,52.21,2.91359181,0
1505505561,21487805,52.20,3.18283200,0
1505505558,21487801,52.13,0.02756027,0
1505505556,21487784,52.21,1.18640819,0
1505505556,21487781,52.21,0.17359181,0
1505505556,21487777,52.21,5.00000000,0
1505505552,21487768,52.16,2.73729626,1
1505505529,21487667,52.65,0.78836787,1
1505505524,21487665,52.65,1.90910000,1
1505505495,21487622,52.81,1.67100000,1
1505505485,21487597,52.98,18.50778067,0
1505505437,21487473,53.10,2.67848548,0
1505505434,21487467,52.66,20.41619191,0
1505505431,21487457,52.92,0.00921383,1
1505505428,21487444,52.87,0.44078617,0
1505505428,21487441,52.87,2.25248661,0
1505505427,21487440,52.66,0.01751339,0
1505505415,21487358,52.80,0.98000000,0
1505505415,21487357,52.81,4.92000000,0
1505505413,21487348,52.81,4.65459426,0
1505505413,21487347,52.80,0.00000028,0
1505505412,21487342,52.80,2.69492165,1
1505505412,21487341,52.85,0.00850550,1
1505505412,21487340,52.85,2.66822429,1
1505505412,21487338,52.91,2.68883028,1
1505505412,21487337,52.92,1.25000000,1
1505505412,21487335,52.92,6.27000000,1
1505505397,21487282,52.92,2.69746787,1
1505505347,21487083,53.45,30.37175014,1
1505505341,21487065,53.45,6.96119700,1
1505505334,21487050,53.45,1.00000000,1
1505505333,21487047,53.64,36.15940691,0
1505505333,21487046,53.59,13.84059309,0
1505505330,21487037,53.59,4.89539275,1
1505505322,21487011,53.45,10.87000000,1
1505505317,21487000,53.43,0.79705286,0
1505505310,21486982,53.43,13.84607664,0
1505505309,21486976,53.59,1.25687050,1
1505505308,21486974,53.59,3.00000000,1
1505505307,21486973,53.45,1.11613750,0
1505505300,21486956,53.45,0.60837200,0
1505505300,21486954,53.43,5.10000000,0
1505505297,21486949,53.43,14.00000000,0
1505505297,21486948,53.16,28.65251914,1
1505505297,21486947,53.17,31.34748086,1
1505505294,21486941,53.43,1.10763250,0
1505505294,21486940,53.33,0.00850550,0
1505505282,21486913,53.09,2.68883028,0
1505505272,21486882,53.43,2.66026835,1
1505505270,21486874,53.44,50.00000000,0
1505505254,21486817,53.50,32.76663809,1
1505505253,21486812,53.50,40.00000000,1
1505505253,21486810,53.50,40.00000000,1
1505505252,21486806,53.50,50.00000000,1
1505505252,21486804,53.50,50.00000000,1
1505505252,21486803,53.50,50.00000000,1
1505505249,21486799,53.50,1.75775664,1
1505505238,21486750,53.50,1.00000000,1
1505505237,21486747,53.50,10.00000000,1
1505505232,21486734,53.50,40.00000000,1
1505505229,21486717,53.50,8.39684000,1
1505505228,21486710,53.50,2.79308374,1
1505505227,21486709,53.50,3.42600634,1
1505505224,21486700,53.50,4.57789314,1
1505505221,21486695,53.50,5.46747500,1
1505505220,21486694,53.50,17.61933100,1
1505505220,21486693,53.50,111.42920900,1
1505505220,21486692,53.50,47.11069900,1
1505505216,21486684,53.50,14.03000000,1
1505505215,21486680,53.50,15.81246842,1
1505505215,21486678,53.50,47.41063300,1
1505505211,21486671,53.50,12.15185500,1
1505505211,21486670,53.50,34.67549600,1
1505505210,21486669,53.50,39.00000000,1
1505505208,21486657,53.50,138.50988700,1
1505505207,21486655,53.50,97.97776300,1
1505505205,21486652,53.50,0.41792441,1
1505505205,21486651,53.67,5.99000000,1
1505505199,21486642,53.50,2.77663533,1
1505505194,21486627,53.50,7.42000000,1
1505505192,21486616,53.51,6.61000000,0
1505505188,21486608,53.50,13.39897500,1
1505505186,21486594,53.50,178.01765300,1
1505505185,21486590,53.50,73.86140000,1
1505505185,21486589,53.50,1.06422800,1
1505505184,21486584,53.50,2.61633300,1
1505505184,21486583,53.50,0.38498000,1
1505505183,21486582,53.50,93.84740000,1
1505505183,21486581,53.50,2.66822429,1
1505505182,21486578,53.50,93.83049100,1
1505505182,21486577,53.50,31.90000935,1
1505505181,21486574,53.50,2.77140169,1
1505505179,21486567,53.51,7.42000000,0
1505505179,21486565,53.50,1.62618600,1
1505505179,21486563,53.50,0.23691585,1
1505505178,21486559,53.50,35.48058700,1
1505505172,21486550,53.50,7.24631300,1
1505505169,21486527,53.50,16.60413500,1
1505505167,21486522,53.50,7.57123400,1
1505505166,21486515,53.50,1.40130600,1
1505505164,21486490,53.50,170.77000000,1
1505505163,21486477,53.50,165.75524200,1
1505505159,21486464,53.50,172.41939171,1
1505505159,21486463,53.66,4.58060829,1
1505505152,21486437,53.66,2.66026835,1
1505505149,21486404,53.66,12.75912336,1
1505505148,21486402,53.68,2.65038989,1
1505505148,21486401,53.79,4.59048675,0
1505505146,21486387,53.75,3.78213953,1
1505505146,21486385,53.75,15.00000000,1
1505505145,21486382,53.79,2.64351851,1
1505505141,21486360,53.84,2.78718400,1
1505505139,21486335,53.84,2.12282701,1
1505505139,21486333,53.84,4.09056099,1
1505505136,21486318,53.84,3.07178100,1
1505505135,21486313,53.84,42.83765801,1
1505505135,21486312,53.84,50.00000000,1
1505505135,21486310,53.84,50.00000000,1
1505505135,21486308,53.84,50.00000000,1
1505505135,21486307,53.84,7.16234199,1
1505505134,21486303,53.86,4.58331687,0
1505505134,21486300,53.84,17.42358500,1
1505505134,21486299,53.84,2.65039000,1
1505505133,21486288,53.84,7.41022600,1
1505505132,21486287,53.84,14.28255400,1
1505505132,21486286,53.84,1.07090301,1
1505505132,21486283,53.84,0.83245999,1
1505505132,21486281,53.84,11.50440000,1
1505505132,21486279,53.84,18.87001000,1
1505505130,21486268,53.84,8.01789500,1
1505505130,21486263,53.94,0.46371306,0
1505505129,21486258,53.84,5.90600100,1
1505505129,21486254,53.84,4.86923401,1
1505505128,21486252,53.84,37.26578799,1
1505505128,21486249,53.84,12.73421201,1
1505505128,21486247,53.84,46.97902599,1
1505505127,21486236,53.84,0.29170800,1
1505505126,21486232,53.84,2.72926601,1
1505505126,21486230,53.84,36.01556499,1
1505505124,21486213,53.84,3.98443501,1
1505505124,21486212,53.85,50.00000000,1
1505505124,21486210,53.85,50.00000000,1
1505505123,21486209,53.86,5.00000000,1
1505505123,21486208,53.86,8.48954399,1
1505505122,21486200,53.86,2.65038989,1
1505505121,21486189,53.86,35.87348900,1
1505505121,21486186,53.86,2.98657712,1
1505505119,21486168,53.95,0.00000008,1
1505505114,21486135,53.95,2.64107300,1
1505505113,21486126,53.98,44.34000000,0
1505505112,21486120,53.98,10.00000000,0
1505505110,21486114,54.00,118.33576433,1
1505505110,21486113,54.01,2.63360675,1
1505505110,21486110,54.09,21.85322046,1
1505505110,21486109,54.09,30.46876797,1
1505505109,21486103,54.09,2.64000000,1
1505505108,21486096,54.09,2.64351851,1
1505505107,21486094,54.02,24.24771352,0
1505505106,21486092,54.02,2.63230684,1
1505505106,21486091,54.03,2.11997964,1
1505505102,21486080,54.43,18.49496748,0
1505505102,21486078,54.32,129.00000000,0
1505505102,21486077,54.22,156.13000000,0
1505505102,21486075,54.20,119.05768880,0
1505505101,21486073,54.09,77.31734372,0
1505505101,21486065,54.03,3.00000000,1
1505505099,21486048,54.09,44.68265628,0
1505505099,21486044,54.03,38.68671144,0
1505505098,21486036,54.08,4.57378128,0
1505505095,21486020,54.19,4.56017614,0
1505505092,21485999,54.17,23.48448666,1
1505505091,21485990,54.20,5.09509069,0
1505505090,21485986,54.20,4.55425197,0
1505505089,21485977,54.23,3.29296854,1
1505505085,21485948,54.23,2.70701507,1
1505505083,21485927,54.23,2.63230684,1
1505505078,21485908,54.03,23.48447122,1
1505505077,21485906,54.17,2.62552878,1
1505505074,21485901,54.43,2.12441728,0
1505505074,21485900,54.38,1.31328856,0
1505505074,21485899,54.37,0.30980000,0
1505505073,21485896,54.37,11.69020000,1
1505505073,21485894,54.52,2.19870464,1
1505505072,21485892,54.51,6.33027555,0
1505505072,21485891,54.51,4.53972445,0
1505505069,21485878,54.41,47.35753600,0
1505505068,21485867,54.38,2.62552878,1
1505505060,21485822,54.57,2.60635384,1
1505505056,21485813,54.63,2.60397665,1
1505505056,21485812,54.65,102.11669570,1
1505505054,21485806,54.65,9.19127600,1
1505505053,21485799,54.65,13.68926700,1
1505505050,21485777,54.85,29.91821048,1
1505505048,21485774,54.85,5.21033100,1
1505505048,21485771,54.85,18.07000000,0
1505505047,21485767,54.65,44.70915200,1
1505505047,21485766,54.66,11.51352900,1
1505505046,21485764,54.66,37.81647100,1
1505505044,21485756,54.65,134.72474600,1
1505505043,21485753,54.66,0.36000000,0
1505505041,21485748,54.66,8.53701200,1
1505505039,21485746,54.65,8.67555900,1
1505505038,21485745,54.65,24.36714400,1
1505505017,21485699,54.76,112.19732000,0
1505505014,21485690,54.76,4.40134000,0
1505505006,21485677,54.65,16.53000000,1
1505505006,21485676,54.66,18.36000000,1
1505505006,21485675,54.66,15.00000000,1
1505504998,21485610,54.75,10.00000000,0
1505504993,21485598,54.97,18.89137214,0
1505504993,21485597,54.86,30.40862786,0
1505504993,21485596,54.79,0.70000000,0
1505504992,21485592,54.79,0.10000000,1
1505504991,21485591,54.79,0.10000000,1
1505504991,21485590,54.79,0.10000000,1
1505504988,21485579,54.86,50.50000000,0
1505504987,21485575,54.86,35.87830300,0
1505504986,21485570,54.86,1.33641014,0
1505504986,21485569,54.84,31.34748086,0
1505504985,21485567,54.86,7.87665900,0
1505504985,21485565,54.77,0.10000000,0
1505504983,21485551,54.77,16.90000000,1
1505504977,21485508,54.77,2.60635384,1
1505504974,21485491,54.82,2.59545454,1
1505504972,21485483,54.83,2.60397665,1
1505504970,21485469,55.00,59.22656927,0
1505504968,21485458,55.00,35.75856445,1
1505504967,21485455,55.00,2.59545454,1
1505504967,21485454,55.00,4.07851000,1
1505504967,21485453,55.00,17.59450500,1
1505504966,21485450,55.00,132.08385300,1
1505504966,21485448,55.00,5.26639714,1
1505504964,21485442,55.08,0.16721133,0
1505504963,21485439,54.98,0.00000027,0
1505504963,21485436,54.98,50.00000000,1
1505504963,21485434,55.01,0.77343073,1
1505504960,21485418,55.19,0.77343073,1
1505504953,21485396,55.00,177.00000000,1
1505504952,21485391,55.20,2.57746336,0
1505504945,21485354,55.41,24.18131850,0
1505504945,21485351,55.39,0.61877200,0
1505504945,21485350,55.27,0.62141800,0
1505504945,21485349,55.16,0.00003461,0
1505504945,21485347,55.16,1.27002293,0
1505504945,21485341,55.16,0.89808661,0
1505504944,21485339,55.16,0.42000000,0
1505504944,21485335,55.14,0.62396600,0
1505504944,21485332,55.04,0.59400262,0
1505504944,21485328,55.04,2.00000000,0
1505504944,21485323,55.02,0.62661200,0
1505504944,21485320,55.00,0.93265198,0
1505504943,21485309,55.00,19.06734802,0
1505504943,21485305,55.00,5.36758934,0
1505504943,21485302,55.00,18.81451018,0
1505504943,21485299,55.00,50.00000000,0
1505504943,21485296,55.00,40.00000000,0
1505504943,21485294,55.00,0.94700000,0
1505504943,21485291,55.00,10.00000000,0
1505504942,21485288,55.00,145.32167229,0
1505504928,21485205,54.99,11.88366200,0
1505504922,21485168,54.78,63.51910954,1
1505504922,21485167,54.79,28.38381184,1
1505504921,21485165,54.97,108.09707862,1
1505504920,21485163,54.99,3.00000000,0
1505504920,21485162,54.99,2.00000000,0
1505504919,21485158,54.97,1.07302400,1
1505504918,21485155,54.97,13.17806000,1
1505504914,21485101,54.97,2.68863800,1
1505504913,21485094,54.97,2.09266018,1
1505504912,21485084,54.97,60.61511498,1
1505504900,21485061,54.97,0.00003461,1
1505504900,21485059,54.97,1.27002293,1
1505504899,21485050,54.97,0.89808661,1
1505504897,21485042,54.97,0.42000000,0
1505504888,21485020,54.76,199.40599738,1
1505504888,21485019,54.78,0.59400262,1
1505504887,21485016,54.78,2.00000000,0
1505504885,21485010,54.87,0.51000000,0
1505504885,21485009,54.87,0.60000000,0
1505504885,21485008,54.87,0.10000000,0
1505504885,21485007,54.86,2.50000000,0
1505504885,21485006,54.86,2.50000000,0
1505504885,21485005,54.78,2.60599959,0
1505504856,21484867,54.76,4.89213700,1
1505504855,21484865,54.76,11.58701200,1
1505504851,21484839,54.76,8.60802600,1
1505504845,21484805,54.76,10.00000000,1
1505504845,21484802,54.75,2.22000000,0
1505504844,21484799,54.75,5.00000000,1
1505504844,21484798,54.76,10.00000000,1
1505504835,21484771,54.76,39.35025566,0
1505504835,21484769,54.76,5.00000000,0
1505504833,21484767,54.66,0.51000000,1
1505504827,21484748,54.66,0.60000000,0
1505504823,21484740,54.54,0.94000000,0
1505504822,21484739,54.54,0.29000000,0
1505504808,21484685,54.52,51.16892692,1
1505504793,21484617,54.53,2.60599959,0
1505504792,21484609,54.53,32.47295066,1
1505504790,21484591,54.32,1.02000000,0
1505504790,21484590,54.32,10.67021759,0
1505504781,21484546,54.27,0.94000000,1
1505504780,21484540,54.27,0.29000000,0
1505504778,21484533,54.20,1.45000000,0
1505504770,21484511,54.19,2.64107308,0
1505504757,21484494,54.00,3.00000000,0
1505504756,21484493,54.00,142.98955269,0
1505504756,21484492,54.00,2.00000000,0
1505504756,21484488,53.99,125.07359786,0
1505504755,21484487,53.99,4.19000000,0
1505504750,21484477,53.99,177.70000000,0
1505504743,21484466,53.99,4.19000000,0
1505504740,21484460,53.99,2.00000000,0
1505504724,21484434,53.99,6.19000000,0
1505504722,21484425,53.99,103.76635500,0
1505504718,21484421,53.99,3.96326900,0
1505504715,21484416,53.96,33.15963990,0
1505504715,21484415,53.96,1.20546400,0
1505504714,21484414,53.96,158.68600000,0
1505504712,21484411,53.96,4.69000000,0
1505504709,21484405,53.96,2.06486286,0
1505504709,21484403,53.96,1.50000000,0
1505504695,21484390,53.96,4.47000000,0
1505504693,21484388,53.96,1.72000000,0
1505504692,21484385,53.96,50.69155800,0
1505504689,21484376,53.96,21.46000000,0
1505504677,21484358,53.96,5.60256200,0
1505504675,21484355,53.95,1.72000000,1
1505504675,21484354,53.96,4.47000000,0
1505504665,21484329,53.96,2.95304100,0
1505504662,21484323,53.95,2.04000000,1
1505504660,21484319,53.85,2.43000000,0
1505504655,21484306,53.84,10.00000000,1
1505504644,21484264,53.96,5.33378000,0
1505504641,21484247,53.96,61.96330000,0
1505504641,21484246,53.95,23.62670000,0
1505504639,21484241,53.95,85.37330000,0
1505504637,21484235,53.94,28.38381184,0
1505504637,21484234,53.85,2.19000016,0
1505504636,21484232,53.91,0.68999984,1
1505504635,21484231,53.91,3.04162416,0
1505504630,21484221,53.83,3.43000000,0
1505504621,21484194,53.82,0.37421033,0
1505504614,21484163,53.65,8.80990989,0
1505504612,21484157,53.65,15.00000000,0
1505504611,21484156,53.65,18.65007631,1
1505504605,21484150,53.76,26.27659969,0
1505504600,21484138,53.61,10.48000000,1
1505504590,21484126,53.76,5.42689732,0
1505504551,21484067,53.54,5.00000000,1
1505504518,21484003,53.90,60.70927643,1
1505504518,21484002,53.90,0.50000000,1
1505504517,21484000,53.84,2.51000000,1
1505504517,21483999,53.80,1.09081026,0
1505504515,21483994,53.79,11.07592000,0
1505504514,21483990,53.79,34.91491314,0
1505504514,21483989,53.70,24.19000000,0
1505504510,21483974,53.80,3.50479924,0
1505504497,21483920,53.75,11.53111366,1
1505504493,21483898,53.75,54.89083982,0
1505504493,21483894,53.75,5.48535998,0
1505504492,21483888,53.75,4.60834831,0
1505504491,21483886,53.75,58.97613000,0
1505504491,21483883,53.75,5.03932189,0
1505504488,21483866,53.80,5.40439050,0
1505504364,21483607,53.86,40.27310523,0
1505504364,21483606,53.85,0.68000000,0
1505504363,21483605,53.85,3.39000000,0
1505504363,21483604,53.60,20.00000000,0
1505504349,21483570,53.76,28.57142857,0
1505504349,21483568,53.73,59.24000000,1
1505504348,21483564,53.49,0.84000000,0
1505504347,21483563,53.49,4.19000000,0
1505504341,21483545,53.49,4.96964900,0
1505504340,21483544,53.48,1.01035100,0
1505504340,21483543,53.48,28.98964900,0
1505504337,21483540,53.18,84.41251914,0
1505504337,21483539,53.25,117.00000000,1
1505504336,21483538,53.27,131.00000000,1
1505504336,21483537,53.27,31.34748086,0
1505504336,21483536,53.35,120.00000000,1
1505504335,21483535,53.48,59.24000000,0
1505504334,21483533,53.48,60.00000000,1
1505504321,21483497,53.49,1.01035100,0
1505504313,21483471,53.27,29.92184300,0
1505504309,21483466,53.27,20.43533200,0
1505504306,21483461,53.27,3.85355100,0
1505504291,21483431,53.17,5.00000000,1
1505504278,21483381,53.17,23.95200000,1
1505504273,21483378,53.27,9.72000000,0
1505504245,21483259,53.20,23.68000000,1
1505504244,21483258,53.20,100.00000000,1
1505504244,21483254,53.26,15.00488171,0
1505504228,21483223,53.21,4.51810000,1
1505504219,21483199,53.39,9.45645251,0
1505504183,21483065,53.55,0.00056022,1
1505504183,21483063,53.55,9.99943978,1
1505504175,21483038,53.50,3.45000000,0
1505504169,21483008,53.51,5.12801345,0
1505504161,21482977,53.51,3.94882290,0
1505504161,21482976,53.50,71.93511539,0
1505504161,21482975,53.49,0.29000000,0
1505504161,21482974,53.48,23.82606171,0
1505504136,21482904,53.19,0.29000000,0
1505504134,21482899,53.18,1.47000000,1
1505504120,21482837,53.17,1.75000000,1
1505504120,21482835,53.29,41.01171794,0
1505504118,21482830,53.17,6.22517700,1
1505504117,21482819,53.29,1.92649541,0
1505504116,21482813,53.37,6.21697582,0
1505504116,21482811,53.30,2.67838814,0
1505504115,21482808,53.20,17.22470697,0
1505504113,21482804,53.19,18.55828206,1
1505504112,21482799,53.19,0.43000000,0
1505504107,21482790,53.14,2.16000000,1
1505504106,21482783,53.11,2.99000000,0
1505504102,21482769,53.09,17.22000000,1
1505504101,21482768,53.00,25.60587640,0
1505504101,21482767,53.00,15.68440960,0
1505504099,21482756,53.00,9.12799040,0
1505504099,21482754,52.99,37.40620000,0
1505504099,21482752,52.99,37.40620000,0
1505504099,21482751,52.99,37.40620000,0
1505504099,21482750,52.98,3.80348960,0
1505504098,21482742,52.98,33.60271040,0
1505504098,21482738,52.98,34.17190160,0
1505504091,21482701,52.98,3.23429840,0
1505504091,21482700,52.98,33.02620000,0
1505504090,21482695,52.98,4.38000000,0
1505504081,21482644,52.97,4.38000000,1
1505504080,21482642,52.97,2.69492165,1
1505504080,21482640,52.97,29.18557675,1
1505504079,21482634,52.97,4.38000000,0
1505504012,21482454,52.57,11.85400000,0
1505504012,21482453,52.57,8.22839394,0
1505503986,21482415,52.57,3.31624500,0
1505503985,21482412,52.57,5.30000000,0
1505503985,21482410,52.57,8.82863894,0
1505503983,21482404,52.57,0.77981406,0
1505503983,21482400,52.56,11.85400000,0
1505503983,21482399,52.56,3.13330633,0
1505503983,21482398,52.54,17.19760000,0
1505503983,21482397,52.54,2.99495661,0
1505503982,21482396,52.49,0.27000000,0
1505503977,21482385,52.49,10.00000000,0
1505503971,21482371,52.54,5.22766000,0
1505503965,21482359,52.54,0.33506100,0
1505503964,21482357,52.54,8.63992239,0
1505503964,21482355,52.53,10.56300361,0
1505503963,21482348,52.50,4.29342853,1
1505503962,21482347,52.50,6.85657147,1
1505503961,21482339,52.50,104.69882694,0
1505503960,21482336,52.50,5.71971973,0
1505503960,21482335,52.50,69.32133333,0
1505503958,21482325,52.50,1.13685700,0
1505503957,21482323,52.50,4.14750000,0
1505503957,21482322,52.49,0.84000000,0
1505503952,21482314,52.50,22.33254500,0
1505503952,21482313,52.49,13.25000000,0
1505503951,21482311,52.49,3.57476800,0
1505503950,21482308,52.40,0.00000508,0
1505503947,21482305,52.40,45.82651531,0
1505503930,21482261,52.40,0.20533800,0
1505503925,21482251,52.40,10.25198700,0
1505503925,21482250,52.39,15.74000000,0
1505503907,21482209,52.38,50.00000000,0
1505503888,21482181,52.10,55.34044100,0
1505503888,21482179,52.16,13.92464300,0
1505503888,21482178,52.16,2.23192200,0
1505503886,21482176,52.16,21.95300000,1
1505503881,21482165,52.35,4.94361800,0
1505503831,21482114,52.34,5.96255400,0
1505503821,21482099,52.30,4.04780115,1
1505503788,21482058,52.03,21.75400000,1
1505503780,21482053,52.04,84.76300000,1
1505503770,21482040,52.02,9.89400000,1
1505503770,21482038,52.08,70.10600000,1
1505503770,21482037,52.09,20.00000000,1
1505503761,21482019,52.06,100.00000000,1
1505503752,21482011,52.02,6.42000000,1
1505503740,21481993,51.99,0.44800000,1
1505503730,21481988,51.99,7.06600000,1
1505503730,21481987,52.00,92.93400000,1
1505503721,21481979,52.00,1.00000000,1
1505503717,21481973,52.00,0.20000000,1
1505503707,21481969,52.00,71.66000000,1
1505503696,21481950,51.99,26.03200000,1
1505503696,21481949,52.00,73.96800000,1
1505503686,21481934,52.00,100.00000000,1
1505503676,21481919,51.99,0.99800000,1
1505503661,21481891,52.08,75.11900000,1
1505503660,21481890,52.10,16.34200000,1
1505503652,21481885,52.10,6.46400000,1
1505503644,21481874,52.07,25.82534000,1
1505503644,21481873,52.08,3.02466000,1
1505503637,21481864,52.04,2.05581442,1
1505503637,21481863,52.06,26.70818558,1
1505503629,21481849,52.40,5.36071000,0
1505503627,21481846,52.00,7.34780500,1
1505503627,21481844,52.16,17.29600000,1
1505503627,21481842,52.30,4.20619500,1
1505503621,21481826,52.41,7.13922477,0
1505503618,21481811,52.15,10.00000000,1
1505503615,21481798,52.41,1.60836500,0
1505503612,21481787,52.41,6.95793800,0
1505503611,21481784,52.40,3.74120800,0
1505503605,21481769,51.98,28.85000000,1
1505503596,21481747,51.99,28.85000000,1
1505503589,21481720,52.30,5.61513626,0
1505503588,21481717,51.99,1.24400000,1
