date,tid,price,amount,type
1505520011,21517247,0.00004981,479.00000000,1
1505519836,21517108,0.00004975,1540.53684076,1
1505519769,21517028,0.00004991,45.74393909,0
1505519768,21517027,0.00004988,1342.13320000,0
1505519631,21516971,0.00004988,883.17285800,0
1505519631,21516970,0.00004987,1336.52720000,0
1505519534,21516873,0.00004970,364.43182143,1
1505519534,21516872,0.00004970,902.30000000,0
1505519532,21516865,0.00004971,7246.26817857,1
1505519409,21516758,0.00004989,427.29436688,0
1505519398,21516750,0.00004990,615.03840512,1
1505519381,21516731,0.00004993,599.89202847,1
1505519342,21516692,0.00004995,941.12912912,0
1505519340,21516689,0.00004982,77.49104777,0
1505519308,21516658,0.00004991,0.92560000,1
1505519308,21516657,0.00004993,1327.30440000,1
1505519122,21516477,0.00005000,257.94380000,0
1505519001,21516365,0.00005023,1310.67907625,0
1505518732,21516212,0.00004961,2887.91988700,1
1505518710,21516204,0.00004961,352.89488500,1
1505518621,21516129,0.00004988,1133.08400160,0
1505518620,21516127,0.00004985,9671.71773453,0
1505518531,21515999,0.00004980,1332.77170000,1
1505518216,21515445,0.00005045,486.35441030,0
1505518125,21515329,0.00005010,95.91718562,1
1505518114,21515326,0.00005010,700.49000000,1
1505518040,21515160,0.00005015,850.00000000,0
1505517848,21514529,0.00005000,1334.04890000,0
1505517700,21514140,0.00004993,442.04926897,0
1505517673,21514067,0.00004999,119.72454491,0
1505517635,21513869,0.00004997,1129.77446467,0
1505517633,21513859,0.00004992,1340.25290000,0
1505517592,21513720,0.00004985,1082.02699100,0
1505517572,21513643,0.00004975,1342.97060000,1
1505517488,21513332,0.00004993,77.91448027,0
1505517256,21513053,0.00004963,1912.27251762,1
1505517254,21513051,0.00004975,1345.08540000,1
1505517254,21513050,0.00004975,975.05972638,1
1505517225,21513018,0.00004983,778.32589378,1
1505517221,21513012,0.00004982,1940.01789077,1
1505517180,21512915,0.00004988,1896.78775202,1
1505517177,21512907,0.00004989,956.35527900,1
1505517023,21512417,0.00005009,2534.42503493,0
1505516999,21512343,0.00005013,361.94813484,1
1505516998,21512341,0.00004998,4826.07367780,0
1505516899,21512047,0.00005000,917.70560000,0
1505516864,21511950,0.00004997,465.11687012,0
1505516817,21511870,0.00004997,1746.81345187,1
1505516713,21511716,0.00004975,318.20237975,1
1505516688,21511683,0.00004972,1108.51702398,0
1505516679,21511656,0.00004971,1747.16127230,0
1505516673,21511653,0.00004971,850.00000000,0
1505516541,21511482,0.00004968,623.20235000,1
1505516213,21511000,0.00004970,132.72193428,1
1505516206,21510980,0.00004970,7666.96553000,1
1505516191,21510954,0.00004970,1534.34657823,1
1505516191,21510953,0.00004971,900.32500577,1
1505516186,21510940,0.00004970,7.47164679,1
1505516186,21510939,0.00004971,125.25028721,1
1505516174,21510892,0.00004970,6668.95242900,1
1505516140,21510847,0.00004970,4523.66343100,1
1505516139,21510846,0.00004970,1020.00000000,1
1505516092,21510785,0.00004982,18.80100257,1
1505516073,21510765,0.00004982,236.19899743,1
1505516034,21510669,0.00004984,400.00000000,1
1505516034,21510666,0.00004985,655.00000000,1
1505516032,21510653,0.00004986,520.57258642,1
1505516008,21510576,0.00004986,79.60791900,1
1505516008,21510575,0.00004988,255.00000000,1
1505516000,21510572,0.00004989,255.00000000,1
1505515880,21510469,0.00004999,361.00000000,1
1505515772,21510433,0.00005000,699.50000000,1
1505515771,21510432,0.00005000,4332.14818686,1
1505515707,21510373,0.00005000,6050.93000000,1
1505515706,21510372,0.00005000,593.24800000,1
1505515705,21510370,0.00005000,1259.55000000,1
1505515704,21510369,0.00005000,4196.95000000,1
1505515690,21510349,0.00005000,23515.17381314,1
1505515690,21510348,0.00005000,1795.49999999,1
1505515690,21510347,0.00005000,79.80000000,1
1505515690,21510346,0.00005000,19400.09181387,1
1505515685,21510336,0.00005000,6445.55366800,1
1505515674,21510297,0.00005003,1203.56441267,1
1505515394,21510073,0.00005001,1777.08886000,1
1505515394,21510072,0.00005002,1313.71250000,1
1505515388,21510064,0.00005002,814.55760435,1
1505515383,21510053,0.00005002,1789.52797057,1
1505515370,21510045,0.00005004,1309.24340000,1
1505515293,21509984,0.00005000,112.54417000,1
1505515129,21509805,0.00005004,190.00000000,1
1505515080,21509773,0.00005014,129.31372158,0
1505515017,21509740,0.00005002,4613.60590000,1
1505515017,21509739,0.00005002,16.64410000,1
1505515016,21509738,0.00005002,1296.11000000,1
1505515013,21509734,0.00005001,561.45200000,1
1505515012,21509732,0.00005002,1324.42000000,1
1505515012,21509730,0.00005002,900.00000000,1
1505515006,21509725,0.00005006,191.00000000,1
1505514979,21509700,0.00005003,255.00000000,1
1505514792,21509351,0.00005024,1302.09680000,1
1505514746,21509294,0.00005033,3642.12100139,0
1505514746,21509291,0.00005032,3734.77172594,1
1505514744,21509285,0.00005027,1307.46290000,0
1505514739,21509276,0.00005019,192.00000000,1
1505514726,21509254,0.00005019,461.00000100,1
1505514702,21509238,0.00005004,60.37330000,0
1505514678,21509197,0.00005007,280.59893503,1
1505514636,21509107,0.00005010,539.02974646,1
1505514612,21509022,0.00005016,5942.05687400,1
1505514608,21508999,0.00005017,2126.29234121,1
1505514608,21508997,0.00005018,158.71198679,1
1505514560,21508857,0.00005042,1796.86838848,0
1505514551,21508806,0.00005044,163.89064965,0
1505514540,21508783,0.00005046,164.28450440,0
1505514513,21508608,0.00005025,1253.43487027,1
1505514513,21508606,0.00005025,6270.01790705,1
1505514513,21508604,0.00005026,630.08342056,1
1505514506,21508562,0.00005024,1734.44439700,1
1505514506,21508561,0.00005035,1325.25250000,1
1505514491,21508483,0.00005036,1763.88842181,1
1505514484,21508431,0.00005034,112.34089000,1
1505514484,21508428,0.00005034,335.33174414,1
1505514478,21508387,0.00005039,1206.10031459,1
1505514449,21508267,0.00005027,5873.89694300,1
1505514449,21508266,0.00005031,1321.25670000,1
1505514393,21507907,0.00005041,1608.04383200,1
1505514393,21507905,0.00005041,1317.67030000,1
1505514265,21507444,0.00005063,595.30515504,0
1505514265,21507443,0.00005062,1794.72189399,1
1505514263,21507441,0.00005048,21.95589693,0
1505514241,21507365,0.00005048,1516.10025695,0
1505514230,21507323,0.00005048,46.72990000,0
1505514068,21507063,0.00005024,1297.21890000,1
1505513887,21506732,0.00005030,1237.83125070,0
1505513743,21506185,0.00005004,291.64600000,1
1505513623,21506067,0.00005020,1107.94063745,0
1505513621,21506064,0.00005018,1299.29830000,0
1505513566,21506006,0.00005022,595.88172043,0
1505513518,21505903,0.00005004,2901.51348700,1
1505513518,21505902,0.00005006,1299.45860000,1
1505513508,21505889,0.00005021,498.15864500,1
1505513505,21505885,0.00005004,3497.91833300,1
1505513505,21505883,0.00005020,3660.00000000,1
1505513490,21505848,0.00005006,1300.20749962,1
1505513490,21505847,0.00005006,96.00000000,1
1505513490,21505846,0.00005008,341.65614338,1
1505513404,21505597,0.00005012,15.09055900,1
1505513404,21505590,0.00005014,1311.91000000,1
1505513400,21505570,0.00005014,2533.88810400,1
1505513400,21505569,0.00005029,2578.56054882,0
1505513375,21505484,0.00005031,1360.24276000,0
1505513375,21505483,0.00005028,1284.25760000,0
1505513341,21505380,0.00005031,722.64826000,0
1505513329,21505349,0.00005013,2001.04560000,1
1505513323,21505338,0.00005013,1340.42999000,1
1505513318,21505328,0.00005011,1291.37040000,1
1505513160,21505065,0.00005038,23603.91405319,1
1505513160,21505063,0.00005038,1608.93210000,0
1505513032,21504882,0.00005014,63.24617975,1
1505512989,21504820,0.00005027,1032.69905728,1
1505512980,21504796,0.00005027,128.66240302,1
1505512916,21504735,0.00005020,739.43360000,1
1505512916,21504734,0.00005025,1269.45640000,1
1505512607,21504283,0.00005036,514.99523431,0
1505512570,21504241,0.00005027,7640.32444798,0
1505512570,21504240,0.00005023,1909.90000000,0
1505512568,21504237,0.00005019,5902.40226993,0
1505512522,21504190,0.00005008,150.00000000,1
1505512349,21504008,0.00005025,1278.78910000,0
1505512276,21503881,0.00005019,1293.21630000,1
1505512249,21503832,0.00005016,1280.38900000,1
1505512236,21503825,0.00005014,34.16994113,1
1505512236,21503823,0.00005015,1280.38900000,1
1505512113,21503501,0.00005016,1259.39225511,1
1505512107,21503476,0.00005018,1066.03789352,1
1505512102,21503445,0.00005018,942.42145400,1
1505512046,21503321,0.00005040,543.82222222,0
1505512026,21503258,0.00005026,1295.02240000,1
1505511879,21502706,0.00005020,1107.54070000,1
1505511877,21502703,0.00005020,186.00000000,1
1505511849,21502624,0.00005019,503.27172900,1
1505511739,21502492,0.00005028,335.99122400,1
1505511657,21502350,0.00005039,1438.25781700,0
1505511657,21502348,0.00005035,1302.33280000,0
1505511489,21502151,0.00005028,389.55200000,1
1505511424,21502082,0.00005028,575.89977600,1
1505511407,21502043,0.00005043,197.80011898,0
1505511387,21502014,0.00005044,627.30689928,0
1505511387,21502013,0.00005040,6645.50390073,0
1505511386,21502011,0.00005030,1276.74080000,0
1505511312,21501879,0.00005011,1278.86890000,0
1505511262,21501686,0.00005019,1292.01409957,1
1505511262,21501685,0.00005019,595.04871743,1
1505511183,21501527,0.00005009,218.37660000,0
1505511180,21501500,0.00005016,1280.01540000,1
1505511161,21501459,0.00005009,491.65614338,1
1505511120,21501295,0.00005021,2231.40000000,1
1505511098,21501257,0.00005021,1290.58190000,1
1505510907,21500632,0.00005024,6818.41421178,0
1505510747,21500004,0.00005013,337.19181800,0
1505510721,21499923,0.00005013,718.03965659,1
1505510720,21499919,0.00005013,570.64484341,1
1505510657,21499595,0.00005009,210.30450931,1
1505510656,21499594,0.00005009,1203.00000000,1
1505510652,21499569,0.00005014,1312.62640000,1
1505510629,21499419,0.00005017,262.10293561,1
1505510623,21499393,0.00005020,1303.67460000,1
1505510605,21499357,0.00005024,782.40500000,1
1505510599,21499343,0.00005019,502.16300000,1
1505510578,21499229,0.00005020,295.78700000,1
1505510543,21499129,0.00005048,4112.87163232,1
1505510543,21499127,0.00005048,137.90329180,1
1505510467,21498887,0.00005016,137.90329180,1
1505510190,21498568,0.00005033,2294.83107158,0
1505510178,21498562,0.00005029,1046.00000000,1
1505510066,21498327,0.00005038,3510.82751092,0
1505510042,21498258,0.00005028,1813.90000000,0
1505510028,21498223,0.00005029,862.20747261,0
1505509981,21498130,0.00005035,667.92059000,0
1505509976,21498112,0.00005035,878.18215610,0
1505509963,21498073,0.00005035,948.72510224,0
1505509800,21497671,0.00005033,259.71300000,1
1505509740,21497583,0.00005033,144.00000000,1
1505509680,21497442,0.00005033,431.21000000,1
1505509537,21496779,0.00005027,1286.89480000,1
1505509520,21496656,0.00005022,11.99033861,0
1505509504,21496532,0.00005022,188.33217292,0
1505509453,21496394,0.00005017,314.70068122,1
1505509435,21496368,0.00005017,1007.34741878,1
1505509414,21496311,0.00005018,1526.86476057,1
1505509391,21496241,0.00005024,1324.86110000,1
1505509379,21496181,0.00005029,1022.96520182,0
1505509369,21496092,0.00005060,484.97786561,0
1505509305,21495902,0.00005050,1215.65920792,1
1505509293,21495870,0.00005053,5330.03522660,0
1505509219,21495779,0.00005026,180.00000000,1
1505509212,21495772,0.00005045,154.01387512,0
1505509139,21495624,0.00005050,413.33663366,0
1505508874,21495306,0.00005013,1116.01871541,1
1505508874,21495305,0.00005024,1091.73279415,1
1505508874,21495304,0.00005025,6480.99399044,0
1505508874,21495303,0.00005025,1311.25450000,1
1505508842,21495243,0.00005037,1339.33989959,1
1505508842,21495242,0.00005037,613.73146283,1
1505508841,21495240,0.00005038,313.84633458,1
1505508837,21495227,0.00005040,3310.44828900,0
1505508826,21495208,0.00005043,2000.00000000,0
1505508812,21495187,0.00005096,12041.86126373,1
1505508812,21495186,0.00005091,558.83073684,0
1505508812,21495185,0.00005090,9791.44227915,0
1505508810,21495183,0.00005048,2794.15368419,0
1505508211,21494016,0.00005052,140.00000000,1
1505507962,21493702,0.00005037,856.66041400,1
1505507907,21493635,0.00005037,0.00000034,0
1505507903,21493621,0.00005037,5212.62124100,0
1505507894,21493609,0.00005037,3636.58548632,0
1505507881,21493587,0.00005037,2529.17667000,0
1505507855,21493565,0.00005034,3791.03037552,0
1505507840,21493550,0.00005026,287.05758212,1
1505507760,21493409,0.00005040,240.69305555,0
1505507734,21493357,0.00005046,575.88882282,0
1505507724,21493315,0.00005040,1612.50000000,0
1505507673,21493233,0.00005025,350.00000000,1
1505507673,21493231,0.00005026,50.00000000,1
1505507658,21493191,0.00005021,80.65321000,1
1505507656,21493187,0.00005022,597.91131700,1
1505507647,21493138,0.00005026,220.58000000,0
1505507640,21493113,0.00005020,896.89352163,1
1505507640,21493112,0.00005021,1440.30037450,1
1505507639,21493111,0.00005026,431.18016387,1
1505507637,21493102,0.00005026,874.37563613,0
1505507626,21493010,0.00005025,710.23786500,1
1505507613,21492942,0.00005038,707.95950774,0
1505507611,21492937,0.00005023,99.99998651,0
1505507588,21492894,0.00005023,1224.73710000,1
1505507588,21492893,0.00005023,100.00000000,1
1505507202,21492265,0.00005037,506.91125670,0
1505507032,21491867,0.00005041,1289.98988295,0
1505507006,21491840,0.00005032,1339.27230000,0
1505506914,21491692,0.00005052,334.63638163,0
1505506800,21491535,0.00005042,1330.39030000,0
1505506773,21491426,0.00005050,118.48631390,1
1505506773,21491425,0.00005050,1109.07828421,1
1505506772,21491423,0.00005044,1347.90710000,0
1505506732,21491256,0.00005051,1535.66679865,0
1505506730,21491251,0.00005046,1343.36320000,0
1505506613,21490819,0.00005020,437.25444344,1
1505506613,21490817,0.00005020,717.63067822,1
1505506606,21490783,0.00005020,5.19682178,0
1505506605,21490778,0.00005020,717.63067822,0
1505506586,21490728,0.00005020,160.00000000,1
1505506575,21490692,0.00005024,722.78128000,0
1505506572,21490681,0.00005024,708.99820859,0
1505506563,21490665,0.00005024,722.82750000,0
1505506536,21490627,0.00005020,1097.17686155,0
1505506523,21490609,0.00005020,214.01550000,0
1505506505,21490496,0.00005010,1653.30551538,1
1505506498,21490460,0.00005011,1202.72360586,1
1505506495,21490443,0.00005013,1284.31805789,1
1505506479,21490418,0.00005028,982.61217183,0
1505506478,21490411,0.00005028,396.78042959,0
1505506469,21490372,0.00005027,301.61754177,0
1505506459,21490336,0.00005012,1185.64224000,1
1505506459,21490335,0.00005017,1324.44700000,1
1505506419,21490167,0.00005042,892.31108500,0
1505506319,21489874,0.00005037,51.00000000,1
1505506201,21489649,0.00005053,2434.27567781,0
1505506159,21489582,0.00005033,1338.26530000,1
1505506158,21489578,0.00005062,574.30640063,0
1505506130,21489520,0.00005049,1928.95783300,0
1505506091,21489457,0.00005045,284.47353815,0
1505505989,21489274,0.00005046,395.36504162,0
1505505962,21489234,0.00005037,396.07147111,1
1505505960,21489231,0.00005037,2161.27549700,0
1505505834,21488956,0.00005040,160.85039682,0
1505505821,21488896,0.00005043,493.40372793,0
1505505723,21488582,0.00005061,0.00000029,1
1505505722,21488575,0.00005061,1038.02482146,1
1505505722,21488572,0.00005061,5190.93987154,1
1505505707,21488502,0.00005059,1605.21291224,1
1505505707,21488501,0.00005061,993.70379290,1
1505505707,21488499,0.00005068,4962.43486777,1
1505505707,21488498,0.00005069,2478.29498980,1
1505505706,21488475,0.00005069,15595.66021741,1
1505505705,21488469,0.00005073,1315.37920000,1
1505505705,21488466,0.00005074,738.04827822,1
1505505586,21487891,0.00005088,2228.16118199,1
1505505586,21487889,0.00005077,975.17244501,0
1505505584,21487884,0.00005078,0.00000043,1
1505505583,21487874,0.00005078,1404.14488188,0
1505505582,21487872,0.00005077,1158.62072769,0
1505505548,21487738,0.00005064,1870.93270568,0
1505505543,21487700,0.00005051,5414.10638460,0
1505505543,21487698,0.00005050,2232.50906198,0
1505505471,21487552,0.00005051,256.73292417,0
1505505393,21487272,0.00005030,1333.86270000,1
1505505355,21487104,0.00005051,1848.32869123,0
1505505342,21487067,0.00005050,841.70469155,1
1505505318,21487006,0.00005050,2402.37524600,0
1505505312,21486984,0.00005026,698.03940000,1
1505505310,21486981,0.00005030,1301.96060000,1
1505505279,21486907,0.00005052,384.78789077,0
1505505266,21486863,0.00005037,528.14124713,1
1505505266,21486861,0.00005044,18674.06274387,1
1505505240,21486756,0.00005044,664.25011900,1
1505505230,21486726,0.00005044,3534.85255000,1
1505505230,21486720,0.00005050,2608.93188118,1
1505505230,21486718,0.00005050,1459.88000000,1
1505505229,21486713,0.00005050,6400.00000000,1
1505505203,21486648,0.00005045,153.59008000,1
1505505193,21486625,0.00005050,110.00932000,0
1505505172,21486551,0.00005044,126.27916500,1
1505505170,21486538,0.00005044,4967.56930000,1
1505505169,21486525,0.00005044,900.00000000,1
1505505154,21486449,0.00005045,1249.04552000,1
1505505151,21486428,0.00005050,1611.02715254,0
1505505113,21486128,0.00005041,2215.50000000,0
1505504990,21485586,0.00005027,1285.10530000,1
1505504944,21485337,0.00005028,1300.16200000,1
1505504944,21485331,0.00005029,1745.40000000,1
1505504944,21485326,0.00005045,18.57979251,1
1505504934,21485249,0.00005051,701.83052860,0
1505504900,21485060,0.00005045,632.11600000,1
1505504899,21485054,0.00005050,9872.38935075,0
1505504876,21484961,0.00005045,307.83650769,0
1505504876,21484960,0.00005045,1581.57417584,0
1505504820,21484732,0.00005030,1243.66263125,1
1505504820,21484731,0.00005033,155.74702975,1
1505504653,21484303,0.00005035,1.95919464,0
1505504652,21484300,0.00005035,1302.87550000,0
1505504644,21484265,0.00005035,1304.83468426,1
1505504546,21484064,0.00005057,49.43563377,0
1505504543,21484058,0.00005063,1573.64665218,1
1505504542,21484057,0.00005063,2492.89269514,1
1505504498,21483928,0.00005042,1316.49528716,1
1505504470,21483835,0.00005042,1297.07718901,0
1505504460,21483794,0.00005042,1297.07717930,1
1505504319,21483491,0.00005060,110.06106719,0
1505504290,21483420,0.00005056,1946.70277887,0
1505504289,21483415,0.00005035,1273.14947900,1
1505504224,21483214,0.00005024,306.45024744,1
1505504175,21483042,0.00005010,16290.65748784,1
1505504175,21483041,0.00005020,150.00000000,1
1505504175,21483039,0.00005021,49.31202229,1
1505504175,21483037,0.00005021,246.61718028,1
1505504175,21483036,0.00005033,1318.44340000,1
1505504175,21483035,0.00005033,570.36862725,1
1505504171,21483027,0.00005033,429.63137275,1
1505504142,21482920,0.00005039,499.87816455,1
1505504132,21482895,0.00005041,385.62474000,1
1505504132,21482893,0.00005041,0.00000028,1
1505504132,21482891,0.00005041,1133.96668372,1
1505504118,21482829,0.00005041,486.13074128,1
1505504116,21482812,0.00005041,657.15981012,1
1505504105,21482779,0.00005045,1302.14810126,1
1505504096,21482725,0.00005065,88.69358341,1
1505504096,21482723,0.00005065,340.95591128,1
1505504094,21482720,0.00005048,149.12799036,1
1505504094,21482718,0.00005048,352.58270011,0
1505504094,21482716,0.00005048,352.58266167,0
1505504094,21482715,0.00005048,352.58266167,0
1505504092,21482708,0.00005041,544.14549946,1
1505504086,21482668,0.00005041,1803.85633377,1
1505504086,21482667,0.00005041,606.06608000,1
1505504086,21482666,0.00005042,760.25569530,1
1505504086,21482664,0.00005042,8686.01584093,1
1505504076,21482632,0.00005042,1019.40179423,1
1505504076,21482630,0.00005043,1334.28180000,1
1505504076,21482628,0.00005048,352.58270011,1
1505504054,21482586,0.00005047,199.59256203,0
1505504049,21482573,0.00005043,195.29413924,1
1505503937,21482278,0.00005074,222.98564000,1
1505503928,21482255,0.00005073,1276.93711807,0
1505503831,21482112,0.00005075,1538.24965517,1
1505503829,21482109,0.00005061,1161.53668443,0
1505503822,21482102,0.00005079,4.29471399,1
1505503820,21482095,0.00005079,172.90076981,1
1505503816,21482090,0.00005082,2166.99803227,0
1505503742,21481996,0.00005082,43.52626662,1
1505503697,21481952,0.00005086,250.13380781,0
1505503569,21481684,0.00005097,489.26133019,0
1505503553,21481645,0.00005066,305.63154590,1
1505503553,21481644,0.00005066,1294.36845410,1
1505503470,21481421,0.00005070,1314.27470000,1
1505503360,21481207,0.00005124,44779.33665105,0
1505503336,21481175,0.00005092,4057.83778476,0
1505503335,21481173,0.00005089,911.92777542,0
1505503242,21480994,0.00005102,243.97275578,0
1505503201,21480882,0.00005131,577.22705125,0
1505503143,21480711,0.00005077,1222.04982575,1
1505503125,21480668,0.00005074,1222.04982479,0
1505503058,21480567,0.00005055,651.82800000,1
1505502888,21480077,0.00005056,1385.70292722,1
1505502738,21479712,0.00005074,1473.54848245,0
1505502738,21479711,0.00005069,2191.40000000,0
1505502736,21479710,0.00005065,1344.65570000,0
1505502521,21479311,0.00005046,1316.62800000,1
1505502505,21479258,0.00005042,344.30511407,1
1505502500,21479242,0.00005048,1316.49569352,1
1505502499,21479240,0.00005048,198.09825674,1
1505502402,21478916,0.00005048,38.61244896,0
1505502402,21478914,0.00005048,1113.11252446,0
1505502401,21478913,0.00005046,663.34696258,0
1505502401,21478912,0.00005045,330.00000000,0
1505502392,21478886,0.00005041,3299.29479800,1
1505502387,21478866,0.00005041,1047.65393900,1
1505502387,21478864,0.00005045,330.00000000,1
1505502363,21478795,0.00005048,100.00000000,0
1505502350,21478725,0.00005046,948.76512048,1
1505502334,21478634,0.00005046,955.87212272,1
1505502311,21478562,0.00005066,100.00000000,0
1505502260,21478459,0.00005056,12207.81350481,1
1505502259,21478457,0.00005056,1344.11470000,1
1505502103,21478177,0.00005075,3821.34087640,0
1505502103,21478175,0.00005075,2101.57203000,0
1505502028,21477926,0.00005074,1333.69440000,1
1505502028,21477925,0.00005075,782.75862068,1
1505501997,21477841,0.00005075,200.00000000,1
1505501864,21477684,0.00005084,750.00000000,1
1505501856,21477677,0.00005084,144.79674000,1
1505501776,21477594,0.00005101,1987.49460890,0
1505501775,21477591,0.00005099,500.00000000,0
1505501467,21477122,0.00005099,10759.52971171,1
1505501434,21477077,0.00005095,1595.93930000,1
1505501385,21477028,0.00005112,1233.62773865,0
1505501359,21476979,0.00005098,616.11281146,1
1505501342,21476932,0.00005093,11364.28290000,1
1505501342,21476931,0.00005096,1337.56110000,1
1505501307,21476787,0.00005116,390.93039178,1
1505501297,21476762,0.00005129,11456.09319555,0
1505501296,21476758,0.00005116,1346.98445474,0
1505501279,21476718,0.00005117,496.02833691,0
1505501165,21476601,0.00005104,1258.92665798,1
1505501153,21476574,0.00005122,2921.12456071,0
1505501135,21476560,0.00005104,78.46214202,1
1505501112,21476524,0.00005109,1634.34681187,0
1505501109,21476519,0.00005098,180.47872067,1
1505501101,21476505,0.00005144,6283.01064696,1
1505501101,21476504,0.00005144,4800.07800000,1
1505501101,21476501,0.00005119,711.82890967,0
1505501101,21476500,0.00005119,710.71744418,0
1505501100,21476499,0.00005119,710.27259459,0
1505501100,21476498,0.00005119,466.40970422,0
1505501100,21476497,0.00005110,500.09996134,0
1505501098,21476496,0.00005109,1941.79819232,0
1505501029,21476424,0.00005110,0.00001933,1
1505501024,21476409,0.00005110,499.99998067,1
1505501024,21476408,0.00005111,0.10000000,1
1505500960,21476344,0.00005111,3759.36852400,1
1505500930,21476283,0.00005111,1240.53147600,1
1505500882,21476203,0.00005112,4033.12281936,0
1505500881,21476199,0.00005112,1632.00541753,1
1505500881,21476198,0.00005113,3934.09176311,1
1505500777,21475986,0.00005119,243.57921469,0
1505500721,21475823,0.00005113,1332.17720000,1
1505500714,21475792,0.00005114,900.19819700,1
1505500710,21475777,0.00005115,1339.85750000,1
1505500697,21475730,0.00005121,1673.61901873,0
1505500683,21475689,0.00005118,500.00000000,1
1505500474,21474939,0.00005147,4263.67534486,0
1505500462,21474890,0.00005125,4625.25906835,0
1505500462,21474883,0.00005125,4953.01481700,0
1505500446,21474784,0.00005122,419.42237354,0
1505500417,21474623,0.00005122,275.95051000,0
1505500406,21474578,0.00005122,268.19995534,0
1505500394,21474528,0.00005122,2517.05427567,0
1505500341,21474322,0.00005122,2512.26624000,0
1505500321,21474254,0.00005124,420.15553059,0
1505500319,21474233,0.00005121,6639.51318101,1
1505500317,21474213,0.00005109,33.97311146,0
1505500293,21474116,0.00005109,338.18437662,0
1505500288,21474088,0.00005104,370.74507216,0
1505500255,21473982,0.00005103,1721.10600619,0
1505500251,21473957,0.00005097,2276.22563500,1
1505500242,21473931,0.00005099,1062.48878941,0
1505500240,21473922,0.00005092,1108.76401129,0
1505500240,21473921,0.00005091,318.63013264,0
1505500239,21473916,0.00005091,1380.32704500,0
1505500237,21473900,0.00005089,1693.23864020,0
1505500231,21473868,0.00005086,355.44370631,0
1505500223,21473825,0.00005089,454.87033477,0
1505500220,21473806,0.00005089,2338.48008058,0
1505500218,21473779,0.00005087,1682.98038963,0
1505500212,21473736,0.00005073,0.61300000,0
1505500206,21473705,0.00005076,869.84000000,1
1505500204,21473695,0.00005076,1329.36000000,1
1505500202,21473673,0.00005085,1579.73108297,0
1505500193,21473647,0.00005085,522.21248022,0
1505500191,21473638,0.00005065,870.77400000,0
1505500181,21473590,0.00005075,2199.20000000,0
1505500106,21473383,0.00005071,2680.95257983,0
1505500037,21473214,0.00005059,877.69931665,0
1505500030,21473167,0.00005065,1324.86110000,1
1505500029,21473156,0.00005071,7910.66947014,1
1505500026,21473131,0.00005071,1727.96196350,1
1505500015,21473090,0.00005072,994.25003210,0
1505499963,21472850,0.00005076,870.34535066,0
1505499847,21472460,0.00005053,1347.50000000,1
1505499846,21472458,0.00005058,1323.11020000,1
1505499796,21472330,0.00005060,354.96767000,1
1505499763,21472229,0.00005077,74.08108110,0
1505499763,21472228,0.00005077,174.09165871,0
1505499744,21472199,0.00005077,967.73606460,0
1505499660,21471929,0.00005074,1121.81060307,0
1505499656,21471919,0.00005064,1366.65440959,0
1505499651,21471903,0.00005064,1709.17764389,0
1505499651,21471900,0.00005064,789.17750000,0
1505499646,21471888,0.00005062,366.97972383,0
1505499645,21471884,0.00005065,1283.31767956,0
1505499644,21471881,0.00005066,0.00000039,1
1505499644,21471874,0.00005066,997.00505461,0
1505499643,21471872,0.00005061,1340.81850000,0
1505499611,21471796,0.00005058,1331.19690000,0
1505499600,21471734,0.00005059,1528.62257000,0
1505499518,21471489,0.00005055,45.00000000,0
1505499324,21470815,0.00005054,2.61028820,0
1505499324,21470814,0.00005057,6597.50155180,1
1505499315,21470798,0.00005054,8065.02263900,1
1505499315,21470796,0.00005058,1345.50000000,1
1505499289,21470717,0.00005056,245.91964000,0
1505499282,21470681,0.00005068,1734.12695775,1
1505499199,21470394,0.00005068,769.20933648,1
1505499196,21470386,0.00005068,496.66370577,1
1505499185,21470354,0.00005069,529.71572302,0
1505499161,21470220,0.00005069,5565.53580587,0
1505499153,21470188,0.00005048,135.00000000,1
1505499140,21470140,0.00005068,616.96842936,0
1505499137,21470138,0.00005044,800.00000000,0
1505499119,21470077,0.00005068,50.21882399,0
1505499118,21470072,0.00005065,7829.54048577,0
1505499118,21470070,0.00005065,9791.44227920,0
1505499108,21470016,0.00005068,1968.23204419,0
1505499101,21469991,0.00005038,1911.46469453,1
1505499092,21469915,0.00005043,1376.58400000,1
1505499073,21469840,0.00005042,387.33517720,1
1505499072,21469834,0.00005042,855.15159221,1
1505499034,21469661,0.00005037,135.00000000,1
1505499033,21469655,0.00005037,231.28858671,1
1505499029,21469598,0.00005042,1540.05497932,1
1505499013,21469487,0.00005060,1142.16528800,0
1505499002,21469440,0.00005056,7581.84028300,0
1505499002,21469439,0.00005060,1345.46780000,1
1505498941,21469190,0.00005080,6695.51725900,0
1505498938,21469165,0.00005079,1141.64398508,0
1505498847,21468962,0.00005084,7581.84028324,0
1505498751,21468782,0.00005087,1567.23639100,0
1505498739,21468740,0.00005087,7435.75855439,0
1505498738,21468736,0.00005086,1740.55459361,0
1505498731,21468730,0.00005074,1052.83671783,0
1505498731,21468729,0.00005073,664.72616184,0
1505498644,21468592,0.00005068,334.49544374,0
1505498641,21468588,0.00005067,1351.14610000,1
1505498618,21468550,0.00005067,165.60474000,0
1505498612,21468544,0.00005065,1377.87857847,1
1505498584,21468513,0.00005059,800.00000000,1
1505498550,21468467,0.00005057,1496.15608300,0
1505498405,21468007,0.00005068,265.80623520,0
1505498373,21467857,0.00005048,736.74399878,1
1505498372,21467855,0.00005066,11592.90031583,0
1505498372,21467854,0.00005066,454.60618529,0
1505498357,21467797,0.00005052,1315.84308378,1
1505498319,21467658,0.00005041,268.64770518,1
1505498319,21467657,0.00005042,454.60618529,1
1505498307,21467585,0.00005040,700.21572897,1
1505498283,21467434,0.00005060,1349.97120000,1
1505498277,21467398,0.00005066,3720.56540449,1
1505498276,21467396,0.00005068,15471.60629538,1
1505498276,21467394,0.00005068,9768.35918701,1
1505498275,21467386,0.00005066,1569.43459551,1
1505498214,21467204,0.00005073,256.00528200,0
1505498198,21467133,0.00005074,58.04543112,0
1505498198,21467132,0.00005067,444.88214880,0
1505498198,21467129,0.00005066,1052.83671808,0
1505498197,21467125,0.00005067,5673.47738300,0
1505498194,21467116,0.00005067,666.00000000,0
1505498192,21467110,0.00005069,31.87046820,1
1505498190,21467097,0.00005069,1392.89793180,1
1505498185,21467072,0.00005073,1469.34524010,1
1505498176,21467029,0.00005074,0.57750957,0
1505498175,21467028,0.00005074,1110.88214943,0
1505498120,21466749,0.00005086,1052.83671800,1
1505497965,21466489,0.00005086,1002.34604797,0
1505497877,21466039,0.00005077,1074.93771043,1
1505497832,21465863,0.00005076,1287.59477097,0
1505497776,21465676,0.00005093,0.98210000,1
1505497776,21465674,0.00005097,1395.85790000,1
1505497737,21465522,0.00005103,273.47591990,1
1505497737,21465521,0.00005104,834.47503501,1
1505497732,21465446,0.00005103,1107.91497175,1
1505497627,21465107,0.00005109,3247.74010369,0
1505497627,21465106,0.00005108,6133.84059631,0
1505497606,21465051,0.00005091,3334.74193650,1
1505497606,21465049,0.00005095,1395.52180000,1
1505497565,21464927,0.00005092,54.00000000,1
1505497484,21464689,0.00005084,300.00000000,0
1505497311,21464362,0.00005064,603.60491100,1
1505497299,21464337,0.00005065,1354.85860000,0
1505497239,21464244,0.00005059,377.44524648,0
1505497159,21464052,0.00005088,499.92924528,0
1505497080,21463896,0.00005085,5012.46028313,0
1505497036,21463735,0.00005067,380.25342500,1
1505496832,21463122,0.00005065,1396.08410000,0
1505496822,21463061,0.00005066,302.26292933,0
1505496755,21462686,0.00005081,294.48120449,0
1505496661,21462343,0.00005093,867.48914000,1
1505496661,21462342,0.00005093,2441.02185900,1
1505496661,21462341,0.00005093,906.81583800,1
1505496660,21462340,0.00005093,784.67316300,1
1505496642,21462226,0.00005075,9791.44227944,1
1505496634,21462204,0.00005069,109.57873000,0
1505496623,21462157,0.00005069,1606.54211742,1
1505496489,21461607,0.00005108,1508.04698512,0
1505496488,21461606,0.00005107,4756.15377235,1
1505496488,21461603,0.00005090,1092.14880222,0
1505496488,21461602,0.00005084,4002.40628508,0
1505496487,21461600,0.00005076,1366.79530000,0
1505496393,21461315,0.00005060,2503.33857490,1
1505496392,21461311,0.00005062,0.00000043,0
1505496391,21461309,0.00005062,1365.34140000,1
1505496391,21461308,0.00005072,1673.61958857,1
1505496226,21460854,0.00005060,1496.66142510,1
1505496210,21460820,0.00005061,154.24943000,1
1505496210,21460818,0.00005061,1382.00270000,1
1505496201,21460803,0.00005063,1545.21249799,1
1505496181,21460722,0.00005067,124.57772885,0
1505496181,21460720,0.00005067,1355.83630000,0
1505496162,21460672,0.00005062,333.19874508,1
1505496114,21460535,0.00005064,1098.07994350,1
1505496110,21460499,0.00005061,1531.38332142,1
1505496105,21460493,0.00005069,1095.16385542,0
1505496098,21460463,0.00005065,1370.26220000,1
1505496062,21460377,0.00005068,1362.63540000,1
1505495966,21460206,0.00005089,5928.97386519,1
1505495965,21460205,0.00005088,1671.30919220,0
1505495965,21460204,0.00005087,2202.50000000,0
1505495775,21459776,0.00005069,598.50097079,0
1505495775,21459774,0.00005069,7875.83500000,0
1505495675,21459566,0.00005052,1237.00000000,1
1505495637,21459488,0.00005093,1353.96820000,1
1505495636,21459486,0.00005095,1561.75269677,1
1505495560,21459302,0.00005090,1390.52940000,1
1505495457,21459074,0.00005084,250.00000000,0
1505495447,21459058,0.00005106,403.09674892,0
1505495391,21458942,0.00005018,1351.00000000,1
1505495391,21458941,0.00005018,9572.41915410,1
1505495390,21458936,0.00005014,1225.82682858,1
1505495390,21458933,0.00005069,1515.50000000,1
1505495389,21458932,0.00005079,1349.63480000,1
1505495389,21458931,0.00005093,0.00000244,1
1505495375,21458849,0.00005093,1492.02145756,0
1505495373,21458825,0.00005076,1300.00000000,1
1505495343,21458735,0.00005149,94.40240823,1
1505495343,21458733,0.00005149,8423.86525200,1
1505495342,21458729,0.00005131,451.92972972,0
1505495342,21458728,0.00005131,1017.27071536,0
1505495341,21458726,0.00005130,8437.00000000,0
1505495341,21458720,0.00005120,11278.53543055,0
1505495340,21458715,0.00005109,1020.00000000,0
1505495340,21458711,0.00005102,75054.80500000,0
1505495340,21458708,0.00005100,300.00000000,0
1505495338,21458699,0.00005093,301.83921280,0
1505495300,21458609,0.00005059,4400.47915965,1
1505495294,21458588,0.00005072,147.60835048,0
1505495292,21458578,0.00005072,1344.33040000,0
1505495259,21458513,0.00005067,500.00000000,1
1505495244,21458483,0.00005093,80.18672688,0
1505495231,21458464,0.00005061,1193.00548088,0
1505495231,21458463,0.00005061,1434.32597590,0
1505495218,21458421,0.00005061,47.07568000,0
1505495194,21458334,0.00005041,314.37446753,0
1505495189,21458315,0.00005060,1032.28385000,1
1505495169,21458220,0.00005038,749.78848520,0
1505495099,21457953,0.00005047,315.00000000,0
1505495097,21457947,0.00005047,762.55201109,0
1505495064,21457715,0.00005052,1846.38800000,0
1505495064,21457714,0.00005047,1351.61200000,0
1505494992,21457369,0.00005040,1793.98467651,0
1505494992,21457368,0.00005039,2164.37326000,0
1505494981,21457332,0.00005020,2164.37326000,1
1505494928,21457088,0.00005029,1091.08554683,0
1505494917,21457014,0.00005035,0.00000019,1
1505494815,21456344,0.00005061,171.55774904,1
1505494814,21456341,0.00005053,9791.44225096,0
1505494791,21456283,0.00005035,1099.99999981,1
1505494791,21456281,0.00005041,0.00000619,1
1505494789,21456277,0.00005045,258.75187778,1
1505494789,21456275,0.00005045,1090.76072222,1
1505494769,21456222,0.00005058,2988.00000000,0
1505494707,21455978,0.00005052,297.92573028,1
1505494703,21455963,0.00005053,297.92573028,1
1505494703,21455962,0.00005053,269.95285424,1
1505494650,21455789,0.00005042,1178.15129321,1
1505494642,21455763,0.00005054,1178.15131964,0
1505494621,21455693,0.00005051,389.02900900,1
1505494618,21455684,0.00005066,994.85191678,0
1505494611,21455665,0.00005053,1606.86998900,1
1505494582,21455535,0.00005058,589.61905134,1
1505494570,21455471,0.00005052,1300.64487054,1
1505494565,21455456,0.00005080,2304.17216973,0
1505494561,21455445,0.00005057,2021.97903867,1
1505494561,21455444,0.00005066,1070.46819230,1
1505494551,21455398,0.00005067,1414.49523100,1
1505494548,21455375,0.00005067,1721.07777200,1
1505494509,21455242,0.00005086,60.79944947,0
1505494500,21455185,0.00005077,1060.23909961,1
1505494488,21455131,0.00005073,1357.53770000,1
1505494469,21455082,0.00005086,2484.76504128,0
1505494445,21454991,0.00005088,1001.81918239,0
1505494293,21454498,0.00005069,79.20000000,0
1505494288,21454470,0.00005067,599.55972345,1
1505494288,21454469,0.00005069,1566.49582555,1
1505494286,21454465,0.00005069,468.29918100,1
1505494244,21454349,0.00005088,504.55856918,0
1505494048,21453653,0.00005063,978.25089000,1
1505494037,21453587,0.00005064,1197.00000000,1
1505494007,21453422,0.00005063,1350.89010000,1
1505494006,21453418,0.00005092,1958.58276065,0
1505493969,21453226,0.00005084,1023.30000000,1
1505493966,21453210,0.00005077,2201.70000000,0
1505493944,21453111,0.00005055,130.66632700,1
1505493928,21453082,0.00005066,850.63386000,0
1505493802,21452769,0.00005041,389.12911572,1
1505493767,21452682,0.00005041,1.56759119,0
1505493766,21452672,0.00005041,432.53986781,0
1505493754,21452617,0.00005041,265.89254100,1
1505493727,21452506,0.00005041,434.10745900,0
1505493726,21452503,0.00005041,265.89254100,0
1505493711,21452443,0.00005081,265.89254083,0
1505493693,21452354,0.00005082,1930.41087400,0
1505493693,21452353,0.00005079,1359.24540000,0
1505493661,21452156,0.00005071,68.27691250,0
1505493661,21452152,0.00005072,7328.18121750,1
1505493646,21452037,0.00005060,439.78026255,1
1505493638,21451984,0.00005058,435.54418237,1
1505493633,21451938,0.00005051,1488.06291172,0
1505493620,21451802,0.00005082,1946.60000000,1
1505493568,21451248,0.00005106,1375.44670000,0
1505493547,21451103,0.00005115,106.54251000,0
1505493542,21451076,0.00005115,1666.22234071,0
1505493537,21451034,0.00005116,198.80355507,0
1505493532,21450996,0.00005117,1242.41252666,1
1505493529,21450945,0.00005101,1338.51460000,0
1505493525,21450919,0.00005118,229.94836430,0
1505493525,21450918,0.00005111,786.00000000,0
1505493525,21450917,0.00005098,1359.15740000,0
1505493494,21450663,0.00005107,240.70649000,0
1505493474,21450481,0.00005109,2488.07181996,0
1505493460,21450399,0.00005109,1384.67804261,0
1505493450,21450313,0.00005110,188.20793000,0
1505493445,21450286,0.00005110,263.67103718,0
1505493441,21450256,0.00005108,1687.51716545,0
1505493403,21449926,0.00005102,3430.28811108,1
1505493402,21449924,0.00005102,4342.13564431,1
1505493402,21449922,0.00005100,1.22378783,0
1505493397,21449880,0.00005100,498.77621217,0
1505493361,21449625,0.00005096,416.95342319,0
1505493353,21449574,0.00005089,2679.75338966,0
1505493278,21449259,0.00005082,5230.38390397,0
1505493268,21449230,0.00005066,168.14487600,1
1505493251,21449173,0.00005095,282.56741903,1
1505493251,21449168,0.00005090,2591.88040000,1
1505493194,21448988,0.00005086,502.13370035,0
1505493191,21448980,0.00005100,1147.84078431,1
1505493191,21448978,0.00005094,500.00000000,0
1505493191,21448976,0.00005091,974.61300080,1
1505493190,21448974,0.00005091,4873.06500401,1
1505493190,21448971,0.00005078,1429.36980000,0
1505493174,21448904,0.00005076,98.25709220,0
1505493145,21448807,0.00005060,1314.93113300,1
1505493141,21448786,0.00005065,1201.97888997,1
1505493141,21448784,0.00005067,200.00000000,1
1505493132,21448760,0.00005073,223.82692687,0
1505493132,21448757,0.00005073,703.92272816,0
1505493053,21448494,0.00005067,1940.64873400,1
1505493047,21448473,0.00005096,494.72115384,0
1505493046,21448464,0.00005097,1230.03315675,0
1505493043,21448455,0.00005062,1078.95566000,1
1505493043,21448454,0.00005068,1304.84710000,1
1505492920,21447966,0.00005076,884.19963846,1
1505492919,21447963,0.00005067,2154.14340558,0
1505492919,21447962,0.00005063,1313.45840000,0
1505492919,21447961,0.00005058,5622.19855596,0
1505492886,21447852,0.00005078,2997.50181891,0
1505492885,21447844,0.00005054,2730.60460709,1
1505492873,21447792,0.00005078,1674.47451166,1
1505492873,21447789,0.00005068,1323.56770000,0
1505492873,21447784,0.00005053,130.01540000,0
1505492851,21447680,0.00005071,495.44665746,1
1505492849,21447671,0.00005074,78.82288227,0
1505492846,21447660,0.00005062,255.16771692,1
1505492846,21447657,0.00005063,1257.69420308,1
1505492846,21447651,0.00005079,1000.00000000,0
1505492816,21447491,0.00005080,2005.28020000,0
1505492816,21447489,0.00005077,1325.71980000,0
1505492748,21447145,0.00005088,425.25000000,0
1505492743,21447120,0.00005071,1997.06815709,1
1505492743,21447119,0.00005071,999.99999991,1
1505492743,21447116,0.00005071,2347.89414300,1
1505492620,21446484,0.00005094,857.47759557,1
1505492605,21446377,0.00005070,519.60807900,1
1505492598,21446322,0.00005096,1474.86578279,1
1505492598,21446320,0.00005101,237.83789593,1
1505492597,21446317,0.00005101,1474.86578300,1
1505492597,21446312,0.00005101,884.67755507,1
1505492596,21446303,0.00005101,2612.30414775,1
1505492595,21446300,0.00005102,2597.38123425,1
1505492594,21446289,0.00005101,6072.89039825,1
1505492593,21446287,0.00005102,1812.89169075,1
1505492593,21446286,0.00005102,1583.90200000,1
1505492539,21445867,0.00005098,1664.64523552,1
1505492534,21445837,0.00005102,1177.03806000,1
1505492520,21445743,0.00005102,1060.00000000,0
1505492487,21445588,0.00005081,1963.53589000,1
1505492478,21445547,0.00005114,1765.80642628,0
1505492471,21445483,0.00005090,1007.48408328,0
1505492466,21445457,0.00005090,2000.00000000,1
1505492461,21445408,0.00005090,253.35576600,1
1505492451,21445346,0.00005089,190.49454000,0
1505492444,21445309,0.00005090,1460.28968100,0
1505492417,21445157,0.00005075,9949.13045200,1
1505492407,21445103,0.00005081,737.49448772,1
1505492377,21444835,0.00005083,2716.19319000,1
1505492370,21444800,0.00005116,268.96966806,0
1505492362,21444746,0.00005076,163.08023931,1
1505492362,21444743,0.00005077,3343.93760069,1
1505492356,21444697,0.00005080,2564.65209700,1
1505492354,21444681,0.00005119,2184.18128540,1
1505492353,21444674,0.00005105,971.58041155,0
1505492352,21444667,0.00005096,8167.45454933,1
1505492351,21444661,0.00005096,43486.76500000,0
1505492345,21444614,0.00005081,3341.30509700,0
1505492245,21444021,0.00005104,612.25584126,0
1505492245,21444019,0.00005104,404.01218382,0
1505492244,21444009,0.00005083,1080.15741890,1
1505492243,21444005,0.00005079,1685.99010000,0
1505492243,21444003,0.00005075,2020.06091910,0
1505492226,21443944,0.00005075,5280.14210000,0
1505492220,21443888,0.00005076,1404.11938534,0
1505492219,21443883,0.00005071,3934.04851114,0
1505492152,21443519,0.00005057,724.77800000,1
1505492148,21443493,0.00005079,2358.80271707,1
1505492146,21443490,0.00005066,2036.80000000,0
1505492139,21443448,0.00005066,1324.40227000,1
1505492138,21443446,0.00005068,1323.73690000,1
1505492098,21443238,0.00005098,3913.12808945,0
1505492098,21443232,0.00005059,1786.44039000,1
1505492066,21443008,0.00005066,1318.40440000,1
1505492060,21442978,0.00005083,175.48720795,0
1505492037,21442803,0.00005078,1388.71980462,0
1505492034,21442768,0.00005076,1328.30013841,0
1505492012,21442552,0.00005105,144.83922633,0
1505491991,21442246,0.00005066,1293.45720000,0
1505491991,21442243,0.00005061,447.08120676,0
1505491978,21442144,0.00005031,2103.31786676,0
1505491978,21442142,0.00005061,2212.20000000,1
1505491978,21442141,0.00005063,7828.42579324,1
1505491974,21442113,0.00005063,447.08120676,1
1505491970,21442089,0.00005076,3023.56776990,0
1505491950,21441967,0.00005079,158.16953418,1
1505491948,21441954,0.00005081,4754.96234000,1
1505491947,21441952,0.00005080,1927.25208525,1
1505491934,21441899,0.00005091,2416.05303476,0
1505491892,21441650,0.00005097,726.06670590,0
1505491865,21441499,0.00005083,2532.31824000,0
1505491841,21441333,0.00005096,7183.55803000,0
1505491840,21441332,0.00005092,1289.79960000,0
1505491755,21440869,0.00005083,1267.29809979,0
1505491755,21440868,0.00005082,4213.33486821,0
1505491728,21440724,0.00005084,39.21781010,0
1505491703,21440609,0.00005095,570.23768400,0
1505491693,21440560,0.00005096,587.22880691,0
1505491616,21440147,0.00005113,389.95308835,0
1505491615,21440139,0.00005086,6211.89064354,0
1505491565,21439921,0.00005090,2168.18040300,1
1505491558,21439868,0.00005090,1034.16654400,1
1505491535,21439704,0.00005086,4251.53536700,0
1505491534,21439699,0.00005086,1263.13800000,1
1505491532,21439693,0.00005086,3928.40537300,1
1505491532,21439691,0.00005102,1263.41570000,1
1505491496,21439440,0.00005103,1288.63800000,1
1505491467,21439269,0.00005120,2810.92382812,0
1505491458,21439245,0.00005119,492.09708927,0
1505491413,21438932,0.00005100,2648.94000000,0
1505491412,21438927,0.00005099,9088.20940604,0
1505491400,21438812,0.00005096,1934.60000000,0
1505491389,21438723,0.00005091,978.82537811,0
1505491385,21438680,0.00005088,1307.47630000,0
1505491377,21438598,0.00005096,161.39189392,1
1505491376,21438590,0.00005096,4776.08045608,1
1505491368,21438537,0.00005084,1192.84303958,0
1505491361,21438507,0.00005085,940.77254979,0
1505491336,21438377,0.00005082,1864.56636311,0
1505491307,21438160,0.00005095,136.49483000,0
1505491250,21437774,0.00005095,135.29412000,0
1505491238,21437742,0.00005100,695.95628994,0
1505491238,21437740,0.00005093,304.04371006,0
1505491233,21437705,0.00005100,1655.90890769,0
1505491233,21437704,0.00005093,361.24005131,0
1505491222,21437670,0.00005100,2017.14895900,0
1505491218,21437660,0.00005099,881.56249301,0
1505491218,21437658,0.00005093,528.64397799,0
1505491215,21437649,0.00005090,1285.60580000,0
1505491204,21437577,0.00005095,384.91814578,0
1505491201,21437564,0.00005095,572.97918000,0
1505491199,21437549,0.00005094,231.11701954,0
1505491179,21437452,0.00005099,1828.97184111,0
1505491177,21437438,0.00005100,1162.82206000,0
1505491175,21437416,0.00005100,1589.78644876,0
1505491174,21437404,0.00005100,1755.09599622,0
1505491169,21437340,0.00005100,1868.75750432,0
1505491153,21437267,0.00005097,123.28718282,0
1505491137,21437191,0.00005096,0.00000049,1
1505491137,21437189,0.00005096,940.74350100,1
1505491130,21437152,0.00005091,91.77911825,1
1505491103,21437015,0.00005100,703.63152500,0
1505491095,21436962,0.00005100,1883.01529411,0
1505491092,21436952,0.00005098,1138.63387882,0
1505491091,21436947,0.00005099,1296.69250000,0
1505491090,21436944,0.00005067,98.98705912,1
1505491083,21436901,0.00005089,1296.69250000,0
1505490987,21436368,0.00005084,304.90586500,0
1505490987,21436362,0.00005069,1319.40390000,1
1505490981,21436340,0.00005084,1658.86450500,0
1505490976,21436312,0.00005091,304.90586500,0
1505490975,21436306,0.00005084,739.00379338,1
1505490965,21436258,0.00005085,1564.00000000,0
1505490964,21436242,0.00005093,1149.15920000,0
1505490777,21435534,0.00005108,2446.89761159,0
1505490733,21435341,0.00005095,489.00000000,0
1505490693,21435160,0.00005082,790.50279300,1
1505490669,21435039,0.00005096,2376.34486900,0
1505490636,21434830,0.00005082,208.33655167,0
1505490635,21434827,0.00005082,222.43697889,0
1505490630,21434791,0.00005082,1779.06302111,0
1505490622,21434761,0.00005082,2699.81627100,0
1505490523,21434219,0.00005093,755.17589321,0
1505490492,21434061,0.00005071,3643.41570982,1
1505490492,21434060,0.00005072,491.46643144,1
1505490492,21434059,0.00005072,2458.09307730,1
1505490492,21434058,0.00005076,9791.44227944,1
1505490482,21433992,0.00005120,2454.61074218,0
1505490465,21433910,0.00005081,1529.52010063,0
1505490465,21433908,0.00005078,1173.84496237,0
1505490440,21433775,0.00005080,168.81515748,0
1505490438,21433764,0.00005079,2382.20493677,0
1505490425,21433641,0.00005083,123.63092661,1
1505490424,21433615,0.00005086,1939.32237977,0
1505490421,21433582,0.00005087,18389.25348000,0
1505490421,21433580,0.00005085,11759.00900000,0
1505490419,21433563,0.00005086,1446.45695541,0
1505490418,21433558,0.00005083,314.48722261,0
1505490417,21433547,0.00005083,2425.73991737,0
1505490416,21433538,0.00005082,123.12099154,0
1505490386,21433338,0.00005065,1176.15760587,0
1505490386,21433334,0.00005068,1299.09550000,1
1505490386,21433332,0.00005070,1173.84496237,1
1505490385,21433331,0.00005070,215.01330376,1
1505490380,21433285,0.00005087,2609.59288382,0
1505490379,21433282,0.00005085,2971.48492445,1
1505490240,21432522,0.00005079,161.04646584,0
1505490225,21432459,0.00005079,62.25969756,1
1505490224,21432457,0.00005076,624.59352344,0
1505490159,21432047,0.00005076,482.32506839,1
1505490159,21432046,0.00005077,823.23913161,1
1505490151,21432026,0.00005077,823.23913161,0
1505490084,21431787,0.00005077,1391.42802000,0
1505490063,21431667,0.00005076,1251.74423000,0
1505490060,21431631,0.00005103,1930.91546663,0
1505490048,21431561,0.00005077,11289.58800000,1
1505490036,21431497,0.00005085,1552.65698452,0
1505490028,21431449,0.00005098,16781.71616320,1
1505490028,21431443,0.00005087,2918.68580539,0
1505490027,21431441,0.00005085,309.56420529,1
1505490027,21431438,0.00005085,5769.17908375,0
1505490010,21431318,0.00005087,1807.30182008,0
1505489990,21431170,0.00005048,298.80000000,1
1505489980,21431105,0.00005087,3719.51806900,0
1505489939,21430823,0.00005077,1569.81577774,0
1505489923,21430712,0.00005077,588.54098000,0
1505489922,21430711,0.00005077,523.79507352,0
1505489922,21430709,0.00005077,1107.52082270,0
1505489916,21430667,0.00005077,8.31989209,0
1505489916,21430665,0.00005069,470.30077891,0
1505489916,21430660,0.00005069,2517.69922109,0
1505489901,21430549,0.00005074,461.18525250,0
1505489859,21430289,0.00005068,827.77860699,0
1505489836,21430072,0.00005045,45.11671800,0
1505489815,21429934,0.00005045,2423.13328600,0
1505489812,21429915,0.00005045,6441.91423800,0
1505489804,21429852,0.00005075,3073.15588732,0
1505489804,21429849,0.00005066,50.72690847,0
1505489803,21429847,0.00005045,253.63454235,0
1505489803,21429843,0.00005034,63.63740474,0
1505489802,21429831,0.00005030,4341.94589700,1
1505489797,21429795,0.00005034,153.47797743,0
1505489797,21429793,0.00005034,168.84739517,0
1505489738,21429411,0.00005034,1331.85740000,1
1505489730,21429372,0.00005030,311.19506860,1
1505489688,21429154,0.00005040,835.43277851,1
1505489645,21428933,0.00005050,1634.90930693,1
1505489645,21428927,0.00005050,1315.03350000,0
1505489633,21428877,0.00005049,324.99940582,0
1505489613,21428773,0.00005054,989.11968348,0
1505489612,21428762,0.00005053,443.55120735,0
1505489612,21428760,0.00005053,614.55942000,1
1505489600,21428664,0.00005054,1144.99258300,0
1505489598,21428656,0.00005044,1777.00000000,1
1505489579,21428466,0.00005045,2050.01540000,1
1505489564,21428388,0.00005053,3155.54908435,1
1505489525,21428053,0.00005054,2150.30061964,1
1505489525,21428051,0.00005073,0.00000036,1
1505489520,21427978,0.00005073,779.64291900,1
1505489507,21427926,0.00005057,727.12337200,0
1505489495,21427849,0.00005072,591.13300493,0
1505489493,21427831,0.00005057,427.46354843,1
1505489492,21427820,0.00005074,727.12337243,0
1505489463,21427654,0.00005075,210.33128708,0
1505489453,21427597,0.00005057,1128.65189877,1
1505489450,21427579,0.00005077,64.18428063,1
1505489431,21427452,0.00005063,2744.04963040,1
1505489420,21427391,0.00005068,581.52955800,1
1505489400,21427282,0.00005082,8235.18025500,0
1505489391,21427246,0.00005085,1086.17345133,0
1505489375,21427205,0.00005073,1334.76290000,1
1505489326,21426987,0.00005079,1238.40000000,0
1505489320,21426965,0.00005082,684.93900000,1
1505489312,21426902,0.00005081,191.67198200,1
1505489296,21426770,0.00005080,1324.69700000,1
1505489280,21426616,0.00005082,2793.06735300,1
1505489276,21426596,0.00005082,1179.50323300,1
1505489273,21426583,0.00005082,1306.10074700,1
1505489271,21426562,0.00005085,1328.47300000,1
1505489250,21426420,0.00005081,1207.87246605,1
1505489246,21426401,0.00005081,1217.72000000,1
1505489245,21426391,0.00005082,610.28930985,1
1505489215,21426216,0.00005086,406.33022351,1
1505489207,21426188,0.00005118,4227.17135599,0
1505489207,21426186,0.00005100,202.99032790,0
1505489206,21426180,0.00005097,562.90128360,1
1505489191,21426125,0.00005086,538.18399824,1
1505489170,21426007,0.00005078,851.87313057,1
1505489145,21425797,0.00005129,203.93838954,1
1505489127,21425673,0.00005103,215.02175191,0
1505489053,21425105,0.00005131,13.17034019,1
1505489047,21425072,0.00005131,1024.98100077,1
1505489037,21424935,0.00005131,1245.64600000,0
1505489014,21424706,0.00005133,544.14931157,0
1505488984,21424494,0.00005107,1199.16568113,0
1505488961,21424278,0.00005090,143.78907646,0
1505488953,21424230,0.00005090,6019.56864100,1
1505488911,21424002,0.00005134,513.80497700,0
1505488894,21423893,0.00005085,300.00000000,1
1505488874,21423768,0.00005099,119.70000000,0
1505488830,21423440,0.00005115,114.11853900,0
1505488677,21422216,0.00005076,8763.35633048,0
1505488666,21422176,0.00005103,66.72310405,0
1505488658,21422135,0.00005078,1028.08594896,0
1505488587,21421381,0.00005062,154.35975457,1
1505488563,21421140,0.00005084,241.83339889,0
1505488562,21421121,0.00005083,7958.07161544,0
1505488532,21420898,0.00005113,2493.44709563,1
1505488532,21420894,0.00005091,518.26106846,1
1505488530,21420879,0.00005090,2591.30534228,1
1505488530,21420877,0.00005090,13982.86719447,0
1505488513,21420752,0.00005062,500.00000000,1
1505488513,21420751,0.00005065,300.00000000,1
1505488484,21420479,0.00005062,1253.29410900,0
1505488471,21420425,0.00005063,764.73619749,0
1505488451,21420311,0.00005065,750.00000000,1
1505488442,21420238,0.00005065,944.60589100,0
1505488426,21420109,0.00005062,888.76477300,0
1505488382,21419753,0.00005000,1373.70254769,1
1505488382,21419746,0.00005002,400.00000000,1
1505488381,21419742,0.00005006,355.00000000,1
1505488381,21419740,0.00005008,355.00000000,1
1505488381,21419739,0.00005008,7594.54800000,0
1505488380,21419738,0.00005040,359.50159586,1
1505488380,21419737,0.00005044,1797.04808745,1
1505488380,21419735,0.00005044,1593.10000000,1
1505488379,21419725,0.00005046,1345.89390000,1
1505488319,21419300,0.00005050,145.46781395,0
1505488310,21419213,0.00005050,387.00000000,1
1505488309,21419210,0.00005056,1652.79785621,1
1505488309,21419208,0.00005058,412.65491681,1
1505488309,21419206,0.00005058,2063.53478841,1
1505488273,21418923,0.00005056,1555.78553633,0
1505488271,21418918,0.00005056,769.21287785,0
1505488261,21418857,0.00005057,777.69217370,0
1505488260,21418852,0.00005057,1349.74190000,0
1505488216,21418630,0.00005041,2593.34571900,1
1505488210,21418598,0.00005064,5422.65975513,0
1505488203,21418557,0.00005016,18884.50526343,1
1505488202,21418553,0.00005040,561.68949602,0
1505488202,21418551,0.00005040,2812.73190911,0
1505488202,21418546,0.00005046,1344.32820000,1
1505488200,21418527,0.00005047,7907.36546044,1
1505488184,21418459,0.00005082,196.24355695,0
1505488176,21418413,0.00005054,1884.07681900,1
1505488165,21418365,0.00005053,1541.73010293,1
1505488157,21418330,0.00005065,1357.44949419,0
1505488157,21418328,0.00005064,1403.21734844,0
1505488144,21418298,0.00005070,196.74674556,0
1505488143,21418297,0.00005070,651.35413600,0
1505488142,21418296,0.00005065,1785.86527993,0
1505488129,21418247,0.00005066,350.00000000,0
1505488120,21418205,0.00005076,10034.94436195,0
1505488120,21418203,0.00005079,6884.14825753,1
1505488118,21418198,0.00005077,8832.74960114,0
1505488109,21418158,0.00005046,1816.84760000,1
1505488090,21418038,0.00005078,1586.53306189,0
1505488087,21418021,0.00005038,1506.92594293,0
1505488077,21417949,0.00005077,220.48257091,0
1505488073,21417926,0.00005061,768.71583554,1
1505488068,21417900,0.00005063,802.08529898,1
1505488059,21417860,0.00005071,651.64300000,1
1505488055,21417839,0.00005077,196.23233909,0
1505488049,21417808,0.00005083,440.92875122,0
1505488046,21417789,0.00005077,808.90033414,1
1505488040,21417760,0.00005086,218.30816531,1
1505488034,21417714,0.00005087,783.06283181,1
1505488032,21417702,0.00005087,833.99432404,1
1505488030,21417690,0.00005087,1670.57000000,1
1505488027,21417674,0.00005087,266.61450474,1
1505488022,21417607,0.00005087,1052.25086928,1
1505488017,21417571,0.00005086,833.94273740,1
1505487989,21417417,0.00005100,1202.46992539,0
1505487988,21417409,0.00005086,184.70891863,1
1505487984,21417378,0.00005086,561.91782443,1
1505487984,21417375,0.00005093,197.74202957,1
1505487978,21417323,0.00005086,575.20332096,0
1505487944,21417121,0.00005100,2482.02215686,0
1505487929,21417053,0.00005099,762.55771443,0
1505487918,21416978,0.00005094,2191.30000000,1
1505487916,21416964,0.00005105,4407.80084000,0
1505487907,21416913,0.00005126,304.45601716,0
1505487885,21416787,0.00005099,1308.39782741,1
1505487885,21416784,0.00005099,376.58749259,1
1505487840,21416437,0.00005100,792.00486315,1
1505487818,21416296,0.00005100,1042.62149000,1
1505487810,21416247,0.00005099,7894.14883400,1
1505487800,21416133,0.00005097,317.53569251,1
1505487771,21415812,0.00005094,208.14400900,1
1505487738,21415496,0.00005118,0.00000040,1
1505487738,21415492,0.00005118,1117.43771160,0
1505487708,21415223,0.00005118,387.74359639,0
1505487703,21415181,0.00005116,6391.36708366,0
1505487681,21414969,0.00005079,1312.50006069,0
1505487672,21414808,0.00005079,72.21671588,0
1505487671,21414795,0.00005079,816.88322343,0
1505487652,21414554,0.00005082,378.78787878,0
1505487642,21414456,0.00005082,844.24711117,0
1505487637,21414425,0.00005067,371.82126705,1
1505487637,21414424,0.00005068,2647.50231995,1
1505487634,21414395,0.00005096,3019.32358713,1
1505487605,21414123,0.00005063,368.67213000,0
1505487600,21414048,0.00005063,402.36001522,0
1505487581,21413925,0.00005062,106.77799600,1
1505487579,21413903,0.00005061,461.52795180,1
1505487568,21413830,0.00005063,594.07956683,1
1505487546,21413682,0.00005061,808.44031935,1
1505487516,21413395,0.00005141,4452.38222135,0
1505487516,21413392,0.00005071,715.15309654,0
1505487516,21413390,0.00005070,495.00000000,0
1505487515,21413387,0.00005069,320.20470699,1
1505487515,21413386,0.00005069,1601.02353493,1
1505487515,21413381,0.00005064,221.00000000,0
1505487513,21413360,0.00005055,1976.57226560,0
1505487489,21413125,0.00005026,660.81318606,1
1505487475,21412960,0.00005008,1010.27047477,0
1505487474,21412958,0.00005017,1020.90000000,1
1505487469,21412915,0.00005018,826.49754188,0
1505487468,21412908,0.00005018,3081.86722700,0
1505487467,21412894,0.00005018,9791.44227900,0
1505487465,21412869,0.00005063,15677.32416846,0
1505487464,21412867,0.00005059,255.00000000,0
1505487464,21412865,0.00005057,450.00000000,0
1505487464,21412862,0.00005053,356.00000000,0
1505487464,21412861,0.00005049,450.00000000,0
1505487464,21412860,0.00005048,466.00000000,0
1505487464,21412856,0.00005045,301.29075154,0
1505487463,21412849,0.00005033,1506.45375771,0
1505487456,21412802,0.00005019,1329.60810000,0
1505487450,21412763,0.00005033,2206.46877468,0
1505487448,21412745,0.00005035,1022.32170607,0
1505487447,21412741,0.00005035,1021.96044792,0
1505487447,21412739,0.00005034,810.34246803,0
1505487447,21412738,0.00005034,199.44413563,0
1505487445,21412733,0.00005034,362.40385063,0
1505487445,21412732,0.00005033,2214.67870092,0
1505487445,21412729,0.00005019,20.96242344,0
1505487362,21411998,0.00005005,1101.18219456,1
1505487361,21411995,0.00005006,1447.18737044,1
1505487359,21411975,0.00005009,356.59347729,0
1505487338,21411777,0.00005009,1295.81841090,0
1505487328,21411673,0.00005006,1101.18219500,1
1505487296,21411315,0.00005006,1198.12399700,1
1505487272,21411115,0.00005008,6044.94871700,1
1505487268,21411084,0.00005022,189.13080174,1
1505487254,21410980,0.00005000,2202.98780044,1
1505487252,21410976,0.00005002,397.01219956,1
1505487250,21410967,0.00005006,1326.99350000,0
1505487249,21410959,0.00005021,515.01371825,1
1505487235,21410863,0.00005008,2155.59626172,1
1505487227,21410804,0.00005007,1013.43101800,1
1505487226,21410794,0.00005007,1022.94660000,1
1505487226,21410793,0.00005015,1336.05340000,1
1505487204,21410578,0.00005014,1707.11643800,1
1505487194,21410488,0.00005015,1366.95690000,1
1505487151,21410196,0.00005023,410.73100000,0
1505487141,21410101,0.00005030,8431.39745259,0
1505487141,21410099,0.00005027,1130.52063441,0
1505487132,21410043,0.00005020,200.44974226,1
1505487124,21409965,0.00005028,2956.48945902,0
1505487124,21409962,0.00005018,22417.71600000,1
1505487122,21409945,0.00005016,1361.14646106,0
1505487113,21409883,0.00005016,1361.14645161,1
1505487077,21409576,0.00005007,776.15202061,0
1505487066,21409488,0.00005008,3360.49870034,0
1505487062,21409458,0.00005031,76.34844481,1
1505487061,21409451,0.00005031,1045.63329256,1
1505487060,21409440,0.00005008,1121.98173737,0
1505487057,21409414,0.00005029,642.79379598,0
1505487027,21409193,0.00005012,1357.23698407,1
1505487027,21409190,0.00005011,766.36935179,0
1505487017,21409138,0.00005032,742.55564387,0
1505487016,21409131,0.00005014,100.00000000,0
1505486986,21408957,0.00005008,968.87777701,0
1505486985,21408949,0.00005017,398.20321096,1
1505486983,21408938,0.00005017,786.60000000,1
1505486975,21408877,0.00005008,1362.64235569,0
1505486966,21408806,0.00005028,1707.17141726,0
1505486874,21408104,0.00005034,447.93861740,0
1505486874,21408101,0.00005029,133.57697071,0
1505486872,21408086,0.00005019,0.56752881,0
1505486858,21407975,0.00005018,1361.17157600,0
1505486819,21407669,0.00005034,810.34247119,1
1505486815,21407648,0.00005034,190.20192568,0
1505486813,21407637,0.00005019,1364.22390000,1
1505486807,21407602,0.00005034,810.34247119,0
1505486788,21407427,0.00005020,1024.59882335,0
1505486784,21407381,0.00005028,287.62117665,1
1505486784,21407375,0.00005028,691.18000000,1
1505486771,21407270,0.00005028,0.97200000,1
1505486771,21407268,0.00005030,1392.69800000,1
1505486768,21407234,0.00005035,0.00000025,1
1505486768,21407224,0.00005035,1021.59938375,0
1505486763,21407198,0.00005035,1021.49428571,0
1505486763,21407194,0.00005034,1792.05875911,0
1505486761,21407183,0.00005034,1412.67575059,0
1505486760,21407176,0.00005031,1372.83710000,1
1505486758,21407158,0.00005034,358.20000000,0
1505486745,21407101,0.00005032,4500.00000000,1
1505486745,21407100,0.00005032,1381.55000000,0
1505486740,21407065,0.00005029,1256.20092000,1
1505486730,21406996,0.00005058,315.01739818,0
1505486729,21406991,0.00005055,1340.39949942,1
1505486721,21406941,0.00005029,673.63800000,0
1505486716,21406912,0.00005037,1364.17210000,1
1505486599,21406510,0.00005072,1281.97574921,0
1505486584,21406468,0.00005075,6090.70317116,0
1505486561,21406378,0.00005077,512.13354343,0
1505486528,21406271,0.00005063,1366.47840000,1
1505486472,21406027,0.00005077,911.82647087,0
1505486420,21405773,0.00005075,196.55290640,0
1505486418,21405769,0.00005077,299.27043529,0
1505486417,21405763,0.00005076,297.79386580,0
1505486385,21405652,0.00005045,199.27376554,0
1505486385,21405650,0.00005045,996.36882846,0
1505486373,21405617,0.00005047,1214.57136600,0
1505486369,21405604,0.00005046,2985.94777800,0
1505486363,21405569,0.00005076,771.88159968,0
1505486363,21405567,0.00005075,442.70152525,0
1505486363,21405566,0.00005068,163.54992559,0
1505486362,21405564,0.00005065,1898.90384126,0
1505486356,21405538,0.00005047,817.74962795,0
1505486352,21405525,0.00005046,1708.72538031,0
1505486351,21405514,0.00004987,3652.70927742,0
1505486351,21405512,0.00005043,553.97969877,1
1505486351,21405511,0.00005043,2770.01248711,1
1505486349,21405503,0.00005048,1369.15540000,1
1505486310,21405352,0.00005083,1040.00472162,0
1505486247,21405033,0.00005069,1216.30064200,1
1505486246,21405026,0.00005070,1141.00000000,0
1505486230,21404840,0.00005054,1390.41290000,1
1505486208,21404767,0.00005047,1016.34559071,1
1505486204,21404740,0.00005050,1255.67522413,1
1505486174,21404573,0.00005055,1536.58018180,1
1505486173,21404570,0.00005058,1388.81720000,1
1505486168,21404535,0.00005055,3003.50216782,1
1505486144,21404398,0.00005068,98.10000000,1
1505486129,21404324,0.00005088,209.42770000,0
1505486113,21404249,0.00005093,190.35410103,0
1505486093,21404153,0.00005098,1679.64237431,1
1505486084,21404100,0.00005063,557.31338906,1
1505486045,21403860,0.00005080,38.78178378,1
1505486045,21403855,0.00005080,349.03605400,1
1505486038,21403821,0.00005080,223.97698468,0
1505486030,21403783,0.00005064,1270.75857311,0
1505486019,21403704,0.00005031,446.16728665,1
1505486013,21403671,0.00005063,5751.94723500,0
1505485969,21403394,0.00005021,2191.30000000,0
1505485949,21403278,0.00005017,149.69193526,1
1505485949,21403277,0.00005015,336.10310910,0
1505485940,21403217,0.00005004,1401.40830000,1
1505485937,21403207,0.00005005,2555.64677440,1
1505485904,21403082,0.00005003,916.22220000,0
1505485893,21403046,0.00005002,848.81600000,1
1505485892,21403035,0.00005003,598.64053333,1
1505485886,21403008,0.00005001,3203.81693333,1
1505485879,21402979,0.00005000,3201.55917061,1
1505485878,21402973,0.00005004,220.00000000,0
1505485874,21402955,0.00005004,1324.36953333,1
1505485872,21402953,0.00005004,222.27433313,0
1505485872,21402952,0.00005004,1324.36953333,0
1505485872,21402951,0.00005004,254.21183054,0
1505485861,21402908,0.00005012,1385.43849899,0
1505485861,21402907,0.00005007,7164.06388952,0
1505485861,21402906,0.00005004,0.00000002,0
1505485860,21402897,0.00005004,985.16727779,0
1505485860,21402895,0.00005004,1280.54856521,0
1505485860,21402894,0.00005004,43.82099276,0
1505485859,21402893,0.00005004,759.61255324,0
1505485852,21402872,0.00005004,639.46814676,0
1505485852,21402871,0.00005004,1324.36953424,0
1505485847,21402850,0.00005004,0.00003576,1
1505485846,21402848,0.00005004,1324.36953333,1
1505485841,21402827,0.00005004,1399.08069894,1
1505485836,21402819,0.00004999,589.76826979,1
1505485824,21402785,0.00005004,1324.36956803,0
1505485823,21402780,0.00004999,401.48182838,1
1505485810,21402675,0.00004999,1393.89630000,1
1505485804,21402593,0.00004998,505.92813333,1
1505485796,21402550,0.00004997,1376.16720000,1
1505485785,21402459,0.00005004,59.28192000,0
1505485779,21402409,0.00005004,626.14915525,0
1505485761,21402321,0.00005010,78.50303202,1
1505485760,21402316,0.00005010,821.30631893,1
1505485759,21402313,0.00005010,563.70621820,0
1505485757,21402310,0.00005000,202.00000000,1
1505485753,21402295,0.00005000,202.00000000,0
1505485733,21402213,0.00005010,336.10310910,0
1505485732,21402208,0.00004998,813.08750706,1
1505485732,21402205,0.00005000,202.00000000,1
1505485720,21402116,0.00005010,336.10310559,0
1505485720,21402113,0.00005005,0.00000351,0
1505485711,21402074,0.00005005,540.50723554,1
1505485711,21402072,0.00005010,899.80935095,1
1505485708,21402064,0.00005010,1798.34416450,1
1505485707,21402060,0.00005011,2498.08000000,1
1505485705,21402047,0.00005015,336.03301300,1
1505485698,21402031,0.00005015,518.07365000,1
1505485691,21402001,0.00005015,437.67927400,1
1505485682,21401963,0.00005044,4718.28271213,1
1505485681,21401961,0.00005044,237.30599264,1
1505485680,21401958,0.00005044,3659.16161801,0
1505485661,21401893,0.00005020,3742.80916334,0
1505485649,21401848,0.00005028,2959.49338161,0
1505485648,21401846,0.00005028,2192.90000000,0
1505485648,21401845,0.00005020,4779.60661839,0
1505485645,21401830,0.00005002,100.00000000,1
1505485634,21401803,0.00005027,1161.68891100,0
1505485634,21401802,0.00005025,8786.31108900,0
1505485624,21401755,0.00005032,2804.07649513,0
1505485621,21401730,0.00005002,2794.04539991,1
1505485618,21401695,0.00004999,1335.06421572,1
1505485569,21401474,0.00005028,3.56980043,1
1505485569,21401468,0.00005028,845.82416600,1
1505485569,21401465,0.00005031,1389.00450000,1
1505485554,21401387,0.00005051,1685.79007376,0
1505485552,21401376,0.00005052,2718.42359461,1
1505485509,21401063,0.00005070,1796.78682706,0
1505485468,21400829,0.00005055,1797.90533566,0
1505485445,21400667,0.00005046,6506.96449100,0
1505485435,21400608,0.00005046,1401.98250000,1
1505485434,21400595,0.00005046,1066.27889000,1
1505485433,21400591,0.00005046,1612.81323100,1
1505485433,21400590,0.00005047,1401.98250000,1
1505485430,21400578,0.00005053,3371.08105960,1
1505485427,21400560,0.00005048,642.53455200,1
1505485363,21400211,0.00005049,3370.14690789,0
1505485312,21399967,0.00005045,1136.29864079,1
1505485308,21399952,0.00005046,334.04488764,1
1505485290,21399865,0.00005045,1391.29090000,1
1505485278,21399796,0.00005098,1120.83483719,0
1505485277,21399788,0.00005044,3043.66288931,0
1505485226,21399531,0.00005044,2538.05808881,0
1505485209,21399406,0.00005018,333.49464355,1
1505485207,21399389,0.00005016,1789.52000000,1
1505485207,21399388,0.00005029,940.00000000,1
1505485205,21399378,0.00005029,286.21349512,0
1505485191,21399285,0.00005029,47.25392223,0
1505485191,21399283,0.00005027,2909.80379424,0
1505485171,21399174,0.00005064,23.25131744,0
1505485171,21399170,0.00005037,414.53232742,0
1505485171,21399167,0.00005037,414.53231050,0
1505485171,21399165,0.00005030,340.28736038,0
1505485171,21399163,0.00005029,3764.30164426,0
1505485171,21399161,0.00005029,940.00000000,0
1505485161,21399077,0.00005030,600.37063962,0
1505485161,21399076,0.00005030,2309.43315538,0
1505485156,21399040,0.00005029,3250.09115500,0
1505485128,21398819,0.00005037,414.53232742,1
1505485124,21398803,0.00005033,2418.36212515,1
1505485124,21398801,0.00005034,1384.38300000,1
1505485123,21398798,0.00005035,832.22761484,1
1505485123,21398796,0.00005036,1329.39320801,1
1505485093,21398582,0.00005090,5343.47328094,0
1505485089,21398534,0.00005040,595.24541734,0
1505485088,21398530,0.00005039,744.45659217,0
1505485082,21398451,0.00005023,600.74815542,1
1505485082,21398448,0.00005039,1502.41981458,1
1505485079,21398412,0.00005039,740.93011173,1
1505485075,21398379,0.00005035,329.43706927,0
1505485073,21398355,0.00005021,183.92797567,1
1505485072,21398351,0.00005039,1463.25737066,1
1505485062,21398261,0.00005035,748.36565512,0
1505485062,21398259,0.00005021,1738.40048461,0
1505485061,21398257,0.00005019,2267.14821399,0
1505485061,21398256,0.00005019,3741.82827562,0
1505485053,21398156,0.00005023,967.99220779,1
1505485048,21398082,0.00005025,740.27388285,1
1505485041,21398007,0.00005019,739.74262359,1
1505485040,21397987,0.00005037,627.16267442,1
1505485000,21397726,0.00005037,1205.99731500,1
1505484998,21397717,0.00005036,1299.15600620,1
1505484968,21397513,0.00005040,579.85329905,0
1505484953,21397415,0.00005039,1337.24885950,1
1505484947,21397373,0.00005034,1002.61158400,1
1505484917,21397161,0.00005092,582.04261586,1
1505484897,21396954,0.00005097,4237.69826460,0
1505484887,21396861,0.00005015,335.00000000,1
1505484797,21396162,0.00004992,0.54096697,0
1505484792,21396047,0.00004990,1397.34716067,1
1505484746,21395629,0.00004989,541.17889578,1
1505484741,21395584,0.00004988,746.82705004,1
1505484740,21395583,0.00005003,773.48003303,1
1505484738,21395568,0.00005004,312.44184652,0
1505484736,21395541,0.00005003,191.45317787,1
1505484733,21395511,0.00004988,968.02904635,1
1505484728,21395485,0.00004988,481.81217563,1
1505484728,21395482,0.00004992,1363.27110000,1
1505484708,21395285,0.00004986,2628.69000000,1
1505484706,21395261,0.00004986,1776.48840632,1
1505484706,21395257,0.00004986,3190.30000000,1
1505484701,21395212,0.00004986,1749.94891151,1
1505484695,21395165,0.00004990,1861.97454364,1
1505484665,21394908,0.00005004,914.06041007,0
1505484665,21394905,0.00004993,1.33615193,0
1505484645,21394650,0.00005004,318.65262780,1
1505484645,21394647,0.00005004,1596.36122027,1
1505484627,21394444,0.00005004,367.31715000,1
1505484627,21394443,0.00005008,1360.99220000,1
1505484622,21394383,0.00005013,820.96797189,1
1505484621,21394382,0.00005014,550.07202811,1
1505484610,21394275,0.00004956,5111.09250166,1
1505484609,21394273,0.00004958,344.00000000,1
1505484609,21394272,0.00004962,443.00000000,1
1505484609,21394269,0.00004969,644.00000000,1
1505484609,21394267,0.00004992,399.63942308,1
1505484609,21394265,0.00004995,45.00000000,1
1505484609,21394262,0.00005000,1686.33075806,1
1505484609,21394259,0.00005001,4361.94289195,1
1505484608,21394255,0.00005008,870.51925147,1
1505484608,21394252,0.00005013,166.94565000,1
1505484607,21394234,0.00005013,1502.51085000,1
1505484584,21394042,0.00005007,750.06400000,1
1505484584,21394036,0.00005020,364.92596327,0
1505484584,21394034,0.00005019,307.91218930,0
1505484578,21393967,0.00005006,630.93308354,1
1505484578,21393961,0.00005020,824.86907223,1
1505484578,21393960,0.00005023,397.92748847,1
1505484577,21393959,0.00005023,997.33191153,1
1505484577,21393956,0.00005040,9.52808847,1
1505484537,21393687,0.00005040,240.47191153,1
1505484487,21393329,0.00005040,1017.97393177,0
1505484487,21393328,0.00005008,17.52533823,0
1505484487,21393324,0.00005008,249.29989977,0
1505484486,21393317,0.00005008,2192.90000000,1
1505484486,21393312,0.00005012,1419.35740000,1
1505484397,21392597,0.00005056,1598.90783227,0
1505484395,21392586,0.00005025,281.62716041,0
1505484386,21392502,0.00005021,281.62716000,0
1505484373,21392422,0.00005005,1317.65066236,0
1505484367,21392371,0.00005009,3115.43681373,1
1505484366,21392367,0.00005012,1899.09770028,0
1505484356,21392269,0.00005012,10670.92059058,1
1505484355,21392260,0.00005012,723.90571967,1
1505484354,21392255,0.00005012,1000.69951000,1
1505484348,21392236,0.00005012,2768.37000000,1
1505484348,21392233,0.00005012,529.90402892,1
1505484338,21392172,0.00005012,264.87004600,1
1505484309,21392044,0.00005012,6468.46246300,1
1505484274,21391750,0.00005014,70.20000000,1
1505484273,21391742,0.00005012,3045.01382900,1
1505484269,21391723,0.00005012,1283.66548700,1
1505484264,21391682,0.00005014,1212.25187665,1
1505484264,21391680,0.00005015,1878.01028935,1
1505484232,21391444,0.00005025,1408.58210000,1
1505484214,21391246,0.00005091,1763.41701041,0
1505484212,21391236,0.00005028,1279.32696000,1
1505484179,21390992,0.00005017,1291.93497000,1
1505484165,21390915,0.00005097,2685.85520894,1
1505484164,21390913,0.00005042,215.56498444,0
1505484154,21390861,0.00005012,1445.42560000,1
1505484153,21390855,0.00005012,11225.77540800,1
1505484152,21390854,0.00005012,70.20000000,1
1505484149,21390818,0.00005012,58295.93361215,1
1505484149,21390816,0.00005021,544.00000000,1
1505484149,21390811,0.00005025,654.00000000,1
1505484149,21390809,0.00005033,11099.86091794,1
1505484149,21390807,0.00005034,754.00000000,1
1505484149,21390806,0.00005035,58.35292949,1
1505484149,21390803,0.00005042,10451.39760042,1
1505484146,21390763,0.00005042,4000.00000000,1
1505484144,21390742,0.00005042,215.56498444,1
1505484142,21390734,0.00005042,1140.82000000,1
1505484141,21390728,0.00005042,2106.60000000,1
1505484138,21390716,0.00005042,215.56498444,1
1505484133,21390705,0.00005042,721.08566655,1
1505484131,21390699,0.00005042,8100.77736300,1
1505484125,21390662,0.00005042,5045.07000000,1
1505484125,21390656,0.00005042,720.98847859,1
1505484124,21390652,0.00005042,11099.86091800,1
1505484123,21390640,0.00005043,2677.02300218,0
1505484120,21390619,0.00005042,41959.08322900,1
1505484118,21390600,0.00005042,15601.10000000,1
1505484117,21390591,0.00005042,15601.10000000,1
1505484114,21390575,0.00005042,2279.00000000,1
1505484111,21390550,0.00005042,4500.00000000,1
1505484110,21390542,0.00005042,299.69999500,1
1505484109,21390536,0.00005042,27978.60000000,1
1505484108,21390529,0.00005042,46673.86131447,1
1505484108,21390527,0.00005043,27959.01809804,1
1505484108,21390525,0.00005044,2366.35058749,1
1505484106,21390522,0.00005043,4306.77783100,1
1505484100,21390472,0.00005043,18687.24819200,1
1505484095,21390439,0.00005043,23715.50378500,1
1505484092,21390414,0.00005044,983.86827500,1
1505484090,21390405,0.00005138,2613.18349874,0
1505484088,21390384,0.00005043,510.25327400,1
1505484088,21390379,0.00005043,4779.46046500,1
1505484088,21390378,0.00005043,15422.15419500,1
1505484087,21390376,0.00005043,17958.08188200,1
1505484084,21390342,0.00005043,1587.29000000,1
1505484077,21390303,0.00005043,3981.74000000,1
1505484075,21390266,0.00005043,19512.66339000,1
1505484073,21390256,0.00005043,7647.99000000,1
1505484073,21390233,0.00005043,1811.69206896,1
1505484072,21390225,0.00005043,16865.20000000,1
1505484071,21390182,0.00005043,345.30900000,1
1505484070,21390158,0.00005043,2068.84781900,1
1505484066,21390131,0.00005043,5466.77000000,1
1505484013,21389817,0.00005041,719.84641897,1
1505483929,21389482,0.00005149,464.94736842,0
1505483874,21389293,0.00005148,272.08799533,1
1505483874,21389292,0.00005086,1006.25517387,0
1505483873,21389291,0.00005086,1486.94978556,0
1505483873,21389290,0.00005086,1486.94979933,0
1505483873,21389289,0.00005086,1324.89984455,0
1505483873,21389287,0.00005081,1209.96134619,0
1505483872,21389286,0.00005077,199.15627069,0
1505483857,21389233,0.00005040,398.00000000,1
1505483825,21389062,0.00005082,1343.95552931,0
1505483822,21389045,0.00005040,14245.66404000,1
1505483814,21389013,0.00005042,231.25364843,1
1505483804,21388970,0.00005040,2879.75776653,1
1505483804,21388966,0.00005040,17384.15220000,1
1505483802,21388962,0.00005040,3964.98000000,1
1505483800,21388944,0.00005040,212.42589697,1
1505483799,21388943,0.00005040,10595.20000000,1
1505483798,21388933,0.00005040,2878.06655290,1
1505483798,21388932,0.00005040,1389.90568529,1
1505483795,21388918,0.00005040,4500.00000000,1
1505483792,21388902,0.00005040,2876.03783688,1
1505483786,21388873,0.00005040,213.52697608,1
1505483786,21388872,0.00005040,599.50570789,1
1505483785,21388870,0.00005040,6007.40110000,1
1505483785,21388869,0.00005041,1440.23890000,1
1505483780,21388847,0.00005040,599.50570789,1
1505483777,21388831,0.00005040,1765.32893963,1
1505483773,21388811,0.00005040,401.62410262,1
1505483768,21388777,0.00005040,2862.32740967,1
1505483762,21388745,0.00005040,2856.79022007,1
1505483756,21388712,0.00005040,2853.15911498,1
1505483749,21388681,0.00005040,2849.98776038,1
1505483636,21388262,0.00005082,200.00000000,0
1505483585,21388136,0.00005082,100.00000000,0
1505483559,21388021,0.00005040,9466.67009400,1
1505483456,21387555,0.00005075,276.00000000,0
1505483441,21387515,0.00005040,432.37729700,1
1505483441,21387514,0.00005040,1259.54594300,1
1505483436,21387503,0.00005040,8866.19458400,1
1505483431,21387492,0.00005040,548.27649100,1
1505483404,21387379,0.00005040,3154.08978707,1
1505483404,21387378,0.00005072,509.11021293,1
1505483404,21387373,0.00005072,60.96144896,0
1505483404,21387371,0.00005072,0.11764633,0
1505483401,21387358,0.00005040,5317.22000000,1
1505483391,21387297,0.00005040,11228.27433000,1
1505483387,21387273,0.00005040,631.33278000,1
1505483387,21387270,0.00005077,67.61729367,1
1505483385,21387256,0.00005072,1567.93698100,0
1505483383,21387244,0.00005040,25229.60760748,1
1505483383,21387241,0.00005041,13279.18711552,1
1505483380,21387221,0.00005040,10000.00000000,1
1505483377,21387208,0.00005073,9988.00000000,0
1505483369,21387150,0.00005041,1124.55000000,1
1505483367,21387140,0.00005043,850.35695352,0
1505483365,21387134,0.00005041,603.00800000,1
1505483357,21387070,0.00005067,5798.74783431,0
1505483356,21387069,0.00005059,2174.30000000,0
1505483356,21387068,0.00005059,1991.95216569,0
1505483338,21386865,0.00005040,5370.09000000,1
1505483326,21386826,0.00005040,1470.96000000,1
1505483320,21386796,0.00005040,5152.67660200,1
1505483318,21386786,0.00005040,628.38600000,1
1505483298,21386728,0.00005059,853.52836528,0
1505483283,21386673,0.00005059,1526.60939998,1
1505483282,21386672,0.00005059,4910.80421002,1
1505483279,21386657,0.00005059,358.45973324,1
1505483277,21386638,0.00005059,1383.64980789,1
1505483272,21386610,0.00005059,117.56001000,1
1505483268,21386594,0.00005059,1372.60877513,1
1505483258,21386534,0.00005086,162.04994101,0
1505483257,21386532,0.00005086,1369.50261580,0
1505483257,21386529,0.00005071,1241.69502025,0
1505483255,21386517,0.00005059,1311.43000000,1
1505483255,21386511,0.00005059,1372.60880080,1
1505483250,21386475,0.00005059,1280.10900725,1
1505483222,21386310,0.00005068,329.69435674,0
1505483205,21386221,0.00005068,364.23254730,1
1505483175,21386069,0.00005086,117.44718353,0
1505483175,21386065,0.00005086,1486.94978855,0
1505483174,21386060,0.00005080,1487.99000000,0
1505483174,21386059,0.00005075,440.18900000,0
1505483166,21386028,0.00005086,0.00000019,1
1505483166,21386027,0.00005087,2711.86969281,1
1505483091,21385577,0.00005111,2711.86969281,0
1505482896,21384501,0.00005096,2703.90971000,1
1505482837,21384307,0.00005093,838.22359399,1
1505482837,21384306,0.00005099,424.42910373,1
1505482736,21384031,0.00005119,15072.01680000,1
1505482735,21384030,0.00005140,1487.65620000,1
1505482734,21384027,0.00005119,35573.01833900,1
1505482734,21384025,0.00005136,1477.71590000,1
1505482728,21384001,0.00005129,1490.23990000,1
1505482728,21384000,0.00005130,1660.48659770,1
1505482704,21383929,0.00005060,20289.32750270,0
1505482704,21383926,0.00005113,3901.81889301,1
1505482703,21383922,0.00005114,6081.39175199,0
1505482703,21383920,0.00005138,1270.20000000,1
1505482703,21383919,0.00005150,1477.71590000,0
1505482701,21383912,0.00005151,7407.26185230,1
1505482677,21383832,0.00005193,1572.04429039,1
1505482649,21383676,0.00005159,4881.58074200,1
1505482602,21383291,0.00005173,126.14269435,0
1505482594,21383238,0.00005170,197.02665557,0
1505482594,21383236,0.00005170,1554.12520000,0
1505482594,21383234,0.00005166,57.32361111,0
1505482594,21383232,0.00005164,519.38474541,0
1505482588,21383193,0.00005164,767.54453912,0
1505482560,21382851,0.00005163,5825.97574271,0
1505482556,21382809,0.00005156,2113.83557000,0
1505482517,21382472,0.00005161,868.62728334,1
1505482516,21382467,0.00005151,80.04791173,0
1505482516,21382466,0.00005146,761.81010493,0
1505482499,21382329,0.00005146,826.48736883,0
1505482497,21382316,0.00005145,142.74586264,0
1505482439,21382011,0.00005144,1260.21442457,1
1505482438,21382008,0.00005145,985.72536443,0
1505482437,21382003,0.00005143,97.21952169,0
1505482282,21381352,0.00005133,930.60627313,0
1505482272,21381297,0.00005125,1451.73846000,0
1505482213,21381074,0.00005122,4500.00000000,0
1505482202,21380904,0.00005114,983.44596100,1
1505482087,21380633,0.00005099,1075.32039000,0
1505482036,21380516,0.00005094,1467.28050000,1
1505482036,21380515,0.00005094,669.84440453,1
1505481984,21380391,0.00005105,334.62400000,1
1505481984,21380390,0.00005112,501.12000000,1
1505481968,21380296,0.00005090,1190.63414308,1
1505481940,21380224,0.00005107,12870.47534823,0
1505481940,21380223,0.00005107,1463.86950000,1
1505481939,21380221,0.00005114,3319.74407483,1
1505481939,21380219,0.00005119,197.61554991,1
1505481722,21379355,0.00005143,606.01652731,0
1505481697,21379242,0.00005122,1449.21170000,1
1505481696,21379240,0.00005127,560.06568567,0
1505481696,21379236,0.00005127,780.05854125,1
1505481661,21379038,0.00005121,1450.13230000,1
1505481661,21379034,0.00005122,207.54226194,1
1505481651,21378987,0.00005125,480.00000000,1
1505481539,21378395,0.00005127,1264.21099840,1
1505481537,21378387,0.00005143,197.27661548,0
1505481532,21378366,0.00005143,110.61695508,0
1505481521,21378330,0.00005140,465.26318263,1
1505481521,21378325,0.00005140,873.80160336,0
1505481478,21378084,0.00005139,2671.58007394,1
1505481442,21377913,0.00005094,250.00000000,1
1505481436,21377865,0.00005140,942.15738695,0
1505481436,21377864,0.00005137,548.23953016,0
1505481436,21377861,0.00005137,337.51238455,0
1505481418,21377785,0.00005103,1466.80627218,0
1505481418,21377784,0.00005103,1117.22073218,0
1505481399,21377723,0.00005103,349.58554000,0
1505481154,21376179,0.00005137,548.23959924,1
1505481086,21375736,0.00005135,97.37098345,0
1505481084,21375716,0.00005114,665.27538761,0
1505481084,21375715,0.00005109,1999.49536780,0
1505481083,21375713,0.00005090,486.24633999,0
1505481079,21375669,0.00005090,6718.73931238,0
1505481076,21375646,0.00005090,1892.44736588,0
1505481073,21375619,0.00005090,304.65923846,0
1505481066,21375572,0.00005090,1387.80813666,0
1505481064,21375559,0.00005090,2680.75019000,0
1505481060,21375497,0.00005090,1000.58223444,0
1505481045,21375355,0.00005090,626.31139329,0
1505481041,21375298,0.00005090,1871.08575048,0
1505480994,21374883,0.00005118,341.07756936,0
1505480961,21374705,0.00005099,127.40401508,1
1505480961,21374704,0.00005100,2956.20135192,1
1505480956,21374674,0.00005117,112.84140625,0
1505480859,21374320,0.00005132,2193.92907248,0
1505480859,21374317,0.00005103,768.04617995,0
1505480857,21374315,0.00005076,1442.83630235,0
1505480855,21374311,0.00005076,1503.09458000,0
1505480794,21374119,0.00005069,9029.17000000,0
1505480789,21374104,0.00005072,1855.21746971,1
1505480784,21374091,0.00005095,525.04887144,0
1505480773,21374073,0.00005104,767.74314263,0
1505480773,21374072,0.00005103,9791.44227944,0
1505480773,21374071,0.00005103,15481.72788393,1
1505480771,21374067,0.00005063,6947.03659503,0
1505480742,21373982,0.00005059,2947.45323529,1
1505480741,21373972,0.00005063,1586.63796168,0
1505480729,21373920,0.00005063,845.54776000,0
1505480647,21373515,0.00005063,2185.50000000,0
1505480639,21373443,0.00005065,1464.40380000,1
1505480639,21373442,0.00005066,1378.47050093,1
1505480567,21373052,0.00005063,1431.67910000,1
1505480558,21372990,0.00005064,832.32982900,1
1505480543,21372903,0.00005060,439.09252050,1
1505480534,21372827,0.00005061,1764.55910551,1
1505480454,21372450,0.00005059,4945.31642038,1
1505480453,21372448,0.00005087,6264.85204762,1
1505480453,21372439,0.00005088,1403.17282012,1
1505480452,21372437,0.00005092,323.82717988,1
1505480446,21372410,0.00005088,2181.84189000,0
1505480445,21372405,0.00005091,1784.80186040,0
1505480443,21372402,0.00005088,1518.22000000,1
1505480441,21372390,0.00005087,1847.04161289,1
1505480439,21372379,0.00005088,816.08284400,0
1505480437,21372375,0.00005089,3354.91000000,1
1505480436,21372365,0.00005087,1888.10633949,1
1505480434,21372357,0.00005088,1438.88000000,1
1505480431,21372242,0.00005088,1549.85659321,1
1505480425,21372179,0.00005088,1811.81120055,1
1505480397,21371865,0.00005063,5000.00000000,1
1505480383,21371790,0.00005139,32435.56937147,1
1505480382,21371787,0.00005126,120.79812764,0
1505480382,21371786,0.00005124,1168.30087873,0
1505480382,21371785,0.00005124,697.08000000,0
1505480382,21371784,0.00005116,323.08981926,0
1505480382,21371783,0.00005116,2397.32370000,1
1505480381,21371781,0.00005106,1436.77786933,0
1505480381,21371780,0.00005106,1436.77786933,0
1505480381,21371779,0.00005106,66.24734771,0
1505480381,21371776,0.00005100,71554.84000000,0
1505480380,21371774,0.00005096,14795.38621448,1
1505480380,21371773,0.00005096,149.40598365,1
1505480380,21371770,0.00005096,9791.44227944,0
1505480371,21371733,0.00005090,1346.10569745,1
1505480370,21371722,0.00005090,1593.50000000,0
1505480314,21371330,0.00005067,513.85438972,1
1505480312,21371319,0.00005067,1861.99421070,1
1505480308,21371276,0.00005072,334.97158007,1
1505480305,21371252,0.00005067,1873.39611298,1
1505480300,21371219,0.00005067,1884.33629006,1
1505480299,21371214,0.00005067,8498.78000000,1
1505480295,21371188,0.00005072,1412.82313364,1
1505480288,21371153,0.00005067,1863.95956334,1
1505480283,21371104,0.00005068,1388.63044661,1
1505480261,21371007,0.00005050,597.80000000,1
1505480257,21370990,0.00005050,193.41835370,1
1505480257,21370989,0.00005051,2823.72164630,1
1505480250,21370955,0.00005050,371.32118184,1
1505480247,21370935,0.00005075,1344.64958136,1
1505480247,21370932,0.00005080,1461.72590000,1
1505480247,21370929,0.00005081,1665.77046333,1
1505480243,21370902,0.00005081,1461.72590000,1
1505480242,21370894,0.00005098,535.91297530,0
1505480236,21370876,0.00005080,789.14900000,1
1505480180,21370526,0.00005088,740.84690346,0
1505480170,21370433,0.00005059,540.35133911,0
1505480156,21370303,0.00005083,678.24874580,0
1505480138,21370076,0.00005077,3749.53457100,1
1505480103,21369693,0.00005057,1164.84441100,1
1505480102,21369690,0.00005061,1462.06940000,1
1505480087,21369520,0.00005056,50.00000000,1
1505480080,21369453,0.00005051,428.69400000,1
1505480052,21369202,0.00005045,1016.49000000,1
1505479915,21368332,0.00005012,1000.00000000,1
1505479913,21368309,0.00005012,10016.34086769,1
1505479913,21368308,0.00005013,1875.95774531,1
1505479913,21368306,0.00005014,1445.60550000,1
1505479880,21368093,0.00005005,1452.78060000,1
1505479863,21367954,0.00005058,594.78726769,1
1505479859,21367931,0.00005051,201.84318907,1
1505479858,21367925,0.00005015,0.00000049,0
1505479858,21367921,0.00005015,1095.48990851,1
1505479853,21367881,0.00005050,204.14032246,0
1505479846,21367843,0.00005007,1443.84910000,1
1505479837,21367778,0.00005055,190.57849559,0
1505479832,21367740,0.00005054,196.98646951,0
1505479830,21367716,0.00005015,58.90000000,1
1505479830,21367713,0.00005017,766.00000000,1
1505479827,21367693,0.00005057,204.81754270,0
1505479822,21367673,0.00005021,824.90000000,1
1505479817,21367630,0.00005023,1384.84736700,1
1505479817,21367628,0.00005034,1429.71140000,1
1505479796,21367484,0.00005063,578.82011605,0
1505479782,21367383,0.00005023,1006.90000000,1
1505479775,21367348,0.00005035,1309.50432000,1
1505479772,21367336,0.00005068,1282.92719021,0
1505479768,21367291,0.00005070,6883.42231861,0
1505479664,21366591,0.00005045,1000.00000000,1
1505479648,21366492,0.00005046,1448.05620000,1
1505479634,21366429,0.00005092,75.60153181,0
1505479633,21366421,0.00005074,1569.22263623,0
1505479626,21366384,0.00005045,1000.00000000,1
1505479626,21366383,0.00005049,1000.00000000,1
1505479617,21366345,0.00005049,1251.27940500,1
1505479609,21366321,0.00005049,179.36819491,1
1505479609,21366319,0.00005058,1251.27940509,1
1505479605,21366304,0.00005058,3027.78524100,1
1505479602,21366289,0.00005058,902.66518980,1
1505479602,21366288,0.00005065,348.61421520,1
1505479586,21366221,0.00005074,357.65411903,0
1505479557,21366076,0.00005056,10287.40244800,0
1505479546,21366019,0.00005064,5.06996017,1
1505479495,21365748,0.00005064,328.32186600,1
1505479480,21365663,0.00005066,199.46144883,1
1505479460,21365562,0.00005105,1124.54201762,0
1505479460,21365559,0.00005072,1035.30805249,0
1505479458,21365545,0.00005071,587.50781725,0
1505479457,21365540,0.00005071,1838.18358090,0
1505479456,21365535,0.00005071,227.55994976,0
1505479452,21365513,0.00005071,244.72364816,0
1505479444,21365433,0.00005071,512.44023440,0
1505479444,21365428,0.00005071,2240.33677307,1
1505479443,21365419,0.00005071,1244.27117700,1
1505479439,21365397,0.00005071,1015.39204993,0
1505479433,21365347,0.00005071,250.30795007,0
1505479399,21365098,0.00005071,173.30555040,0
1505479369,21364882,0.00005072,182.01207394,0
1505479364,21364847,0.00005072,1467.68750000,0
1505479359,21364820,0.00005071,9791.44227944,0
1505479352,21364765,0.00005072,229.88011128,0
1505479346,21364719,0.00005062,1313.90232588,1
1505479342,21364676,0.00005063,1352.37107300,1
1505479338,21364648,0.00005072,1585.11226229,0
1505479338,21364647,0.00005069,11.06868774,0
1505479338,21364645,0.00005063,3997.39257677,0
1505479338,21364643,0.00005062,1459.89147320,0
1505479321,21364500,0.00005063,502.60742323,0
1505479247,21363958,0.00005106,371.18311790,0
1505479246,21363939,0.00005098,2494.17555904,1
1505479245,21363927,0.00005098,269.22322479,0
1505479224,21363761,0.00005090,61.28778950,1
1505479224,21363754,0.00005090,551.59010550,1
1505479208,21363571,0.00005101,822.35883370,1
1505479204,21363523,0.00005101,652.84226630,1
1505479185,21363376,0.00005106,999.34743439,0
1505479183,21363353,0.00005096,1350.35622056,0
1505479182,21363346,0.00005091,2530.34000000,1
1505479180,21363321,0.00005091,612.87789500,1
1505479177,21363271,0.00005092,2509.75000000,1
1505479174,21363239,0.00005096,1437.78000000,1
1505479174,21363231,0.00005096,612.87786169,1
1505479172,21363225,0.00005106,1402.54453883,1
1505479146,21363026,0.00005117,120.10660000,1
1505479145,21363022,0.00005117,1323.32000000,1
1505479140,21362976,0.00005108,999.58872838,1
1505479115,21362819,0.00005124,3292.31219985,1
1505479113,21362795,0.00005124,1343.82390158,1
1505479108,21362754,0.00005126,1336.35015817,1
1505479077,21362563,0.00005129,1356.66412593,1
1505479076,21362561,0.00005131,180.31507507,1
1505479014,21362291,0.00005137,255.44938000,1
1505478965,21362053,0.00005138,9165.31959000,0
1505478965,21362050,0.00005138,1476.94539007,0
1505478883,21361696,0.00005131,537.20275898,1
1505478883,21361694,0.00005132,2015.10921243,1
1505478878,21361644,0.00005131,2552.46399428,1
1505478866,21361564,0.00005131,621.53085106,1
1505478865,21361558,0.00005144,775.66562986,0
1505478861,21361534,0.00005133,1439.04083394,1
1505478861,21361533,0.00005136,1455.87620000,1
1505478830,21361339,0.00005145,406.33022351,0
1505478781,21361085,0.00005135,409.00000000,0
1505478748,21360912,0.00005131,4500.00000000,1
1505478723,21360772,0.00005131,356.78200000,1
1505478705,21360661,0.00005143,2682.36657822,1
1505478693,21360599,0.00005133,790.17700000,1
1505478693,21360598,0.00005135,40.90000000,1
1505478662,21360426,0.00005135,368.10000000,1
1505478635,21360248,0.00005116,50.00000000,1
1505478633,21360223,0.00005144,246.49358589,0
1505478632,21360222,0.00005144,97.93313668,0
1505478614,21360063,0.00005114,417.13685625,1
1505478608,21360010,0.00005143,184.40008716,0
1505478568,21359584,0.00005134,362.34834140,0
1505478566,21359563,0.00005095,4000.00000000,1
1505478543,21359389,0.00005132,471.45187061,0
1505478530,21359266,0.00005132,291.55475448,0
1505478517,21359143,0.00005132,61.07287607,0
1505478515,21359124,0.00005131,6459.35149661,0
1505478463,21358802,0.00005090,587.12210500,1
1505478463,21358801,0.00005090,850.00000000,1
1505478457,21358768,0.00005095,580.90333000,1
1505478450,21358724,0.00005132,1913.96055372,0
1505478444,21358705,0.00005131,230.62656859,0
1505478428,21358577,0.00005132,1744.64867473,0
1505478428,21358575,0.00005131,393.09283174,0
1505478427,21358569,0.00005131,13441.48177743,0
1505478427,21358565,0.00005098,95.96905028,0
1505478424,21358538,0.00005097,86.37214525,0
1505478409,21358388,0.00005092,819.02741108,1
1505478408,21358382,0.00005092,1424.96858892,0
1505478408,21358380,0.00005092,75.06186174,0
1505478406,21358373,0.00005090,743.96554734,0
1505478345,21357856,0.00005090,953.33884000,1
1505478344,21357848,0.00005090,1261.16419514,1
1505478334,21357745,0.00005091,2006.60000000,0
1505478290,21357334,0.00005077,1492.53830000,1
1505478265,21357094,0.00005089,322.19900000,1
1505478246,21356891,0.00005092,1344.45000000,1
1505478237,21356834,0.00005098,488.25739126,0
1505478237,21356833,0.00005098,375.46406124,0
1505478208,21356621,0.00005098,208.76238825,1
1505478205,21356583,0.00005098,375.46410315,1
1505478191,21356507,0.00005102,598.56400000,1
1505478185,21356472,0.00005103,184.73247144,0
1505478174,21356411,0.00005056,363.84500000,1
1505478112,21356072,0.00005106,646.98444586,1
1505477982,21355529,0.00005128,2019.09504532,0
1505477943,21355370,0.00005108,520.70790916,1
1505477943,21355366,0.00005108,456.00000000,0
1505477924,21355256,0.00005105,454.45318462,0
1505477916,21355201,0.00005103,566.09269057,0
1505477783,21354635,0.00005042,845.09102991,0
1505477777,21354597,0.00005055,1655.86000000,1
1505477738,21354394,0.00005079,340.89052963,1
1505477736,21354391,0.00005041,246.20070779,0
1505477724,21354357,0.00005038,2384.31961200,0
1505477708,21354272,0.00005029,1529.88914498,1
1505477705,21354206,0.00005041,257.71800476,1
1505477689,21354093,0.00005107,731.74113961,1
1505477687,21354077,0.00005027,50.57026236,0
1505477683,21354038,0.00005027,1910.04108336,0
1505477674,21353930,0.00005021,400.00000000,1
1505477667,21353872,0.00005027,1380.30902440,1
1505477605,21353398,0.00005030,1913.32438879,0
1505477601,21353364,0.00005008,1587.91835000,0
1505477601,21353363,0.00005004,1649.58000000,0
1505477582,21353206,0.00005001,21247.16814000,1
1505477582,21353204,0.00005009,10332.83400000,1
1505477446,21352554,0.00005003,600.00000000,1
1505477446,21352550,0.00005109,58.57330202,0
1505477438,21352496,0.00005002,10123.54711000,1
1505477432,21352432,0.00005028,953.20432284,0
1505477432,21352426,0.00005002,1598.01648208,1
1505477431,21352420,0.00005001,2845.01859847,0
1505477430,21352404,0.00005002,436.84381789,1
1505477425,21352346,0.00005002,1596.56599348,1
1505477419,21352308,0.00005001,1600.39622149,1
1505477413,21352252,0.00005001,1599.26273615,1
1505477408,21352225,0.00005001,559.01811000,1
1505477407,21352215,0.00005028,620.70167064,0
1505477405,21352193,0.00005001,912.99413680,1
1505477397,21352124,0.00005001,912.99413680,1
1505477392,21352073,0.00005002,291.51524429,1
1505477388,21352014,0.00005027,206.55936000,0
1505477387,21351998,0.00005000,291.51524429,1
1505477383,21351957,0.00005000,36.15399765,0
1505477381,21351937,0.00004981,957.08469055,1
1505477376,21351887,0.00005000,325.38597877,0
1505477373,21351865,0.00005000,13139.34805358,0
1505477373,21351858,0.00005000,10000.00000000,1
1505477373,21351854,0.00005015,1900.00000000,1
1505477373,21351851,0.00005028,1581.66580000,1
1505477372,21351835,0.00005023,1942.02338189,1
1505477370,21351806,0.00005075,3392.25581881,0
1505477370,21351804,0.00005069,1208.47736625,0
1505477369,21351800,0.00005069,1260.94252007,0
1505477365,21351753,0.00005029,5698.00075220,1
1505477357,21351640,0.00005022,1980.69393935,1
1505477354,21351600,0.00005032,3703.53393844,0
1505477347,21351496,0.00005026,1994.07094092,1
1505477341,21351460,0.00005027,2139.68557903,1
1505477327,21351336,0.00005022,2099.37058632,0
1505477315,21351252,0.00005069,36.92858551,0
1505477315,21351250,0.00005064,1234.92711310,1
1505477313,21351238,0.00005064,4735.99488130,0
1505477277,21350943,0.00005047,1964.86315501,1
1505477267,21350861,0.00005046,2151.89482462,1
1505477261,21350800,0.00005069,1093.50000000,0
1505477258,21350783,0.00005069,123.12252561,1
1505477252,21350725,0.00005069,2510.08204324,1
1505477251,21350719,0.00005069,185.28897446,1
1505477246,21350683,0.00005073,392.23846629,1
1505477246,21350681,0.00005073,1589.34330000,1
1505477246,21350673,0.00005076,1959.63158926,1
1505477238,21350636,0.00005069,1775.66645669,0
1505477102,21350267,0.00005125,1553.15726829,0
1505477083,21350187,0.00005092,2191.30000000,1
1505477076,21350176,0.00005103,1587.55653537,1
1505477071,21350161,0.00005098,1587.55653537,1
1505477049,21350110,0.00005129,590.27978163,0
1505476981,21349905,0.00005125,973.17678049,0
1505476951,21349852,0.00005085,892.97632429,0
1505476922,21349794,0.00005085,249.18387000,0
1505476914,21349778,0.00005085,98.32841692,1
1505476907,21349762,0.00005087,499.00000000,1
1505476899,21349743,0.00005084,285.55420689,1
1505476863,21349607,0.00005086,1599.58180000,1
1505476862,21349604,0.00005086,558.24356200,1
1505476821,21349505,0.00005100,98.20178000,1
1505476784,21349317,0.00005147,1764.37458713,0
1505476775,21349220,0.00005147,604.93141635,0
1505476774,21349218,0.00005146,1467.07887042,0
1505476772,21349215,0.00005145,1457.50000000,0
1505476644,21348857,0.00005147,715.47736545,0
1505476626,21348776,0.00005148,21.70195123,0
1505476626,21348773,0.00005086,2724.41019877,0
1505476595,21348610,0.00005086,510.02794060,0
1505476592,21348595,0.00005086,1960.49528301,0
1505476588,21348580,0.00005086,4085.85423000,0
1505476582,21348538,0.00005086,719.21234762,0
1505476580,21348523,0.00005070,978.60681102,0
1505476537,21348403,0.00005070,488.47205940,0
1505476360,21347898,0.00005072,1323.13446372,0
1505476348,21347861,0.00005072,328.45322310,0
1505476347,21347860,0.00005024,80.50000000,0
1505476347,21347859,0.00005008,1606.46460000,0
1505476347,21347858,0.00005008,4079.15244391,0
1505476347,21347857,0.00005007,11924.36659299,0
1505476339,21347825,0.00005004,8899.74400000,0
1505476268,21347552,0.00004995,460.80000000,1
1505476196,21347302,0.00004969,418.48153760,0
1505476196,21347301,0.00004969,594.14610053,0
1505476027,21346536,0.00004952,1959.85862900,0
1505476000,21346352,0.00004943,727.50070807,0
1505475984,21346269,0.00004950,1616.36181818,0
1505475965,21346164,0.00004959,198.66419100,1
1505475958,21346137,0.00004932,9068.18181777,1
1505475958,21346136,0.00004934,323.46980138,1
1505475958,21346135,0.00004935,357.90464285,1
1505475936,21346023,0.00004964,354.60000000,1
1505475927,21345962,0.00004950,929.43626998,1
1505475926,21345960,0.00004968,162.03977100,1
1505475914,21345851,0.00004950,6659.35761200,1
1505475912,21345834,0.00004950,270.29702711,1
1505475912,21345833,0.00004951,1000.00000000,1
1505475912,21345832,0.00004952,3769.70297189,1
1505475909,21345801,0.00004969,594.14612400,1
1505475891,21345662,0.00004951,1108.14000000,1
1505475891,21345661,0.00004952,100.00000000,1
1505475891,21345659,0.00004957,14086.14081097,1
1505475891,21345657,0.00004963,2467.00000000,1
1505475891,21345653,0.00004965,1665.00740000,1
1505475871,21345563,0.00005004,1335.58972822,0
1505475843,21345394,0.00004980,1624.36180000,1
1505475836,21345346,0.00004981,2206.17046000,1
1505475822,21345292,0.00004999,729.53490698,1
1505475807,21345225,0.00005001,37202.06678664,0
1505475805,21345215,0.00004985,1748.25140000,0
1505475756,21345024,0.00004990,1197.47899159,0
1505475667,21344765,0.00005000,2000.00000000,0
1505475632,21344624,0.00005002,1611.90200055,0
1505475620,21344565,0.00005003,611.73715770,0
1505475613,21344548,0.00005003,72954.82600000,0
1505475611,21344543,0.00005003,4250.58964621,0
1505475590,21344464,0.00005003,670.96346500,0
1505475588,21344457,0.00005003,262.68410000,0
1505475581,21344427,0.00005003,3969.20615900,0
1505475579,21344420,0.00005003,1536.83554700,0
1505475578,21344417,0.00005003,34099.66082500,0
1505475573,21344398,0.00005024,80.50000000,1
1505475506,21344228,0.00005013,1649.15143812,1
1505475435,21344063,0.00005010,1583.41000000,1
1505475412,21344001,0.00004999,3495.89321000,1
1505475370,21343862,0.00004996,321.12431146,1
1505475351,21343787,0.00004956,4067.77912000,1
1505475351,21343784,0.00004991,2132.60000000,1
1505475351,21343781,0.00005003,1631.49520000,1
1505475326,21343607,0.00005010,1.14560000,1
1505475326,21343605,0.00005017,1640.55440000,1
1505475302,21343519,0.00005008,40.50000000,1
1505475282,21343460,0.00005054,998.25979422,1
1505475212,21343282,0.00005043,4742.66012294,0
1505475210,21343275,0.00005009,2596.31964261,0
1505475138,21343035,0.00005010,9791.44227900,0
1505475135,21343031,0.00005068,16928.82912391,0
1505475135,21343030,0.00005011,1660.51300000,0
1505475135,21343029,0.00005010,4093.36794354,0
1505475135,21343028,0.00005010,2016.12903226,0
1505475133,21343023,0.00005009,5444.65201217,0
1505475060,21342621,0.00005008,4095.00000000,0
1505475059,21342613,0.00004954,47603.21694339,1
