date,tid,price,amount,type
1505520019,21517258,0.15679,1436.09000000,0
1505520019,21517257,0.15629,71.00000000,0
1505520008,21517245,0.15629,432.00000000,0
1505519907,21517160,0.15528,911.57955000,1
1505519851,21517125,0.15662,1540.85962483,1
1505519834,21517103,0.15661,2358.10410300,0
1505519834,21517102,0.15661,2070.68261400,0
1505519834,21517101,0.15661,2001.22426900,0
1505519811,21517079,0.15670,557.10000000,1
1505519784,21517032,0.15684,623.35400000,1
1505519624,21516963,0.15654,1728.21000000,1
1505519622,21516960,0.15653,2636.05600000,0
1505519620,21516959,0.15653,1.21140000,0
1505519620,21516958,0.15633,1726.99860000,0
1505519559,21516889,0.15633,1602.92000000,0
1505519492,21516810,0.15642,926.68200000,0
1505518889,21516275,0.15468,700.00000000,0
1505518867,21516260,0.15464,504.64814401,1
1505518867,21516259,0.15489,495.35185599,1
1505518849,21516255,0.15489,0.00005485,0
1505518848,21516252,0.15489,494.99994515,0
1505518545,21516038,0.15716,826.10078900,1
1505518526,21515988,0.15721,673.51898734,1
1505518526,21515987,0.15721,450.00000000,0
1505518467,21515837,0.15638,2727.59547478,0
1505518467,21515836,0.15500,11.80837022,0
1505518403,21515756,0.15500,466.00000000,0
1505518370,21515735,0.15500,643.00000000,1
1505518370,21515734,0.15500,881.83732225,1
1505518113,21515325,0.15500,118.16267775,1
1505518113,21515324,0.15500,51.55922225,1
1505518113,21515323,0.15500,73.10000000,0
1505518113,21515322,0.15500,700.00000000,0
1505518112,21515319,0.15541,14037.50041000,1
1505518112,21515318,0.15542,1878.23091000,1
1505518090,21515298,0.15500,700.00000000,1
1505518090,21515297,0.15500,60.00000000,1
1505518089,21515296,0.15500,5150.00000000,1
1505518089,21515295,0.15500,800.00000000,1
1505518089,21515292,0.15535,450.00000000,1
1505518089,21515291,0.15600,1868.04282944,1
1505518081,21515267,0.15600,3131.95717056,1
1505518080,21515265,0.15601,5611.66662944,1
1505518080,21515264,0.15601,3131.95717056,1
1505518080,21515263,0.15619,1204.74810644,1
1505518073,21515249,0.15620,3709.35804200,1
1505518073,21515247,0.15620,3170.72606300,1
1505518065,21515234,0.15620,4000.00000000,1
1505518045,21515192,0.15621,849.15000000,1
1505517996,21514888,0.15684,99.50000000,0
1505517955,21514709,0.15689,2694.96854400,0
1505517937,21514660,0.15693,4065.96315700,0
1505517931,21514644,0.15630,35.00000000,1
1505517899,21514617,0.15694,2789.49189200,1
1505517897,21514608,0.15694,3318.95677700,0
1505517885,21514573,0.15690,1364.28221200,0
1505517851,21514537,0.15690,678.12031200,0
1505517850,21514533,0.15690,1743.43500000,0
1505517817,21514485,0.15699,1783.44649000,0
1505517814,21514477,0.15698,1300.00000000,0
1505517813,21514476,0.15697,3442.70751000,0
1505517746,21514291,0.15677,1031.75160600,0
1505517730,21514233,0.15677,171.27842500,0
1505517699,21514137,0.15620,2500.99999500,1
1505517613,21513807,0.15650,726.35820000,0
1505517613,21513806,0.15635,495.00000000,0
1505517605,21513775,0.15620,90.42000000,1
1505517600,21513752,0.15620,494.99999000,1
1505517589,21513715,0.15681,4575.94447000,0
1505517584,21513695,0.15680,1272.32933673,0
1505517542,21513465,0.15621,22566.40623100,1
1505517519,21513408,0.15621,700.00000000,1
1505517505,21513380,0.15621,465.22000000,1
1505517265,21513063,0.15699,6578.57936800,1
1505517264,21513061,0.15699,1912.27251800,1
1505517243,21513036,0.15699,500.00000000,1
1505517221,21513013,0.15699,4905.37045400,1
1505517221,21513011,0.15700,3582.43015000,1
1505517213,21512988,0.15700,367.56985000,1
1505517213,21512987,0.15700,332.43015000,1
1505517208,21512973,0.15700,192.00000000,1
1505517201,21512963,0.15700,475.56985000,1
1505517201,21512962,0.15700,2247.00000000,1
1505517198,21512955,0.15721,0.31477995,1
1505517150,21512795,0.15721,449.68522005,1
1505517150,21512793,0.15750,0.00000029,1
1505517084,21512591,0.15750,4936.67400400,1
1505517043,21512501,0.15750,700.00000000,1
1505517027,21512431,0.15750,6473.20000000,1
1505517027,21512430,0.15751,3526.80000000,1
1505517021,21512380,0.15750,5690.12599571,1
1505517021,21512379,0.15750,9.87400429,1
1505517016,21512372,0.15750,340.12599571,1
1505517016,21512370,0.15778,0.00000029,1
1505516973,21512303,0.15778,4234.43138500,1
1505516958,21512280,0.15778,192.00000000,1
1505516955,21512272,0.15778,1410.27810000,1
1505516948,21512257,0.15778,2153.22542300,1
1505516946,21512256,0.15778,578.23350000,1
1505516946,21512255,0.15778,5258.47592171,1
1505516946,21512254,0.15800,0.00006329,1
1505516929,21512174,0.15800,1199.99993671,1
1505516929,21512172,0.15801,10075.05843158,1
1505516928,21512171,0.15802,0.00004574,1
1505516928,21512167,0.15802,18131.72111126,1
1505516890,21512021,0.15802,1868.27884300,1
1505516889,21512020,0.15802,3300.83735100,1
1505516889,21512017,0.15802,3868.36957900,1
1505516889,21512013,0.15803,1853.91862000,1
1505516889,21512011,0.15803,3652.87238000,1
1505516889,21512008,0.15803,588.12452000,1
1505516888,21512006,0.15804,1853.91862000,1
1505516831,21511896,0.15806,5768.03201887,1
1505516831,21511895,0.15810,983.80893813,1
1505516816,21511868,0.15810,1746.81345187,1
1505516714,21511718,0.15814,743.52434356,1
1505516706,21511707,0.15813,2145.27138400,1
1505516703,21511703,0.15814,3510.47087800,1
1505516702,21511702,0.15813,1400.83478200,1
1505516682,21511678,0.15803,3994.83642000,1
1505516682,21511676,0.15802,3691.42416200,1
1505516682,21511673,0.15802,3590.61449100,1
1505516681,21511671,0.15802,2690.66225200,1
1505516681,21511670,0.15802,2858.09216500,1
1505516680,21511658,0.15803,949.23204637,1
1505516679,21511657,0.15803,797.92922593,1
1505516623,21511583,0.15813,3705.13330000,0
1505516622,21511582,0.15813,319.50000000,0
1505516614,21511570,0.15803,9202.07077407,1
1505516614,21511569,0.15809,697.92922593,1
1505516608,21511567,0.15809,829.77290000,1
1505516564,21511514,0.15950,465.22502000,0
1505516526,21511469,0.15850,0.00000415,1
1505516524,21511463,0.15850,310.51549585,1
1505516524,21511460,0.15861,311.43574415,1
1505516523,21511458,0.15858,328.56425585,0
1505516522,21511457,0.15858,3180.13574415,1
1505516514,21511446,0.15858,821.14754600,1
1505516497,21511399,0.15859,1967.27706200,1
1505516497,21511397,0.15860,1516.64707000,1
1505516400,21511244,0.15860,494.85293000,1
1505516259,21511069,0.15954,1062.90616773,0
1505516247,21511052,0.15957,216.76988000,0
1505516247,21511051,0.15955,15971.78334000,0
1505516193,21510960,0.15859,7995.44495257,1
1505516193,21510959,0.15860,1279.54610000,1
1505516192,21510956,0.15937,92.00894743,1
1505516176,21510904,0.15940,3700.09383000,0
1505516175,21510899,0.15940,3966.87170000,0
1505516073,21510767,0.15928,144.19005000,0
1505516073,21510762,0.15928,334.37190000,0
1505516060,21510741,0.15950,943.52600000,0
1505516052,21510703,0.15928,3404.15686800,1
1505516031,21510651,0.15929,772.87600000,0
1505516030,21510646,0.15929,971.48800000,0
1505516023,21510607,0.15930,971.42700000,0
1505515913,21510477,0.15858,3304.95399050,1
1505515821,21510446,0.15917,541.16998400,0
1505515747,21510407,0.15930,330.87300000,0
1505515678,21510318,0.15861,1668.29319140,1
1505515677,21510310,0.15861,1620.65798714,1
1505515387,21510061,0.15921,626.53489102,0
1505515322,21510010,0.15876,56.61217000,0
1505515288,21509977,0.15860,0.00000556,0
1505515288,21509975,0.15860,500.08429200,0
1505515284,21509967,0.15860,2375.22068100,0
1505515200,21509857,0.15860,202.99018000,1
1505515200,21509856,0.15861,879.54983000,1
1505515016,21509737,0.15862,700.00000000,1
1505515012,21509731,0.15966,868.42891144,0
1505514970,21509682,0.15977,271.71168799,1
1505514968,21509677,0.15977,191.00000000,1
1505514963,21509670,0.15935,3922.88140000,0
1505514958,21509658,0.15924,3481.57776558,0
1505514958,21509655,0.15924,257.33685242,0
1505514957,21509650,0.15923,1600.05377000,1
1505514948,21509619,0.15923,1662.07861862,0
1505514909,21509569,0.15909,2000.00000000,0
1505514868,21509500,0.15913,420.37200000,0
1505514685,21509212,0.15859,470.67000000,1
1505514663,21509163,0.15858,6450.65476935,1
1505514663,21509162,0.15859,3195.82923000,1
1505514662,21509161,0.15910,450.00000000,1
1505514662,21509160,0.15922,179.76224465,1
1505514657,21509153,0.15923,40.45025070,1
1505514653,21509144,0.15923,179.76224000,1
1505514647,21509129,0.15923,1779.63047546,0
1505514643,21509123,0.15922,1308.30510000,1
1505514627,21509080,0.15922,1205.02756000,1
1505514609,21509005,0.15922,1488.06734500,1
1505514608,21508998,0.15922,8690.00446600,1
1505514606,21508990,0.15922,2693.09490500,1
1505514601,21508965,0.15922,4435.73837935,1
1505514601,21508963,0.15923,3539.27862065,1
1505514599,21508952,0.15923,3520.81780900,1
1505514598,21508949,0.15923,2001.40000000,1
1505514598,21508948,0.15923,4859.59250000,1
1505514573,21508903,0.15924,1994.97017000,0
1505514560,21508858,0.15923,1796.86838848,1
1505514551,21508805,0.15923,163.89064965,1
1505514540,21508785,0.15923,2226.31438800,1
1505514539,21508782,0.15923,164.28450440,1
1505514530,21508730,0.15923,155.61815660,1
1505514529,21508725,0.15923,1571.93498322,1
1505514529,21508723,0.15923,678.91653590,1
1505514528,21508716,0.15923,2294.18639704,1
1505514524,21508687,0.15923,160.91136698,1
1505514523,21508670,0.15923,2251.99107231,1
1505514519,21508643,0.15923,154.46463788,1
1505514517,21508633,0.15923,1873.05357031,1
1505514516,21508626,0.15923,1876.58359626,1
1505514512,21508596,0.15923,154.64483476,1
1505514511,21508591,0.15923,2249.08710155,1
1505514510,21508582,0.15923,645.29300000,1
1505514506,21508563,0.15923,155.77635303,1
1505514504,21508548,0.15923,2247.50888338,1
1505514498,21508517,0.15923,2245.93066520,1
1505514494,21508496,0.15923,344.49902657,1
1505514493,21508491,0.15923,2667.15295883,1
1505514491,21508478,0.15930,1.16678144,1
1505514491,21508476,0.15930,1666.82292352,1
1505514486,21508440,0.15942,1820.88119716,1
1505514485,21508437,0.15941,542.09885000,0
1505514483,21508424,0.15940,2677.77157264,1
1505514483,21508422,0.15941,2663.05740000,1
1505514476,21508375,0.16026,644.84200000,0
1505514451,21508273,0.15936,1331.73010000,0
1505514443,21508242,0.15935,983.74654225,1
1505514443,21508239,0.15935,662.85920711,1
1505514442,21508234,0.15935,1193.75475240,1
1505514439,21508218,0.15934,1318.96786746,1
1505514438,21508214,0.15936,634.59560000,1
1505514435,21508197,0.15955,23.17760000,1
1505514417,21508080,0.15971,1841.55256814,1
1505514417,21508079,0.15971,414.74528833,1
1505514312,21507602,0.16014,2146.70680000,0
1505514286,21507492,0.16064,1294.69270000,0
1505514286,21507490,0.16062,1325.18774000,0
1505514269,21507448,0.16034,1850.30034327,1
1505514269,21507447,0.16034,111.09760000,1
1505514269,21507446,0.16034,1320.10729572,1
1505514269,21507445,0.16034,452.13753157,1
1505514252,21507426,0.16074,1190.50719357,0
1505514244,21507375,0.16035,452.13753157,0
1505514238,21507347,0.16034,866.84836843,0
1505514237,21507342,0.16034,452.13753157,0
1505514231,21507326,0.16033,746.33443155,1
1505514231,21507325,0.16033,276.30000000,1
1505514225,21507314,0.16033,276.30000000,1
1505514222,21507299,0.16034,2154.05193731,0
1505514221,21507295,0.16033,4.84343725,0
1505514220,21507282,0.16033,1293.78506275,0
1505514196,21507243,0.15955,23.17760000,1
1505514196,21507242,0.15955,46.35520000,1
1505514195,21507241,0.15955,46.35520000,1
1505514195,21507240,0.15955,46.35520000,1
1505514195,21507239,0.15955,46.35520000,1
1505514061,21507051,0.15990,1000.00000000,1
1505514024,21507025,0.16008,95.45998364,1
1505514022,21507024,0.16008,10000.00000000,1
1505514006,21507010,0.16008,1557.24974600,1
1505514004,21507008,0.16008,1908.42408612,1
1505514003,21507005,0.16008,1979.22651175,1
1505514000,21507003,0.16008,977.57372000,1
1505513908,21506796,0.16010,1983.21000000,0
1505513906,21506789,0.16010,357.87388967,0
1505513906,21506788,0.16010,462.44511033,0
1505513899,21506769,0.16010,1318.77419000,0
1505513898,21506766,0.16009,464.05722890,1
1505513887,21506734,0.16008,1237.83125070,1
1505513887,21506731,0.16009,2245.68552676,1
1505513880,21506682,0.16008,2244.23470179,1
1505513696,21506132,0.16091,743.88578523,0
1505513682,21506124,0.16115,448.05330000,1
1505513682,21506123,0.16115,2555.73270000,1
1505513681,21506119,0.16115,996.21400000,1
1505513540,21505957,0.16009,1617.86314700,1
1505513540,21505955,0.16010,344.78045300,1
1505513532,21505935,0.16010,2277.95547800,1
1505513510,21505894,0.16010,341.28716700,1
1505513480,21505840,0.16009,2816.00000000,1
1505513467,21505814,0.16035,1668.64210900,1
1505513466,21505813,0.16009,5050.90996705,1
1505513466,21505812,0.16013,99.48166995,1
1505513466,21505811,0.16030,623.00000000,1
1505513428,21505678,0.16032,2963.35078100,1
1505513421,21505672,0.16141,5725.87912768,1
1505513419,21505669,0.16043,3957.41500000,0
1505513416,21505666,0.16033,757.53479300,0
1505513411,21505631,0.16047,224.43945200,1
1505513407,21505613,0.16100,14.92396347,1
1505513407,21505610,0.16104,0.00000023,1
1505513399,21505564,0.16104,1176.99950300,1
1505513365,21505454,0.16100,1987.72172900,1
1505513360,21505438,0.16160,2639.03225900,1
1505513350,21505411,0.16160,233.51345500,1
1505513332,21505359,0.16160,6372.12422200,1
1505513332,21505358,0.16170,224.52417800,1
1505513329,21505350,0.16192,750.00000000,0
1505513324,21505340,0.16170,1644.49256200,1
1505513318,21505330,0.16170,130.98326000,1
1505513300,21505261,0.16160,9755.33006400,1
1505513221,21505154,0.16195,6345.27959247,0
1505513197,21505114,0.16195,3633.39870330,0
1505513063,21504925,0.16193,615.00000000,0
1505513047,21504904,0.16193,1783.08716013,0
1505512979,21504791,0.16199,128.66240302,0
1505512937,21504755,0.16200,852.13753157,0
1505512882,21504700,0.16229,614.64427876,0
1505512818,21504612,0.16222,800.33288127,0
1505512815,21504610,0.16175,200.42627512,0
1505512811,21504603,0.16128,1598.91108927,1
1505512811,21504602,0.16132,6645.50390073,1
1505512810,21504600,0.16140,1472.08501000,1
1505512755,21504532,0.16140,1378.20453000,0
1505512717,21504482,0.16140,846.70600991,0
1505512659,21504337,0.16130,7392.59450000,0
1505512572,21504245,0.16130,4642.71871000,0
1505512572,21504243,0.16129,420.82129000,0
1505512559,21504229,0.16097,62.76000000,1
1505512453,21504104,0.16127,743.10163080,1
1505512450,21504103,0.16128,1147.42694400,0
1505512450,21504102,0.16125,499.98569000,0
1505512431,21504081,0.16133,2147.68855800,0
1505512423,21504072,0.16063,0.00000167,0
1505512420,21504063,0.16063,4953.35197000,0
1505512363,21504033,0.16013,0.00000119,0
1505512363,21504032,0.16013,1044.37297000,0
1505512362,21504030,0.16013,4133.77282421,1
1505512339,21503983,0.16063,5046.64802833,0
1505512338,21503982,0.16063,370.59733867,0
1505512318,21503947,0.16036,946.36205000,1
1505512316,21503941,0.16063,279.44829733,0
1505512307,21503930,0.16063,7861.13236400,0
1505512307,21503929,0.16062,1248.96343000,0
1505512307,21503928,0.16062,6232.78793500,0
1505512304,21503923,0.16031,1280.88100000,1
1505512277,21503884,0.16062,189.32227400,0
1505512271,21503872,0.16062,650.00000000,0
1505512263,21503852,0.16021,1314.55894000,1
1505512261,21503849,0.16062,2853.91288900,0
1505512237,21503827,0.16062,73.97690200,0
1505512224,21503819,0.16010,1314.55894000,1
1505512188,21503761,0.16061,746.15528298,1
1505512188,21503760,0.16061,633.00865437,1
1505512188,21503759,0.16061,175.34698973,0
1505512183,21503753,0.16061,1720.37370027,1
1505512176,21503736,0.16061,155.30000000,0
1505512165,21503704,0.16000,216.91283987,1
1505512164,21503703,0.16003,2109.00000000,1
1505512157,21503652,0.16002,863.45480000,1
1505512146,21503598,0.16001,1000.00000000,1
1505512011,21503203,0.16061,1673.10000000,0
1505512003,21503134,0.16102,605.42429406,1
1505512003,21503132,0.16102,1419.54970800,1
1505512002,21503130,0.16102,4441.81128794,1
1505512002,21503128,0.16106,0.00009006,1
1505511989,21503079,0.16106,9696.20580994,1
1505511989,21503077,0.16106,9696.20590000,1
1505511976,21503035,0.16107,3342.39798600,1
1505511976,21503034,0.16108,7195.18111400,1
1505511976,21503032,0.16108,2279.05512600,1
1505511966,21502979,0.16109,2069.00000000,1
1505511966,21502976,0.16125,53.27751037,1
1505511965,21502974,0.16125,145.96538963,1
1505511965,21502972,0.16125,199.24290000,1
1505511965,21502971,0.16125,199.24290000,1
1505511965,21502968,0.16125,0.00002000,1
1505511964,21502967,0.16140,53.27747255,1
1505511964,21502964,0.16140,2690.46555143,1
1505511931,21502886,0.16140,73581.23266200,1
1505511885,21502731,0.16141,2458.22737000,1
1505511879,21502707,0.16215,873.80992908,0
1505511878,21502705,0.16142,1682.45930000,1
1505511873,21502693,0.16142,2253.57445500,1
1505511864,21502659,0.16223,2499.00000000,0
1505511739,21502493,0.16228,1000.00000000,1
1505511657,21502352,0.16200,1500.00000000,0
1505511657,21502349,0.16199,3919.39530000,0
1505511612,21502303,0.16167,1568.62284200,0
1505511612,21502301,0.16153,617.00000000,0
1505511600,21502281,0.16136,46.35515000,1
1505511576,21502257,0.16193,1046.96297000,0
1505511571,21502253,0.16196,359.51862500,0
1505511570,21502252,0.16194,2131.23028000,0
1505511403,21502039,0.16159,6620.73633463,0
1505511403,21502038,0.16159,1885.70901500,0
1505511375,21501992,0.16126,1301.44300000,1
1505511371,21501983,0.16159,5003.52548000,0
1505511354,21501949,0.16126,2367.71515000,0
1505511339,21501915,0.16126,2367.71515000,1
1505511326,21501901,0.16126,199.24290000,1
1505511316,21501889,0.16126,800.75710000,1
1505511316,21501888,0.16126,199.24290000,1
1505511305,21501868,0.16119,199.24288000,0
1505511299,21501790,0.16118,537.17930927,1
1505511299,21501789,0.16119,1870.30472073,1
1505511286,21501760,0.16117,2407.48403000,1
1505511265,21501707,0.16159,246.92122037,0
1505511259,21501675,0.16113,2367.71515000,1
1505511259,21501674,0.16157,3086.91656866,0
1505511257,21501673,0.16136,0.00000021,0
1505511246,21501660,0.16111,2367.71515000,1
1505511233,21501646,0.16110,2367.71515000,1
1505511220,21501628,0.16109,2367.71515000,1
1505511208,21501605,0.16109,3997.20000000,1
1505511207,21501596,0.16109,2154.35955000,1
1505511206,21501594,0.16109,213.35560000,1
1505511197,21501578,0.16109,0.00004000,0
1505511193,21501573,0.16108,2367.71516000,1
1505511191,21501567,0.16109,2444.38130000,0
1505511158,21501445,0.16107,190.00000000,1
1505511155,21501435,0.16110,5923.92010000,1
1505511152,21501417,0.16136,1651.77459200,0
1505511131,21501353,0.16101,2233.02780000,1
1505511130,21501350,0.16101,303.79410700,1
1505511129,21501347,0.16101,450.00000000,0
1505511129,21501346,0.16100,9246.20589300,0
1505511128,21501345,0.16097,1865.45160000,0
1505511128,21501344,0.16095,2432.31280000,0
1505511082,21501203,0.16016,1424.84614000,1
1505511058,21501142,0.16046,14740.23402900,0
1505511032,21501020,0.16077,1424.84614000,0
1505511022,21500963,0.16080,500.00000000,1
1505510993,21500870,0.16100,906.79410700,0
1505510993,21500869,0.16077,3576.76179000,0
1505510993,21500868,0.16028,1801.00000000,0
1505510981,21500833,0.16077,6736.32224200,0
1505510970,21500792,0.16077,3513.56029800,0
1505510798,21500148,0.16059,155.53074000,1
1505510785,21500108,0.16059,1679.27766000,1
1505510772,21500081,0.16059,1679.27766000,1
1505510759,21500034,0.16059,1679.27766000,1
1505510752,21500018,0.16059,336.85463000,1
1505510748,21500008,0.16059,2018.26314900,1
1505510748,21500007,0.16059,1569.75185500,1
1505510748,21500006,0.16059,3999.73651500,1
1505510746,21500002,0.16059,1414.49050000,1
1505510746,21500001,0.16056,1632.61980000,0
1505510739,21499970,0.15988,273.05800000,1
1505510720,21499916,0.15952,570.64484341,0
1505510675,21499693,0.15914,318.48400000,1
1505510653,21499584,0.15923,618.52571752,1
1505510568,21499203,0.15885,1255.17676972,1
1505510567,21499202,0.15900,0.00000338,1
1505510533,21499108,0.15912,168.98403721,0
1505510532,21499105,0.15905,227.60049000,0
1505510495,21498972,0.15906,3486.70000000,1
1505510461,21498863,0.15912,1482.51600000,1
1505510328,21498719,0.15986,205.91580133,0
1505510240,21498617,0.15900,574.38847000,1
1505510178,21498561,0.15908,708.81160000,1
1505510163,21498545,0.15911,708.67795597,0
1505510152,21498532,0.15913,676.61519000,1
1505510128,21498480,0.15914,320.00472611,0
1505510125,21498458,0.15910,320.00000000,1
1505510061,21498316,0.15914,2803.43222588,1
1505510059,21498314,0.15920,335.56777412,1
1505510058,21498313,0.15920,1901.93223000,0
1505510055,21498301,0.15914,1193.08014000,1
1505509986,21498156,0.16005,0.00000038,1
1505509980,21498124,0.16005,88.34544000,1
1505509976,21498113,0.16005,878.18216000,1
1505509973,21498106,0.16050,186.44971962,0
1505509971,21498094,0.16005,1965.53553900,1
1505509963,21498074,0.16005,948.72510000,1
1505509951,21498052,0.16005,966.52760000,1
1505509950,21498051,0.16005,2171.52500000,1
1505509948,21498045,0.16005,1000.00000000,1
1505509948,21498044,0.16005,796.68630000,1
1505509948,21498042,0.16005,1057.40300000,1
1505509929,21498014,0.16005,1194.02500000,1
1505509929,21498013,0.16005,10554.02210000,1
1505509929,21498012,0.16005,20160.21311900,1
1505509928,21498011,0.16005,837.28000000,1
1505509913,21497977,0.15903,385.19950000,1
1505509725,21497543,0.15920,432.57000000,1
1505509618,21497248,0.16028,4157.88486900,1
1505509616,21497241,0.16028,74.53277500,0
1505509610,21497224,0.16028,178.43115500,0
1505509610,21497222,0.16027,3372.34610000,0
1505509574,21497076,0.16037,1058.58757872,0
1505509572,21497066,0.15999,497.59899000,0
1505509558,21496992,0.16072,11059.45881035,0
1505509558,21496989,0.16060,500.00000000,0
1505509558,21496987,0.16060,101.96390000,1
1505509557,21496984,0.16009,1000.00000000,0
1505509557,21496980,0.16002,4660.12921388,0
1505509557,21496978,0.16002,509.81948000,1
1505509555,21496966,0.16000,818.63678244,0
1505509555,21496959,0.16000,497.50151756,0
1505509553,21496944,0.15999,125.88135000,0
1505509521,21496669,0.16000,14653.40869904,1
1505509518,21496643,0.16000,1120.05498000,1
1505509514,21496621,0.16000,1798.81191100,1
1505509514,21496618,0.16000,3090.07538400,1
1505509514,21496614,0.16000,190.00000000,1
1505509513,21496612,0.16000,998.89744400,1
1505509513,21496606,0.16000,3984.06370000,1
1505509512,21496603,0.16000,6585.34185600,1
1505509512,21496602,0.16000,1159.26163800,1
1505509512,21496601,0.16000,1431.53225900,1
1505509512,21496599,0.16000,10977.61901600,1
1505509512,21496597,0.16000,877.56517000,1
1505509512,21496596,0.16000,5417.84000000,1
1505509512,21496594,0.16000,2243.37677352,1
1505509511,21496583,0.16000,2781.64116800,1
1505509510,21496582,0.16000,3199.13385900,1
1505509510,21496579,0.16000,2672.57764500,1
1505509510,21496576,0.16000,6301.28343700,1
1505509510,21496574,0.16000,1238.67992800,1
1505509510,21496573,0.16000,787.17659000,1
1505509510,21496571,0.16000,382.95850000,1
1505509508,21496569,0.16000,6446.98043000,1
1505509508,21496568,0.16000,5851.32802100,1
1505509508,21496567,0.16000,3926.51100000,1
1505509508,21496565,0.16000,1601.47704900,1
1505509508,21496563,0.16000,1979.51250000,1
1505509507,21496552,0.16000,1364.13370457,1
1505509506,21496546,0.16000,1431.93143750,1
1505509505,21496536,0.16000,286.60876000,1
1505509504,21496533,0.16000,188.33217292,1
1505509504,21496531,0.16000,1433.04379000,1
1505509503,21496528,0.16000,10000.00000000,0
1505509503,21496525,0.16000,1000.00000000,0
1505509503,21496524,0.16000,58.60320123,0
1505509503,21496523,0.16000,20000.00000000,0
1505509503,21496521,0.15997,12281.54429500,0
1505509503,21496520,0.15950,3200.00000000,0
1505509502,21496519,0.15950,10000.00000000,0
1505509502,21496518,0.15944,286.60876000,0
1505509502,21496517,0.15916,5560.93711338,0
1505509502,21496516,0.15900,38484.03541784,0
1505509502,21496514,0.15899,1433.04379000,0
1505509502,21496513,0.15898,1294.06860000,0
1505509412,21496301,0.15809,1806.54030000,0
1505509404,21496282,0.15894,771.33786334,0
1505509404,21496280,0.15889,1304.50140000,0
1505509402,21496276,0.15816,279.67550161,0
1505509391,21496244,0.15816,1526.86479839,0
1505509360,21496065,0.15815,1747.92488000,1
1505509312,21495925,0.15805,1153.61518000,1
1505509300,21495885,0.15916,8405.56697662,0
1505509299,21495884,0.15915,181.28147000,0
1505509299,21495883,0.15913,906.40737000,0
1505509299,21495882,0.15911,9482.48909000,0
1505509298,21495880,0.15884,1329.82740000,1
1505509298,21495877,0.15884,4709.98544221,0
1505509294,21495872,0.15803,1142.64578000,1
1505509289,21495864,0.15802,1427.59344000,1
1505509283,21495848,0.15914,7969.39615600,0
1505509283,21495847,0.15910,450.00000000,0
1505509283,21495846,0.15900,1400.00000000,0
1505509283,21495845,0.15890,372.93634000,0
1505509282,21495844,0.15890,1864.68171000,0
1505509282,21495843,0.15805,522.36581000,0
1505509257,21495822,0.15805,468.07284188,0
1505509256,21495820,0.15805,1895.01067071,0
1505509253,21495818,0.15805,222.18593929,1
1505509253,21495816,0.15805,2042.18584955,1
1505509253,21495815,0.15805,522.36581045,1
1505509251,21495809,0.15805,2042.18584955,0
1505509250,21495808,0.15805,522.36581045,0
1505509238,21495795,0.15806,1111.76537500,0
1505509237,21495793,0.15806,1273.42197500,0
1505509237,21495792,0.15806,260.84865000,0
1505509237,21495791,0.15804,617.00000000,0
1505509175,21495671,0.15804,191.73245000,0
1505509174,21495670,0.15805,3808.26755000,1
1505509158,21495647,0.15803,2391.56526000,1
1505509109,21495611,0.15803,2201.62501000,1
1505509096,21495604,0.15807,225.67159000,1
1505509082,21495593,0.15805,492.63329000,1
1505509071,21495577,0.15816,281.40333539,1
1505509071,21495576,0.15816,281.54570800,1
1505509071,21495575,0.15816,659.23030661,1
1505509003,21495489,0.15816,660.17061334,0
1505508928,21495376,0.15817,190.41916400,0
1505508877,21495313,0.15817,333.18271696,0
1505508872,21495302,0.15817,333.18271696,0
1505508866,21495286,0.15817,333.18271696,0
1505508861,21495278,0.15817,333.16496369,0
1505508844,21495250,0.15815,246.94928428,1
1505508844,21495249,0.15817,1523.13232572,1
1505508831,21495216,0.15811,333.71036649,1
1505508830,21495215,0.15812,589.87823351,1
1505508817,21495198,0.15813,2853.14275000,1
1505508804,21495181,0.15808,2328.88188000,1
1505508779,21495129,0.15882,2542.00000000,1
1505508486,21494828,0.15898,359.74638319,0
1505508484,21494827,0.15895,895.43039000,0
1505508437,21494733,0.15880,1349.75454717,0
1505508379,21494567,0.15821,681.80727827,1
1505508378,21494558,0.15821,6645.50390073,0
1505508377,21494553,0.15819,719.17119100,0
1505508373,21494527,0.15822,6645.50390100,0
1505508231,21494035,0.15751,732.03231400,0
1505508218,21494024,0.15746,1317.95680000,0
1505508093,21493891,0.15771,2590.38720000,0
1505508084,21493874,0.15730,435.00000000,0
1505507972,21493720,0.15855,1226.82882371,0
1505507908,21493638,0.15748,614.69005927,1
1505507907,21493637,0.15749,3008.91841073,1
1505507894,21493610,0.15743,3636.58549000,1
1505507887,21493603,0.15888,99.76142711,0
1505507887,21493602,0.15888,1469.78791831,0
1505507881,21493590,0.15739,0.32137000,1
1505507881,21493589,0.15740,2528.85530000,1
1505507868,21493577,0.15733,3787.30138000,1
1505507855,21493566,0.15725,3791.03038000,1
1505507636,21493101,0.15720,597.91131670,1
1505507635,21493100,0.15720,875.96318283,1
1505507635,21493098,0.15720,0.00000047,1
1505507635,21493091,0.15720,1597.42790000,0
1505507634,21493088,0.15720,1173.71730953,0
1505507630,21493060,0.15719,115.50620268,0
1505507627,21493020,0.15719,227.74906144,1
1505507626,21493012,0.15719,482.81236870,0
1505507623,21492991,0.15719,798.15963200,0
1505507619,21492973,0.15719,507.66899930,0
1505507588,21492895,0.15720,1326.28269047,0
1505507578,21492860,0.15718,10127.63564066,0
1505507577,21492859,0.15717,1720.61429000,1
1505507577,21492858,0.15687,351.29418100,0
1505507576,21492857,0.15687,2115.86671900,0
1505507575,21492855,0.15625,0.00000394,0
1505507235,21492295,0.15625,1422.58849606,1
1505507229,21492287,0.15625,4451.96753000,1
1505507076,21491994,0.15625,1560.01049200,1
1505507024,21491855,0.15625,2565.43348194,1
1505507024,21491853,0.15625,10000.00000000,1
1505507024,21491851,0.15625,5104.19887472,1
1505506959,21491743,0.15666,906.00198000,1
1505506841,21491591,0.15666,951.96165800,0
1505506841,21491590,0.15646,435.00000000,0
1505506700,21491103,0.15625,1008.29705000,1
1505506700,21491102,0.15625,3887.50407528,1
1505506700,21491101,0.15626,723.33633000,1
1505506700,21491099,0.15627,1008.29704972,1
1505506612,21490809,0.15679,2361.55572700,0
1505506612,21490807,0.15666,435.00000000,0
1505506605,21490777,0.15652,1339.17250000,1
1505506576,21490694,0.15639,722.78128000,1
1505506563,21490664,0.15637,722.82750000,0
1505506549,21490647,0.15640,722.82750000,1
1505506536,21490628,0.15639,1097.17686000,1
1505506521,21490602,0.15710,1312.93218776,0
1505506520,21490595,0.15708,1813.05141500,0
1505506502,21490479,0.15626,3556.30000000,1
1505506498,21490457,0.15620,55184.20278886,0
1505506497,21490455,0.15620,3123.25606000,0
1505506497,21490454,0.15620,14524.08891600,0
1505506497,21490453,0.15619,1440.49495000,0
1505506497,21490451,0.15619,1915.61490000,0
1505506495,21490445,0.15618,1284.31805789,0
1505506480,21490424,0.15619,80.32614600,0
1505506475,21490403,0.15619,443.62015900,0
1505506472,21490392,0.15619,64.31198000,0
1505506471,21490382,0.15619,1453.63200000,0
1505506471,21490381,0.15619,1219.90011100,0
1505506454,21490317,0.15620,1371.69619700,0
1505506454,21490316,0.15619,1140.90564300,0
1505506451,21490304,0.15619,2451.40113000,0
1505506442,21490261,0.15619,1008.75460700,0
1505506436,21490240,0.15620,1160.92900000,0
1505506436,21490239,0.15620,1252.93100000,0
1505506435,21490236,0.15620,13636.56896431,1
1505506435,21490234,0.15621,7390.97567000,1
1505506434,21490233,0.15629,700.00000000,1
1505506434,21490232,0.15633,1655.35140383,1
1505506430,21490205,0.15721,80.43013000,0
1505506272,21489818,0.15664,1957.40966800,0
1505506271,21489817,0.15664,1585.02615200,0
1505506270,21489815,0.15664,6979.70089000,0
1505506270,21489814,0.15664,1759.86329000,1
1505506249,21489763,0.15660,6129.39873550,1
1505506060,21489394,0.15629,102.71298090,1
1505505899,21489123,0.15769,481.12530513,0
1505505899,21489121,0.15765,439.10085487,0
1505505853,21489015,0.15794,1263.14575155,0
1505505852,21489013,0.15624,1999.99999986,1
1505505833,21488948,0.15620,329.93512569,1
1505505833,21488947,0.15620,10000.00000000,0
1505505832,21488943,0.15646,1570.84674000,1
1505505832,21488940,0.15646,7858.87120000,1
1505505832,21488937,0.15647,3556.30000000,1
1505505832,21488935,0.15647,1740.43104900,0
1505505831,21488930,0.15655,1228.45439131,0
1505505831,21488929,0.15655,1957.31770700,0
1505505831,21488927,0.15655,8009.01241800,0
1505505831,21488926,0.15655,2112.25200000,0
1505505830,21488924,0.15655,1484.85100000,0
1505505830,21488923,0.15655,16752.12069000,0
1505505830,21488921,0.15655,2936.01967900,0
1505505830,21488919,0.15655,3101.58800000,0
1505505828,21488910,0.15660,637.00000000,1
1505505707,21488494,0.15721,450.00000000,1
1505505707,21488492,0.15750,85.00000000,1
1505505706,21488489,0.15757,352.58270000,1
1505505706,21488486,0.15758,6912.32900000,1
1505505706,21488481,0.15801,32.31000000,1
1505505705,21488471,0.15814,1377.18026000,1
1505505681,21488372,0.15812,5000.00000000,1
1505505658,21488256,0.15809,1197.79465200,0
1505505658,21488253,0.15809,4888.38947800,0
1505505657,21488247,0.15808,1273.58553000,1
1505505657,21488245,0.15809,6367.46410000,1
1505505657,21488240,0.15809,1790.21315100,1
1505505657,21488238,0.15809,1730.08684900,1
1505505648,21488212,0.15900,125.47245283,0
1505505643,21488201,0.15900,372.21288000,1
1505505642,21488195,0.15900,104.99999500,1
1505505587,21487892,0.15994,62.36751282,0
1505505552,21487769,0.15900,7637.32520400,1
1505505552,21487766,0.15960,1127.78501430,0
1505505551,21487765,0.15900,3000.00000000,1
1505505551,21487762,0.15960,232.39348370,0
1505505540,21487687,0.15900,1000.00000000,1
1505505539,21487686,0.15962,624.92557324,0
1505505535,21487682,0.15900,1885.46192100,1
1505505368,21487172,0.15900,1188.09735849,0
1505505298,21486950,0.15915,580.62074928,1
1505505256,21486828,0.15984,0.52534127,1
1505505256,21486824,0.15984,750.42913873,1
1505505252,21486809,0.15984,1249.04552000,0
1505505198,21486640,0.15915,109.89931000,1
1505505186,21486593,0.15915,614.49718554,1
1505505186,21486592,0.15940,64.50981446,1
1505505151,21486429,0.15940,1611.02715254,1
1505505151,21486423,0.15940,1305.01724500,1
1505505070,21485883,0.15940,40.00000000,1
1505505068,21485866,0.15990,0.00000156,1
1505505067,21485863,0.15990,1439.61052000,1
1505505067,21485861,0.15990,700.00000000,1
1505505034,21485738,0.15993,311.85712499,0
1505505011,21485686,0.15995,995.32159300,1
1505505011,21485685,0.15996,692.86183000,1
1505505002,21485629,0.15997,1614.67804500,0
1505505002,21485626,0.15996,692.86183000,0
1505504987,21485577,0.15990,1437.55720930,1
1505504987,21485576,0.15995,389.31882970,1
1505504986,21485568,0.15995,1412.44967030,0
1505504985,21485566,0.15995,389.31882970,0
1505504985,21485562,0.15990,1191.63361029,0
1505504985,21485561,0.15990,1882.27328768,0
1505504983,21485550,0.15990,994.89444318,0
1505504978,21485513,0.15990,1306.69168230,0
1505504954,21485400,0.15990,1241.95527171,0
1505504952,21485393,0.15990,1583.29474580,0
1505504951,21485382,0.15990,102.07079424,0
1505504951,21485379,0.15990,1697.18616480,0
1505504857,21484869,0.15987,2227.92622133,0
1505504853,21484859,0.15987,468.38808003,0
1505504853,21484857,0.15987,155.74702975,0
1505504814,21484714,0.15940,702.45008800,1
1505504799,21484650,0.15940,2076.99570000,1
1505504759,21484497,0.15940,200.00000000,1
1505504668,21484337,0.15916,1324.94110000,0
1505504668,21484335,0.15916,4088.51778862,0
1505504658,21484318,0.15916,626.73171651,0
1505504651,21484299,0.15916,1304.94780701,0
1505504650,21484296,0.15916,3760.36692636,0
1505504642,21484258,0.15916,2052.84400000,0
1505504642,21484257,0.15915,1305.86550000,0
1505504528,21484034,0.15848,50.00000000,1
1505504505,21483960,0.15916,1756.79819050,0
1505504505,21483954,0.15916,376.29766100,0
1505504499,21483930,0.15914,1316.49530000,0
1505504469,21483824,0.15909,1297.50524579,0
1505504465,21483808,0.15909,1179.61191000,0
1505504460,21483795,0.15911,1297.35445536,0
1505504404,21483660,0.15915,1577.70618912,0
1505504404,21483657,0.15910,450.00000000,0
1505504404,21483655,0.15899,33.00000000,0
1505504403,21483653,0.15898,1074.47161600,0
1505504346,21483560,0.15898,248.19728400,0
1505504295,21483439,0.15885,2109.27384485,0
1505504295,21483438,0.15836,3661.93835515,0
1505504289,21483417,0.15835,1273.14950000,0
1505504272,21483368,0.15835,40.00000000,0
1505504258,21483317,0.15836,2056.97665300,0
1505504255,21483314,0.15836,2197.43564700,0
1505504253,21483300,0.15836,1408.52271000,0
1505504251,21483281,0.15836,3514.15407931,0
1505504250,21483278,0.15835,1479.06678000,1
1505504250,21483271,0.15835,1306.56190000,0
1505504237,21483241,0.15835,733.33703300,0
1505504212,21483138,0.15800,184.39879000,1
1505504207,21483119,0.15800,305.35491000,1
1505504197,21483102,0.15800,510.24629986,1
1505504197,21483098,0.15800,71.04568014,1
1505504169,21483013,0.15836,568.57513781,0
1505504169,21483009,0.15836,1321.10660000,1
1505504158,21482969,0.15800,429.50746000,1
1505504151,21482953,0.15836,629.89782773,0
1505504142,21482921,0.15800,0.00000013,0
1505504140,21482914,0.15800,499.87822000,0
1505504117,21482814,0.15800,658.20894487,0
1505504106,21482786,0.15789,91.17735000,1
1505504105,21482777,0.15800,200.18183500,0
1505504104,21482775,0.15800,1103.24490596,0
1505504096,21482726,0.15789,3000.00000000,0
1505504096,21482724,0.15759,574.70525000,0
1505504092,21482709,0.15786,545.12828433,0
1505504088,21482686,0.15787,792.29717114,0
1505504088,21482683,0.15757,544.14552886,0
1505504088,21482681,0.15757,1114.34458800,0
1505504088,21482680,0.15757,56.85542531,0
1505504087,21482678,0.15757,1828.79998669,0
1505504087,21482675,0.15757,2461.51390600,0
1505504087,21482671,0.15757,352.58555934,0
1505504085,21482656,0.15757,1899.34632800,0
1505504081,21482646,0.15757,352.58443212,0
1505504080,21482638,0.15750,422.95821000,1
1505504076,21482631,0.15757,2717.71940792,0
1505504068,21482618,0.15750,352.58270000,1
1505504054,21482587,0.15750,252.32684000,1
1505504053,21482584,0.15757,200.63475348,0
1505504049,21482574,0.15757,186.81562645,0
1505504049,21482571,0.15757,8.47851279,0
1505504035,21482538,0.15757,2555.88403200,0
1505504034,21482535,0.15757,945.95770100,0
1505504034,21482534,0.15757,1318.52420000,0
1505504026,21482502,0.15750,252.32684000,1
1505504013,21482458,0.15750,252.32684000,1
1505503999,21482435,0.15750,252.32684000,1
1505503992,21482425,0.15757,985.00959634,0
1505503992,21482424,0.15756,14.99040366,0
1505503986,21482418,0.15750,67.98286000,1
1505503986,21482414,0.15756,63.30959634,0
1505503960,21482334,0.15750,144.68564000,1
1505503960,21482332,0.15756,78.30000000,1
1505503952,21482312,0.15757,223.47717000,0
1505503945,21482296,0.15757,1266.11182332,0
1505503936,21482276,0.15750,222.98564000,1
1505503930,21482263,0.15757,2696.55696455,0
1505503930,21482262,0.15757,612.44303545,0
1505503930,21482260,0.15750,185.88333000,1
1505503916,21482229,0.15756,300.00000000,0
1505503907,21482208,0.15756,253.66666700,0
1505503890,21482189,0.15756,842.03845909,0
1505503840,21482122,0.15757,2523.91193700,0
1505503823,21482106,0.15756,1161.53673019,0
1505503820,21482094,0.15756,172.90076981,0
1505503770,21482043,0.15757,6863.64502755,0
1505503770,21482042,0.15757,1271.13736700,0
1505503770,21482041,0.15757,49.97942559,0
1505503770,21482039,0.15755,1311.24360000,1
1505503768,21482036,0.15757,1292.32707641,0
1505503768,21482035,0.15757,3919.50231300,0
1505503768,21482034,0.15757,908.40700000,0
1505503767,21482033,0.15757,1852.02903189,0
1505503767,21482032,0.15757,1787.43655270,0
1505503767,21482031,0.15755,43.71729000,0
1505503750,21482009,0.15750,177.19548000,1
1505503742,21481998,0.15755,210.52929000,0
1505503737,21481992,0.15750,210.52929000,1
1505503723,21481983,0.15750,210.52929000,1
1505503710,21481972,0.15750,250.13381000,1
1505503697,21481954,0.15750,250.13381000,1
1505503684,21481933,0.15750,297.18868000,1
1505503680,21481927,0.15756,76.97523000,0
1505503670,21481913,0.15750,312.55294000,1
1505503657,21481889,0.15750,371.35003000,1
1505503650,21481882,0.15757,385.65440730,0
1505503650,21481881,0.15757,315.48026300,0
1505503648,21481877,0.15756,391.80168000,0
1505503648,21481876,0.15756,173.21130000,0
1505503644,21481872,0.15750,49.05289000,1
1505503644,21481871,0.15750,1002.19486860,1
1505503631,21481854,0.15750,407.22628000,1
1505503617,21481809,0.15756,92.93793000,1
1505503617,21481808,0.15756,80.23351973,1
1505503613,21481792,0.15757,78.71156700,0
1505503611,21481783,0.15756,574.69067000,0
1505503611,21481782,0.15756,1811.65184750,0
1505503559,21481656,0.15756,207.73384000,0
1505503556,21481648,0.15756,958.91100000,0
1505503556,21481647,0.15755,531.34500000,0
1505503549,21481635,0.15756,3731.69901000,0
1505503548,21481634,0.15755,631.30099000,0
1505503503,21481498,0.15756,1264.42194600,0
1505503492,21481469,0.15750,4005.01220000,1
1505503491,21481464,0.15756,4365.00000000,0
1505503489,21481453,0.15756,1768.89210650,0
1505503489,21481451,0.15751,3033.17789350,0
1505503471,21481422,0.15750,138.96090000,0
1505503450,21481387,0.15751,633.29706050,0
1505503450,21481386,0.15751,1135.59504600,0
1505503450,21481385,0.15750,448.95221000,0
1505503445,21481378,0.15750,327.24954000,1
1505503439,21481363,0.15750,1672.75046000,1
1505503438,21481362,0.15744,1000.00000000,0
1505503438,21481361,0.15735,3127.18877060,1
1505503437,21481359,0.15740,2844.31874400,0
1505503436,21481358,0.15740,1423.34550000,1
1505503430,21481351,0.15741,6062.65200000,1
1505503428,21481345,0.15743,6076.08303700,0
1505503387,21481243,0.15741,2048.36103600,0
1505503219,21480934,0.15738,362.95011000,0
1505503219,21480933,0.15737,1316.80510000,0
1505503198,21480865,0.15721,291.37364035,0
1505503189,21480854,0.15721,158.62635965,0
1505503142,21480710,0.15700,555.90035000,1
1505503138,21480698,0.15700,1222.04983000,1
1505503125,21480667,0.15700,1222.04982000,1
1505503032,21480543,0.15720,978.85587800,0
1505503032,21480542,0.15708,33.00000000,0
1505503019,21480522,0.15707,133.69234035,0
1505503019,21480520,0.15698,1689.82797765,0
1505503019,21480519,0.15685,1332.92950000,0
1505503005,21480499,0.15686,364.13049853,0
1505502961,21480393,0.15689,826.81240900,0
1505502953,21480358,0.15689,147.31340429,0
1505502918,21480209,0.15687,1024.07452030,0
1505502877,21480017,0.15656,987.56681145,0
1505502873,21479995,0.15698,1930.91545005,1
1505502872,21479988,0.15698,1691.01091000,0
1505502786,21479847,0.15649,48.11814301,0
1505502776,21479784,0.15653,49.04804191,0
1505502776,21479783,0.15653,2500.00000000,0
1505502752,21479730,0.15585,639.97433000,1
1505502735,21479705,0.15663,1000.00000000,0
1505502568,21479428,0.15711,252.69390873,0
1505502560,21479419,0.15603,1203.07031000,1
1505502547,21479396,0.15602,1330.73660000,1
1505502541,21479375,0.15600,165.36995292,1
1505502505,21479260,0.15604,344.35758542,0
1505502500,21479243,0.15604,1516.62256107,0
1505502443,21479064,0.15604,1462.96163400,1
1505502439,21479051,0.15603,106.59661000,1
1505502423,21478976,0.15585,33.00000000,0
1505502338,21478648,0.15483,3455.27263000,1
1505502316,21478570,0.15463,155.97783200,0
1505502286,21478517,0.15463,3299.29479800,0
1505502258,21478450,0.15464,2676.88106000,1
1505502101,21478159,0.15492,1820.00000000,0
1505502081,21478072,0.15500,925.09610000,1
1505502079,21478064,0.15500,4700.00000000,1
1505502073,21478047,0.15500,1442.48100000,1
1505502026,21477921,0.15506,1451.86770200,1
1505502000,21477849,0.15504,635.68811000,1
1505501999,21477846,0.15505,1306.71436800,1
1505501809,21477614,0.15580,322.04467266,0
1505501730,21477504,0.15518,5732.17278000,1
1505501577,21477229,0.15608,2236.84764223,0
1505501502,21477146,0.15633,2101.57203000,0
1505501466,21477119,0.15562,2765.19727541,1
1505501320,21476828,0.15562,226.74238000,1
1505501148,21476566,0.15528,1682.39014000,1
1505501123,21476547,0.15602,180.57333844,1
1505501031,21476429,0.15518,1290.55748706,1
1505501030,21476425,0.15523,500.89622106,0
1505501024,21476411,0.15523,500.89622106,0
1505501023,21476406,0.15523,1118.64755000,0
1505501004,21476385,0.15524,2006.57203000,1
1505500848,21476145,0.15544,708.31188883,1
1505500669,21475605,0.15544,2070.48034000,0
1505500611,21475408,0.15544,7929.51966000,0
1505500611,21475407,0.15544,1008.77963300,0
1505500611,21475406,0.15543,2070.48034000,0
1505500610,21475402,0.15543,2240.37173000,0
1505500601,21475387,0.15543,809.42364000,0
1505500591,21475357,0.15543,382.41570000,0
1505500591,21475356,0.15542,878.64100000,0
1505500587,21475345,0.15542,1621.35900000,0
1505500570,21475282,0.15539,227.37415535,0
1505500558,21475221,0.15540,637.43759331,0
1505500484,21474995,0.15542,160.32591261,0
1505500463,21474891,0.15544,4144.88533000,0
1505500462,21474884,0.15544,261.82685064,0
1505500461,21474880,0.15563,2701.45589419,1
1505500461,21474878,0.15564,167.70675000,1
1505500461,21474877,0.15567,1715.34554217,1
1505500461,21474871,0.15567,10000.00000000,1
1505500460,21474867,0.15567,10000.00000000,1
1505500460,21474866,0.15567,10000.00000000,1
1505500456,21474842,0.15567,1271.13736700,1
1505500456,21474841,0.15567,1342.30650200,1
1505500455,21474840,0.15567,3919.50231300,1
1505500455,21474839,0.15567,908.40700000,1
1505500455,21474838,0.15567,1852.02903189,1
1505500454,21474837,0.15569,35.96245511,1
1505500454,21474834,0.15569,5198.99033489,1
1505500453,21474833,0.15642,35.96245511,1
1505500446,21474789,0.15642,419.42237354,1
1505500445,21474781,0.15642,274.91737723,0
1505500445,21474779,0.15587,276.69779412,0
1505500441,21474757,0.15587,0.00000041,1
1505500441,21474750,0.15587,309.52216549,1
1505500441,21474747,0.15587,420.29736318,1
1505500441,21474744,0.15587,689.69878745,1
1505500440,21474743,0.15587,1117.29312888,1
1505500398,21474552,0.15642,140.10232844,1
1505500398,21474551,0.15642,134.78532157,1
1505500342,21474323,0.15691,194.25469152,0
1505500324,21474262,0.15693,0.00000380,1
1505500324,21474261,0.15693,54.00580000,1
1505500319,21474243,0.15693,78.34010000,0
1505500319,21474239,0.15693,61.82169000,0
1505500319,21474231,0.15693,16.51841000,0
1505500319,21474230,0.15693,78.34010000,0
1505500318,21474228,0.15693,78.34010000,0
1505500318,21474226,0.15693,78.34010000,0
1505500318,21474223,0.15693,78.34010000,0
1505500315,21474202,0.15718,131.65904909,0
1505500315,21474200,0.15693,78.34008344,0
1505500315,21474196,0.15716,0.00001656,1
1505500314,21474193,0.15716,78.34010000,1
1505500310,21474176,0.15716,115.65764000,0
1505500310,21474172,0.15670,0.00000316,0
1505500298,21474134,0.15670,733.13990000,0
1505500297,21474133,0.15663,646.00000000,0
1505500297,21474132,0.15652,194.60100000,0
1505500294,21474119,0.15651,1888.55421916,0
1505500293,21474118,0.15651,194.60100000,0
1505500293,21474117,0.15650,194.60100000,0
1505500280,21474080,0.15648,682.98634000,0
1505500280,21474079,0.15649,1.17024717,1
1505500279,21474075,0.15649,194.60100000,0
1505500279,21474072,0.15649,194.60100000,0
1505500279,21474069,0.15649,194.60100000,0
1505500278,21474066,0.15649,194.60100000,0
1505500278,21474065,0.15649,194.60100000,0
1505500278,21474062,0.15649,194.60100000,0
1505500278,21474061,0.15649,194.60100000,0
1505500278,21474058,0.15649,0.00003931,0
1505500272,21474025,0.15648,194.60100000,0
1505500272,21474023,0.15648,194.60100000,0
1505500272,21474022,0.15647,194.60100000,0
1505500263,21473997,0.15662,194.60096069,1
1505500259,21473994,0.15627,0.00001694,0
1505500245,21473939,0.15641,194.96588306,1
1505500238,21473908,0.15641,1357.92830000,0
1505500235,21473890,0.15658,48.05877975,0
1505500235,21473889,0.15642,147.64775613,0
1505500228,21473856,0.15642,134.70886075,0
1505500226,21473849,0.15636,195.98189683,0
1505500220,21473797,0.15612,263.85485980,1
1505500220,21473795,0.15613,598.22410517,1
1505500218,21473782,0.15638,191.63821761,0
1505500217,21473777,0.15642,266.00839839,0
1505500215,21473759,0.15613,741.37481880,1
1505500215,21473757,0.15613,586.87868120,1
1505500212,21473739,0.15613,1603.53956000,1
1505500212,21473733,0.15642,97.63498473,0
1505500212,21473731,0.15642,155.46557785,0
1505500210,21473721,0.15642,467.76938306,0
1505500207,21473713,0.15613,875.47000000,0
1505500205,21473697,0.15612,2.66470000,0
1505500203,21473684,0.15612,1337.02000000,0
1505500190,21473633,0.15612,870.77400000,0
1505500189,21473629,0.15612,479.10200000,0
1505500173,21473568,0.15615,1357.33470177,0
1505500159,21473535,0.15568,1627.13492000,0
1505500128,21473475,0.15624,310.84200000,0
1505500127,21473466,0.15624,363.38900000,0
1505500122,21473439,0.15569,757.80292000,0
1505500107,21473384,0.15568,2847.53136000,1
1505500080,21473340,0.15567,2173.09096000,1
1505500067,21473286,0.15567,394.19183000,1
1505500053,21473265,0.15568,593.00257000,1
1505500037,21473212,0.15603,877.69931665,1
1505500031,21473180,0.15622,2315.88490700,0
1505500031,21473177,0.15622,1008.60880000,0
1505500031,21473170,0.15563,1034.08491943,0
1505500031,21473168,0.15563,1008.60880000,0
1505500030,21473165,0.15563,1269.23496100,0
1505500027,21473135,0.15563,1731.11531957,0
1505500016,21473095,0.15564,3204.53039065,0
1505500015,21473092,0.15518,994.25003000,1
1505499992,21473027,0.15572,995.72774350,0
1505499846,21472459,0.15519,692.38980000,1
1505499798,21472334,0.15607,1597.80867559,0
1505499783,21472289,0.15519,4388.33437469,1
1505499773,21472266,0.15519,3242.08356000,1
1505499711,21472126,0.15519,1816.53689100,1
1505499708,21472120,0.15519,3247.84936400,1
1505499707,21472114,0.15519,1050.01291200,1
1505499689,21472046,0.15545,641.88150531,0
1505499677,21471991,0.15521,95.00000000,1
1505499671,21471974,0.15545,722.71580000,0
1505499671,21471972,0.15544,1333.70420000,0
1505499665,21471949,0.15545,918.02200000,0
1505499652,21471910,0.15545,2687.74000000,0
1505499647,21471894,0.15544,4082.05040000,0
1505499630,21471847,0.15550,641.30632000,1
1505499627,21471844,0.15557,1961.37000000,0
1505499625,21471838,0.15558,1978.60217200,0
1505499621,21471825,0.15558,387.33517720,0
1505499621,21471824,0.15539,956.66482280,0
1505499618,21471820,0.15547,387.33517720,1
1505499614,21471804,0.15559,634.70088052,0
1505499568,21471666,0.15616,1321.32712613,0
1505499504,21471423,0.15613,867.34600000,0
1505499502,21471410,0.15614,966.80800000,0
1505499500,21471399,0.15615,1017.15000000,0
1505499446,21471223,0.15548,4165.11007800,0
1505499351,21470905,0.15607,4894.85301467,1
1505499350,21470898,0.15607,2500.00000000,0
1505499328,21470826,0.15550,1906.19370000,1
1505499316,21470801,0.15630,1498.84851600,0
1505499285,21470695,0.15642,22.76503909,0
1505499285,21470694,0.15642,646.00000000,0
1505499285,21470693,0.15642,645.99999991,0
1505499283,21470689,0.15663,0.00000009,1
1505499283,21470687,0.15663,645.99999991,1
1505499283,21470685,0.15663,0.00000009,1
1505499253,21470607,0.15670,9266.86009684,0
1505499253,21470606,0.15670,6773.82791316,0
1505499252,21470605,0.15670,3226.17208684,1
1505499252,21470604,0.15670,10000.00000000,1
1505499252,21470603,0.15670,10000.00000000,1
1505499252,21470602,0.15670,10000.00000000,1
1505499251,21470601,0.15670,2672.46873000,1
1505499251,21470600,0.15671,7327.53127000,1
1505499245,21470576,0.15674,31.74344450,0
1505499231,21470513,0.15714,1371.90537100,0
1505499230,21470507,0.15677,4581.09181435,0
1505499223,21470472,0.15677,9598.74529565,0
1505499222,21470467,0.15675,2683.15020000,0
1505499217,21470444,0.15663,3686.78985400,1
1505499217,21470441,0.15663,3455.17349700,1
1505499210,21470420,0.15660,3673.93150000,0
1505499210,21470419,0.15659,1768.20847522,0
1505499199,21470396,0.15659,731.79152478,0
1505499199,21470395,0.15600,38.33629423,0
1505499196,21470385,0.15600,496.66370577,0
1505499170,21470269,0.15600,509.00000000,0
1505499165,21470234,0.15599,2175.00000000,1
1505499147,21470173,0.15598,2058.21134065,0
1505499147,21470170,0.15598,1533.00530700,0
1505499131,21470117,0.15598,2279.18556766,0
1505499121,21470083,0.15551,2158.06833904,1
1505499121,21470082,0.15551,1263.33759886,1
1505499113,21470048,0.15598,434.86613668,0
1505499099,21469983,0.15598,2956.56607800,0
1505499099,21469981,0.15598,4989.32797001,0
1505499099,21469980,0.15596,2891.78950000,0
1505499099,21469978,0.15550,987.06674399,0
1505499098,21469969,0.15550,924.39800000,0
1505499097,21469957,0.15550,346.40083601,0
1505499072,21469839,0.15547,2459.72426809,0
1505499072,21469835,0.15547,16685.12413970,0
1505499072,21469832,0.15547,855.15159221,0
1505499070,21469825,0.15520,9885.83407033,0
1505499064,21469796,0.15518,3566.76266322,0
1505499063,21469787,0.15518,149.38007475,0
1505499062,21469779,0.15518,4594.61683206,0
1505499061,21469776,0.15518,2284.68658097,0
1505499060,21469775,0.15518,3960.14144864,0
1505499060,21469771,0.15518,4739.60974352,0
1505499059,21469766,0.15518,704.80265684,0
1505499059,21469765,0.15518,1657.79245468,0
1505499059,21469763,0.15517,0.00000048,0
1505499051,21469733,0.15517,64.50773952,1
1505499042,21469689,0.15517,32.30265544,1
1505499037,21469675,0.15517,135.00000000,1
1505499032,21469641,0.15518,5897.41831800,0
1505499032,21469639,0.15518,10828.74420000,0
1505499031,21469637,0.15518,1616.04502732,0
1505499031,21469635,0.15518,291.41437268,0
1505499031,21469632,0.15518,17984.88279232,0
1505499031,21469628,0.15517,367.40442068,0
1505499030,21469608,0.15517,1540.05497932,0
1505499014,21469494,0.15518,1723.70283500,0
1505499013,21469492,0.15517,3056.05205000,0
1505499013,21469488,0.15515,2259.70175800,0
1505499005,21469450,0.15515,1560.02439800,0
1505499004,21469446,0.15515,2175.50000000,0
1505499000,21469420,0.15515,14004.77384400,0
1505499000,21469418,0.15514,3643.19154000,0
1505498972,21469324,0.15441,894.56655190,0
1505498970,21469315,0.15441,1143.88401010,0
1505498964,21469301,0.15441,10866.19904800,0
1505498941,21469189,0.15441,1491.33785000,0
1505498939,21469174,0.15440,32.30265544,0
1505498937,21469162,0.15400,2281.28732500,1
1505498937,21469160,0.15401,3760.63669000,1
1505498876,21469024,0.15400,2689.29462600,1
1505498816,21468888,0.15440,260.00000000,0
1505498758,21468794,0.15364,5395.72015500,0
1505498743,21468746,0.15364,918.64641600,0
1505498742,21468745,0.15364,1059.87000000,0
1505498742,21468744,0.15364,5106.43898700,0
1505498739,21468738,0.15364,1947.87425200,0
1505498728,21468726,0.15364,40.00000000,0
1505498697,21468696,0.15362,1075.66475322,0
1505498697,21468695,0.15361,4131.99050000,0
1505498654,21468610,0.15332,312.37900000,0
1505498654,21468609,0.15332,1248.98780328,0
1505498652,21468604,0.15331,2004.16344000,0
1505498629,21468560,0.15300,2678.68000000,1
1505498613,21468546,0.15300,1400.00000000,0
1505498605,21468535,0.15300,16280.80703666,1
1505498584,21468512,0.15300,2094.82730000,1
1505498567,21468488,0.15300,200.00000000,1
1505498477,21468311,0.15324,782.04124249,1
1505498450,21468174,0.15339,108.00000000,0
1505498415,21468055,0.15257,1344.00000000,1
1505498392,21467962,0.15256,2109.22733502,0
1505498390,21467953,0.15256,5654.17997000,0
1505498385,21467939,0.15256,117.95878000,0
1505498384,21467924,0.15256,1836.05314598,0
1505498356,21467795,0.15255,1315.84308378,0
1505498356,21467791,0.15255,125.00000000,0
1505498339,21467734,0.15255,10000.00000000,0
1505498329,21467708,0.15255,717.58539400,0
1505498321,21467677,0.15255,3299.22600000,0
1505498312,21467629,0.15240,727.49075647,0
1505498306,21467572,0.15241,843.81738727,0
1505498306,21467570,0.15241,1210.21660000,0
1505498306,21467569,0.15240,1638.10080000,0
1505498304,21467563,0.15228,13773.61303069,0
1505498292,21467484,0.15228,3003.48267553,0
1505498288,21467454,0.15228,656.04005778,0
1505498288,21467449,0.15200,131.17250504,0
1505498282,21467431,0.15200,1229.50993515,0
1505498278,21467416,0.15200,1311.22545455,0
1505498266,21467336,0.15200,328.09210526,0
1505498203,21467154,0.15161,1797.23920000,0
1505498202,21467151,0.15162,5233.00173808,0
1505498202,21467148,0.15161,2222.17001892,0
1505498202,21467147,0.15161,3284.30525800,0
1505498200,21467142,0.15161,4493.52472308,0
1505498200,21467141,0.15161,2938.51311692,0
1505498199,21467136,0.15161,6732.51577300,0
1505498194,21467115,0.15161,328.97111008,0
1505498191,21467104,0.15101,1639.83858157,0
1505498190,21467103,0.15101,5171.99141843,0
1505498190,21467099,0.15101,1392.89793180,0
1505498190,21467094,0.15101,66.05562546,0
1505498185,21467070,0.15098,1369.05502431,0
1505498184,21467068,0.15098,100.29021579,0
1505498177,21467038,0.15098,6596.29211300,0
1505498177,21467037,0.15097,4350.09963000,0
1505498168,21466996,0.15097,1113.46525869,0
1505498160,21466941,0.15097,1125.88000000,0
1505498133,21466820,0.15097,130.39219712,0
1505498131,21466811,0.15095,200.00000000,0
1505498125,21466772,0.15097,4477.64562600,0
1505498099,21466716,0.15097,1270.91475127,0
1505498011,21466559,0.15097,403.16678810,0
1505498010,21466558,0.15097,462.51574351,0
1505497992,21466525,0.15095,325.50000000,0
1505497979,21466510,0.15097,793.80009273,0
1505497977,21466507,0.15050,2037.33802470,1
1505497975,21466504,0.15051,2514.70000000,1
1505497971,21466498,0.15098,3303.41767121,0
1505497947,21466423,0.15093,271.90518783,1
1505497945,21466412,0.15091,1070.27852564,0
1505497935,21466348,0.15013,3333.00000000,1
1505497888,21466111,0.15079,56.35615575,0
1505497888,21466107,0.15075,337.61194030,0
1505497886,21466102,0.15040,7903.03190395,0
1505497879,21466053,0.15040,1391.95475031,0
1505497878,21466046,0.15040,3647.79534574,0
1505497852,21465944,0.15051,100.00000000,1
1505497815,21465801,0.15060,2321.57340400,0
1505497815,21465798,0.15059,1371.63010000,0
1505497808,21465767,0.15060,10969.92547500,0
1505497807,21465766,0.15060,522.71000000,0
1505497784,21465692,0.15070,68.14997591,0
1505497775,21465668,0.15070,10.33080000,0
1505497775,21465667,0.15069,1395.00920000,0
1505497773,21465661,0.15070,25470.04521300,0
1505497771,21465648,0.15070,7538.51878800,0
1505497769,21465637,0.15070,4451.44910000,0
1505497768,21465633,0.15070,1701.44701319,1
1505497768,21465632,0.15070,662.24552000,1
1505497767,21465622,0.15074,1389.65304498,0
1505497722,21465397,0.15075,562.38805970,1
1505497700,21465347,0.15100,2000.00000000,1
1505497662,21465198,0.15148,52.68048587,0
1505497647,21465159,0.15105,83.79289450,1
1505497647,21465158,0.15106,8011.29709550,1
1505497643,21465144,0.15106,1689.82633600,1
1505497635,21465127,0.15149,368.02000000,0
1505497633,21465122,0.15106,298.87656850,1
1505497633,21465121,0.15106,701.82343150,1
1505497632,21465116,0.15149,3046.25796000,0
1505497622,21465097,0.15150,13310.36718800,0
1505497621,21465092,0.15150,1956.93521300,0
1505497606,21465054,0.15106,7763.66326774,1
1505497606,21465052,0.15150,350.00000000,1
1505497606,21465050,0.15153,0.00002426,1
1505497605,21465048,0.15164,281.83230000,1
1505497605,21465046,0.15165,2500.00000000,1
1505497605,21465045,0.15165,2500.00000000,1
1505497605,21465044,0.15175,3019.76540000,1
1505497605,21465043,0.15175,3019.76540000,1
1505497604,21465041,0.15176,0.00000010,1
1505497604,21465040,0.15176,1611.29317590,1
1505497580,21464972,0.15176,1408.47222410,1
1505497580,21464971,0.15176,2491.52777590,1
1505497565,21464928,0.15177,824.62986437,1
1505497548,21464846,0.15240,1180.32021143,0
1505497548,21464844,0.15240,28.06978857,0
1505497520,21464780,0.15240,1182.14681143,0
1505497520,21464779,0.15240,1210.21660000,0
1505497520,21464778,0.15240,1210.21660000,0
1505497520,21464777,0.15240,1210.21660000,0
1505497520,21464776,0.15240,1210.21660000,0
1505497519,21464775,0.15240,27.20678857,0
1505497517,21464765,0.15240,531.17300000,0
1505497515,21464754,0.15239,6051.41000000,0
1505497512,21464744,0.15240,651.83680000,0
1505497512,21464743,0.15239,1210.21660000,0
1505497512,21464742,0.15239,1210.21660000,0
1505497474,21464678,0.15238,3863.16400525,1
1505497474,21464677,0.15238,1373.67810000,0
1505497445,21464627,0.15238,654.61753511,0
1505497402,21464542,0.15228,149.76324636,0
1505497328,21464416,0.15242,0.00001143,1
1505497328,21464415,0.15242,1210.21660000,1
1505497325,21464409,0.15242,1361.88380000,1
1505497324,21464406,0.15225,1673.61958857,0
1505497321,21464388,0.15219,1372.98000000,0
1505497312,21464363,0.15242,1.17184000,1
1505497311,21464361,0.15222,1676.19816000,0
1505497282,21464311,0.15177,2500.00000000,0
1505497274,21464305,0.15177,114.04184000,1
1505497265,21464280,0.15179,1656.76000000,0
1505497228,21464227,0.15177,35.95816000,1
1505497138,21464027,0.15193,511.56596928,1
1505497092,21463942,0.15356,722.03601198,0
1505497090,21463929,0.15250,908.20131751,0
1505497088,21463925,0.15249,827.86100000,0
1505497053,21463780,0.15249,695.67000000,0
1505497051,21463770,0.15249,541.67700000,0
1505497019,21463614,0.15250,91.79868249,0
1505497017,21463606,0.15249,1376.04920000,0
1505496962,21463494,0.15229,654.96139199,0
1505496924,21463404,0.15177,100.00000000,1
1505496923,21463401,0.15246,1285.38678998,0
1505496901,21463363,0.15176,528.23762410,1
1505496899,21463361,0.15177,2500.00000000,1
1505496880,21463328,0.15167,1017.75000000,0
1505496842,21463175,0.15142,483.51500000,0
1505496827,21463093,0.15142,3332.65000000,0
1505496826,21463087,0.15142,4168.11867000,0
1505496822,21463065,0.15142,1157.64000000,0
1505496814,21463029,0.15100,1400.00000000,0
1505496814,21463028,0.15100,134.51330076,0
1505496814,21463026,0.15100,10000.00000000,0
1505496804,21462991,0.15100,17577.00000000,0
1505496789,21462908,0.15100,873.25900000,0
1505496747,21462649,0.15078,2868.31812255,1
1505496720,21462556,0.15078,1450.00000000,1
1505496700,21462473,0.15099,3309.05901000,0
1505496699,21462470,0.15078,1666.00000000,1
1505496686,21462427,0.15078,4290.45716500,1
1505496674,21462387,0.15078,1492.00000000,1
1505496656,21462309,0.15078,860.57300000,1
1505496652,21462273,0.15100,692.23700000,0
1505496632,21462192,0.15071,1584.49000000,0
1505496614,21462133,0.15075,1069.91000000,0
1505496612,21462129,0.15075,2377.09000000,0
1505496597,21462050,0.15154,576.24405426,1
1505496597,21462049,0.15154,10000.00000000,1
1505496596,21462048,0.15154,3819.74340574,1
1505496596,21462047,0.15156,1180.25659426,1
1505496586,21462007,0.15198,65.60073693,0
1505496576,21461936,0.15200,3000.00000000,0
1505496550,21461832,0.15209,899.14500000,0
1505496525,21461744,0.15212,4213.85689501,1
1505496525,21461742,0.15212,5473.20725400,1
1505496525,21461739,0.15212,6591.63890300,1
1505496503,21461650,0.15213,6556.93308355,0
1505496496,21461639,0.15213,3580.60000000,1
1505496455,21461490,0.15296,534.75098065,0
1505496405,21461355,0.15212,16136.44019400,1
1505496405,21461354,0.15274,2186.43550000,1
1505496405,21461353,0.15274,500.01954300,1
1505496405,21461352,0.15276,3790.46876300,1
1505496401,21461339,0.15276,3000.00000000,1
1505496391,21461307,0.15276,3209.53123700,1
1505496391,21461306,0.15276,10000.00000000,1
1505496369,21461228,0.15347,32.49840360,0
1505496367,21461212,0.15277,3351.26263720,1
1505496361,21461178,0.15277,4500.44035900,1
1505496361,21461177,0.15277,2764.42942100,1
1505496355,21461163,0.15277,1166.82720200,1
1505496355,21461162,0.15277,1045.22682400,1
1505496352,21461151,0.15277,740.82417600,1
1505496351,21461148,0.15277,400.38450000,1
1505496351,21461146,0.15277,2186.43550000,1
1505496342,21461131,0.15369,1885.00000000,0
1505496333,21461116,0.15278,236.62396300,1
1505496333,21461114,0.15279,2186.43550000,1
1505496256,21460934,0.15280,4125.45750000,0
1505496205,21460811,0.15280,100.00000000,1
1505496183,21460746,0.15458,967.95141674,0
1505496173,21460701,0.15280,3397.30655315,0
1505496173,21460700,0.15280,552.93639085,0
1505496115,21460536,0.15280,553.32345541,1
1505496113,21460525,0.15280,563.84406000,1
1505496112,21460523,0.15280,37.00000000,1
1505496112,21460521,0.15280,1345.83248459,1
1505496048,21460346,0.15235,1686.41595700,0
1505496048,21460345,0.15235,2186.43550000,0
1505496048,21460344,0.15235,2186.43550000,0
1505496048,21460343,0.15235,2186.43550000,0
1505496048,21460342,0.15235,2186.43550000,0
1505496047,21460341,0.15235,2186.43550000,0
1505496046,21460339,0.15235,381.40654300,0
1505496046,21460338,0.15232,2186.43545700,0
1505496044,21460335,0.15232,1260.56454300,0
1505496000,21460254,0.15261,40.63903000,1
1505495679,21459592,0.15487,58.60320123,0
1505495541,21459252,0.15449,1390.52940000,1
1505495516,21459185,0.15449,100.00000000,1
1505495511,21459178,0.15505,4625.75990000,0
1505495510,21459177,0.15504,10000.00000000,0
1505495510,21459176,0.15503,5374.24010000,0
1505495408,21458992,0.15517,1383.78328808,0
1505495408,21458991,0.15516,123.00671192,0
1505495407,21458988,0.15516,571.20800000,0
1505495406,21458986,0.15516,765.90800000,0
1505495389,21458930,0.15517,9572.41915410,0
1505495388,21458929,0.15517,1300.21609102,0
1505495388,21458927,0.15516,1300.21610000,0
1505495388,21458926,0.15427,1490.52944000,0
1505495386,21458921,0.15212,5605.93199159,0
1505495386,21458919,0.15220,1363.99510000,1
1505495386,21458917,0.15220,5000.00000000,0
1505495385,21458915,0.15220,2500.00000000,0
1505495385,21458911,0.15290,3023.00000000,1
1505495385,21458910,0.15314,2371.69830000,1
1505495384,21458909,0.15331,2294.82327604,1
1505495384,21458908,0.15331,1360.01672203,0
1505495384,21458906,0.15353,1460.12271192,1
1505495383,21458905,0.15370,315.54599274,1
1505495383,21458903,0.15370,514.68158751,1
1505495383,21458901,0.15370,6396.32837393,1
1505495379,21458885,0.15425,6826.19805510,1
1505495378,21458883,0.15426,16333.08491000,1
1505495377,21458869,0.15519,0.00000898,1
1505495377,21458867,0.15519,1300.21610000,1
1505495372,21458822,0.15520,200.00000000,0
1505495372,21458821,0.15519,1300.00000000,0
1505495364,21458797,0.15520,361.37400000,0
1505495360,21458789,0.15520,1620.23000000,0
1505495357,21458777,0.15428,1300.00000000,1
1505495354,21458768,0.15519,1499.67950574,0
1505495350,21458750,0.15519,1844.49518200,0
1505495316,21458648,0.15520,2255.77079967,0
1505495316,21458646,0.15496,3816.96651485,0
1505495315,21458642,0.15494,3262.98821000,0
1505495314,21458641,0.15494,4731.65681145,0
1505495313,21458640,0.15494,798.54700000,0
1505495309,21458631,0.15494,1979.82000000,0
1505495295,21458590,0.15493,38.92080294,0
1505495293,21458579,0.15494,1492.02143332,0
1505495269,21458526,0.15494,2.47000000,0
1505495269,21458525,0.15491,3521.80000000,0
1505495265,21458517,0.15492,389.81409759,0
1505495263,21458515,0.15409,1654.45863440,1
1505495258,21458511,0.15407,2000.00000000,1
1505495241,21458479,0.15494,0.94950000,0
1505495241,21458478,0.15493,1351.03050000,0
1505495205,21458369,0.15440,2000.00000000,0
1505495192,21458331,0.15440,314.56882086,0
1505495168,21458218,0.15441,1028.89595881,1
1505495161,21458188,0.15494,994.53525523,0
1505495161,21458186,0.15494,10000.00000000,0
1505495160,21458184,0.15494,10000.00000000,0
1505495160,21458182,0.15494,10000.00000000,0
1505495160,21458181,0.15494,1211.60880053,0
1505495158,21458177,0.15494,8039.59241306,0
1505495158,21458176,0.15441,20000.00000000,0
1505495157,21458175,0.15440,4104.24580000,0
1505495142,21458117,0.15439,2294.35441400,0
1505495123,21458037,0.15440,754.31757713,0
1505495108,21457974,0.15375,964.21598000,1
1505495090,21457890,0.15434,1938.91324349,0
1505495081,21457847,0.15435,1000.00000000,0
1505494952,21457271,0.15440,5000.00000000,0
1505494943,21457232,0.15370,1729.45431962,0
1505494941,21457208,0.15370,1787.96356538,1
1505494940,21457203,0.15410,2845.37418965,1
1505494939,21457200,0.15410,3934.52677500,0
1505494939,21457197,0.15408,20000.00000000,0
1505494939,21457196,0.15384,1619.86600000,0
1505494939,21457195,0.15384,1619.86600000,0
1505494939,21457194,0.15384,588.91714535,0
1505494939,21457191,0.15384,1030.94884295,0
1505494938,21457188,0.15382,1600.09064887,0
1505494938,21457186,0.15382,1773.51085113,0
1505494936,21457169,0.15381,2661.20000000,0
1505494934,21457146,0.15380,184.41812191,0
1505494933,21457138,0.15380,182.13841021,0
1505494930,21457115,0.15370,6606.24942370,0
1505494930,21457112,0.15369,1441.53297427,0
1505494930,21457103,0.15369,498.04814573,0
1505494925,21457077,0.15370,149.90240728,0
1505494921,21457041,0.15369,745.91522446,0
1505494918,21457019,0.15370,134.59128171,0
1505494916,21457009,0.15331,2127.04774946,1
1505494916,21457004,0.15335,1915.70000000,1
1505494916,21457001,0.15336,2861.68761454,1
1505494914,21456984,0.15370,2285.58805192,0
1505494911,21456961,0.15370,823.66883539,0
1505494908,21456925,0.15368,676.75441812,0
1505494902,21456890,0.15368,2184.93319642,0
1505494897,21456856,0.15368,31.86675502,0
1505494897,21456854,0.15367,1830.26026101,0
1505494896,21456849,0.15367,3684.25227745,0
1505494891,21456806,0.15368,2278.66534550,0
1505494886,21456750,0.15368,2276.93048494,0
1505494838,21456388,0.15326,2212.71043000,1
1505494837,21456387,0.15326,1193.65053466,1
1505494819,21456353,0.15339,1486.57025680,1
1505494782,21456255,0.15300,3450.00000000,0
1505494773,21456230,0.15297,2000.00000000,0
1505494729,21456054,0.15297,465.14800000,0
1505494718,21456018,0.15297,1374.46580000,0
1505494702,21455955,0.15299,3656.33725500,0
1505494699,21455932,0.15197,3079.83487386,1
1505494698,21455927,0.15196,3361.13942971,0
1505494698,21455924,0.15196,316.86057029,0
1505494697,21455921,0.15196,2500.00000000,1
1505494696,21455916,0.15299,5939.06000000,0
1505494696,21455912,0.15299,355.41549000,0
1505494693,21455901,0.15195,3297.12520390,1
1505494648,21455785,0.15156,11.73197485,0
1505494648,21455784,0.15156,8589.10683200,0
1505494648,21455782,0.15156,15705.79816800,0
1505494648,21455781,0.15156,3968.77437000,0
1505494648,21455780,0.15156,5412.19687200,0
1505494647,21455777,0.15156,2190.08712182,0
1505494646,21455772,0.15156,1802.38527217,0
1505494646,21455771,0.15189,12191.47400000,1
1505494638,21455745,0.15343,1180.62187390,0
1505494620,21455687,0.15347,780.86922525,0
1505494616,21455676,0.15344,619.21000000,0
1505494600,21455632,0.15347,1300.64487054,0
1505494583,21455543,0.15176,19749.75094866,0
1505494583,21455542,0.15176,5000.00000000,0
1505494583,21455541,0.15176,2500.00000000,0
1505494582,21455540,0.15176,589.61905134,0
1505494582,21455534,0.15176,5000.00000000,1
1505494582,21455532,0.15176,7322.54700000,1
1505494582,21455530,0.15176,13201.08300000,1
1505494570,21455470,0.15070,14345.43473000,0
1505494569,21455467,0.15070,4653.56527000,1
1505494563,21455450,0.15349,1031.34551633,0
1505494561,21455441,0.15066,34467.62435301,1
1505494561,21455440,0.15067,5000.00000000,1
1505494561,21455438,0.15067,2500.00000000,1
1505494560,21455434,0.15081,327.33954587,1
1505494560,21455430,0.15093,6606.00000000,1
1505494560,21455429,0.15100,100.00000000,1
1505494560,21455428,0.15110,48.99848000,1
1505494559,21455427,0.15159,441.04941225,1
1505494559,21455425,0.15180,285.54537914,1
1505494559,21455424,0.15200,400.00000000,1
1505494559,21455423,0.15200,590.00000000,1
1505494558,21455422,0.15231,14323.20887000,1
1505494558,21455419,0.15309,2389.59820000,1
1505494558,21455417,0.15317,10000.00000000,1
1505494558,21455416,0.15317,10000.00000000,1
1505494557,21455410,0.15350,19971.63575973,1
1505494544,21455362,0.15350,1292.34554870,1
1505494543,21455353,0.15350,5573.35279280,1
1505494543,21455352,0.15350,1862.95609120,1
1505494536,21455327,0.15367,639.59900000,0
1505494529,21455297,0.15378,376.82100000,1
1505494529,21455296,0.15378,342.83100000,1
1505494528,21455283,0.15378,219.57492297,1
1505494516,21455259,0.15378,5320.00000000,1
1505494506,21455223,0.15378,4460.42507703,1
1505494506,21455220,0.15378,10000.00000000,1
1505494506,21455218,0.15378,4820.57492297,1
1505494500,21455184,0.15378,2454.47641476,1
1505494493,21455156,0.15378,2724.94866227,1
1505494493,21455155,0.15378,10000.00000000,1
1505494493,21455154,0.15380,3188.31990000,1
1505494493,21455153,0.15380,3188.31990000,1
1505494493,21455151,0.15380,3188.31990000,1
1505494492,21455148,0.15380,3188.31990000,1
1505494492,21455146,0.15380,1688.31989973,1
1505494491,21455139,0.15380,1500.00000027,1
1505494491,21455138,0.15381,3188.31990000,1
1505494491,21455137,0.15381,83.75730573,1
1505494488,21455130,0.15381,1500.00000000,1
1505494457,21455054,0.15382,584.27600000,0
1505494451,21455028,0.15381,2114.56259427,1
1505494448,21455009,0.15381,1399.36983073,1
1505494447,21454997,0.15381,1788.95006927,1
1505494433,21454930,0.15397,976.27199964,1
1505494433,21454929,0.15398,0.00000036,1
1505494432,21454928,0.15398,2989.73406900,1
1505494432,21454927,0.15398,3573.10456700,1
1505494429,21454925,0.15412,2987.01824600,1
1505494429,21454924,0.15412,947.50852900,1
1505494429,21454923,0.15412,1132.96566900,1
1505494421,21454899,0.15412,6392.46091700,1
1505494420,21454895,0.15412,2474.57341400,1
1505494352,21454710,0.15413,1130.42491700,0
1505494325,21454618,0.15413,220.48588300,0
1505494288,21454471,0.15414,514.61300000,1
1505494271,21454443,0.15398,3437.16136364,1
1505494270,21454442,0.15399,5000.00000000,1
1505494270,21454440,0.15400,618.83863636,1
1505494270,21454436,0.15406,1000.00000000,1
1505494268,21454432,0.15409,2500.00000000,1
1505494244,21454348,0.15492,4.34720000,0
1505494244,21454347,0.15489,1360.25810000,0
1505494220,21454309,0.15492,46.35966951,0
1505494171,21454199,0.15407,3562.11400900,1
1505494170,21454195,0.15406,6255.37029100,1
1505494164,21454182,0.15400,3000.00000000,1
1505494164,21454181,0.15400,3698.31990000,1
1505494164,21454180,0.15402,3698.31990000,1
1505494164,21454179,0.15402,2820.45590000,1
1505494164,21454178,0.15403,345.00000000,1
1505494164,21454177,0.15404,2500.00000000,1
1505494144,21454058,0.15405,119.00000000,0
1505494139,21454028,0.15404,1353.17880000,0
1505494090,21453843,0.15403,2500.00000000,1
1505494076,21453764,0.15403,89.00000000,1
1505494043,21453631,0.15403,445.21300000,1
1505494031,21453566,0.15492,2253.69000000,0
1505494029,21453550,0.15403,1335.25185200,1
1505494028,21453540,0.15493,2514.11000000,0
1505494014,21453460,0.15494,748.79878641,0
1505494014,21453459,0.15494,10000.00000000,0
1505494014,21453458,0.15493,10000.00000000,0
1505494014,21453456,0.15493,5911.25501359,0
1505494014,21453455,0.15492,1339.94620000,0
1505494010,21453437,0.15412,1000.00000000,1
1505494010,21453434,0.15493,1659.40448400,0
1505494009,21453431,0.15481,1346.18020000,0
1505494003,21453414,0.15493,1560.36074208,0
1505494003,21453413,0.15481,144.99989592,0
1505493995,21453363,0.15459,244.50531141,1
1505493992,21453350,0.15459,56.00000000,1
1505493990,21453339,0.15459,89.00000000,1
1505493985,21453326,0.15483,3777.67773300,0
1505493976,21453264,0.15485,2518.72734905,0
1505493955,21453154,0.15493,868.97976033,0
1505493955,21453153,0.15493,187.38023967,0
1505493954,21453151,0.15493,1421.49186627,0
1505493954,21453150,0.15490,4091.07420000,0
1505493953,21453149,0.15487,2179.62625773,0
1505493952,21453139,0.15489,7820.37374227,1
1505493952,21453136,0.15489,3154.60366773,0
1505493951,21453135,0.15488,4095.45200000,0
1505493951,21453134,0.15486,984.32245000,0
1505493946,21453117,0.15489,1075.48757300,0
1505493931,21453091,0.15492,1614.10026100,0
1505493927,21453081,0.15491,1856.39214500,0
1505493922,21453069,0.15460,2282.53397300,0
1505493920,21453059,0.15492,6059.38211509,0
1505493920,21453058,0.15460,2045.11288791,0
1505493914,21453029,0.15460,1017.69519300,0
1505493906,21453003,0.15492,1087.66000000,0
1505493901,21452985,0.15467,2.87860000,0
1505493900,21452983,0.15461,4107.87140000,0
1505493885,21452933,0.15460,581.66453200,0
1505493881,21452926,0.15461,2415.41266000,0
1505493840,21452834,0.15469,382.19191909,1
1505493834,21452825,0.15466,515.19888091,0
1505493834,21452824,0.15465,4102.60920000,0
1505493816,21452786,0.15463,1525.84000000,0
1505493789,21452751,0.15460,1613.04366106,0
1505493770,21452697,0.15469,0.00001909,1
1505493769,21452696,0.15469,515.19890000,1
1505493766,21452678,0.15469,390.69671310,1
1505493766,21452676,0.15492,2453.51838300,0
1505493766,21452674,0.15469,432.53986781,1
1505493758,21452648,0.15466,1573.70868300,0
1505493754,21452621,0.15466,700.19580235,0
1505493750,21452600,0.15467,3237.98000000,0
1505493744,21452580,0.15469,869.51000000,0
1505493699,21452378,0.15477,2182.41521000,0
1505493687,21452312,0.15423,2530.95623215,1
1505493687,21452311,0.15425,2500.00000000,1
1505493674,21452258,0.15403,30000.00000000,1
1505493674,21452255,0.15403,60.95000000,1
1505493674,21452254,0.15403,2500.00000000,1
1505493670,21452215,0.15402,877.86400000,1
1505493661,21452157,0.15381,510.00000000,0
1505493661,21452154,0.15370,1328.85299538,0
1505493661,21452153,0.15350,5565.00899328,0
1505493658,21452134,0.15350,1328.96288172,0
1505493658,21452132,0.15318,1374.17744800,1
1505493658,21452129,0.15323,10000.00000000,1
1505493658,21452125,0.15324,1132.93680000,1
1505493656,21452106,0.15370,1859.46688353,0
1505493651,21452080,0.15324,1367.06320000,1
1505493646,21452041,0.15312,10000.00000000,1
1505493644,21452028,0.15158,9505.95291080,1
1505493644,21452027,0.15158,4118.67878323,1
1505493644,21452025,0.15158,36.38705136,0
1505493643,21452015,0.15159,2811.82354541,0
1505493642,21452012,0.15159,5000.00000000,1
1505493642,21452010,0.15221,435.54420000,1
1505493641,21452001,0.15158,1500.00900000,1
1505493639,21451987,0.15158,104.16676864,1
1505493639,21451986,0.15158,437.37640848,0
1505493638,21451983,0.15180,1214.83982177,1
1505493638,21451980,0.15309,1496.28293321,1
1505493636,21451963,0.15286,456.80298679,0
1505493636,21451962,0.15286,1497.25101321,0
1505493635,21451958,0.15221,435.54420485,0
1505493634,21451952,0.15221,1858.87787412,0
1505493634,21451947,0.15221,1621.57792103,0
1505493632,21451929,0.15180,285.54537914,0
1505493630,21451918,0.15180,359.49362086,0
1505493629,21451894,0.15180,1354.96100000,0
1505493626,21451863,0.15158,100.00000000,1
1505493626,21451858,0.15308,7329.76532961,1
1505493625,21451856,0.15361,955.06100000,1
1505493622,21451832,0.15308,53.19185839,1
1505493622,21451830,0.15309,1946.80814161,1
1505493621,21451820,0.15366,1101.29000000,0
1505493620,21451804,0.15308,6868.20521200,1
1505493618,21451775,0.15309,2741.42489000,1
1505493616,21451750,0.15370,765.46700000,0
1505493614,21451721,0.15159,360.16929660,1
1505493614,21451718,0.15172,1288.40566740,1
1505493614,21451715,0.15368,35.00000000,1
1505493610,21451649,0.15159,5000.00000000,1
1505493609,21451643,0.15178,1344.77700000,1
1505493609,21451636,0.15372,2.37242260,1
1505493608,21451630,0.15381,1164.13237406,1
1505493608,21451624,0.15385,1870.03566976,0
1505493605,21451589,0.15381,683.07400000,0
1505493601,21451540,0.15372,219.88630000,0
1505493601,21451539,0.15372,219.88630000,0
1505493601,21451535,0.15372,25.18300000,0
1505493598,21451503,0.15180,5000.00000000,1
1505493591,21451443,0.15178,1187.34278640,1
1505493589,21451434,0.15367,928.85600000,0
1505493586,21451410,0.15372,194.70330000,0
1505493586,21451408,0.15372,219.88630000,0
1505493586,21451403,0.15372,219.88630000,0
1505493586,21451399,0.15371,219.88630000,0
1505493585,21451395,0.15371,219.88630000,0
1505493585,21451391,0.15371,219.88630000,0
1505493585,21451388,0.15369,219.88630000,0
1505493585,21451385,0.15368,219.88630000,0
1505493584,21451382,0.15368,219.88630000,0
1505493584,21451380,0.15367,219.88630000,0
1505493577,21451331,0.15383,779.04179938,1
1505493573,21451285,0.15177,8880.90286508,0
1505493572,21451282,0.15177,1273.01472000,0
1505493572,21451280,0.15177,1377.99687567,0
1505493572,21451275,0.15222,1769.30794220,0
1505493571,21451273,0.15273,336.55207805,1
1505493571,21451272,0.15273,1216.33922000,0
1505493571,21451267,0.15274,2500.00000000,0
1505493569,21451257,0.15385,219.88629900,1
1505493569,21451254,0.15392,1251.17028038,0
1505493568,21451247,0.15394,721.16492342,0
1505493561,21451223,0.15385,7445.66185800,1
1505493561,21451221,0.15385,2416.41645300,1
1505493560,21451209,0.15380,4097.87250000,0
1505493556,21451174,0.15332,3433.04301814,1
1505493554,21451163,0.15380,426.95698186,1
1505493552,21451133,0.15332,32112.00000000,1
1505493551,21451130,0.15332,3000.00000000,1
1505493545,21451092,0.15159,415.82330339,1
1505493545,21451090,0.15199,1364.56990000,1
1505493544,21451088,0.15200,400.00000000,1
1505493544,21451087,0.15255,80.00000000,1
1505493544,21451086,0.15255,5000.00000000,0
1505493543,21451081,0.15273,5579.63009861,1
1505493543,21451079,0.15273,9961.45100000,1
1505493543,21451077,0.15274,8550.05589000,1
1505493538,21451047,0.15468,7532.64516129,0
1505493534,21451006,0.15382,2000.00000000,0
1505493533,21451001,0.15399,6250.67000000,0
1505493532,21450997,0.15399,2241.09973667,0
1505493532,21450992,0.15269,1020.00000000,1
1505493532,21450989,0.15269,10254.69789942,1
1505493531,21450982,0.15381,767.13226435,1
1505493531,21450980,0.15381,1582.92455560,0
1505493531,21450975,0.15383,2440.64480000,1
1505493528,21450937,0.15463,10516.39180900,1
1505493528,21450936,0.15463,3591.91794100,1
1505493521,21450878,0.15383,1085.35520000,1
1505493508,21450788,0.15500,5000.00000000,1
1505493508,21450787,0.15500,3391.12789406,1
1505493508,21450786,0.15500,10000.00000000,1
1505493507,21450779,0.15500,2854.80032000,1
1505493507,21450777,0.15500,7145.19968000,1
1505493490,21450619,0.15549,49.74525977,0
1505493490,21450618,0.15544,1429.20720000,0
1505493490,21450616,0.15541,1221.84794023,0
1505493488,21450601,0.15541,7854.93802089,1
1505493482,21450557,0.15541,32.56238911,1
1505493479,21450529,0.15541,6150.00000000,1
1505493473,21450474,0.15556,1672.89145047,0
1505493473,21450472,0.15550,568.87399753,0
1505493466,21450438,0.15500,12854.80032000,1
1505493466,21450437,0.15500,2500.00000000,1
1505493465,21450434,0.15500,5300.00000000,1
1505493465,21450432,0.15501,5185.69091000,1
1505493464,21450424,0.15550,554.12600247,0
1505493460,21450387,0.15501,1853.79685900,0
1505493460,21450386,0.15501,847.00354100,0
1505493459,21450385,0.15501,5236.95937700,0
1505493459,21450382,0.15501,1400.89859600,0
1505493459,21450381,0.15501,286.30748258,0
1505493458,21450372,0.15535,450.00000000,1
1505493458,21450370,0.15556,1117.48937642,1
1505493458,21450360,0.15594,626.36100000,0
1505493447,21450299,0.15600,2017.12000000,0
1505493432,21450135,0.15616,13966.50409000,0
1505493427,21450099,0.15665,8737.71922010,1
1505493426,21450093,0.15689,2000.00000000,0
1505493426,21450088,0.15665,10000.00000000,1
1505493425,21450083,0.15667,450.00000000,1
1505493408,21449960,0.15699,3397.44612783,1
1505493407,21449958,0.15699,10000.00000000,1
1505493397,21449879,0.15699,498.77621217,1
1505493391,21449842,0.15700,3803.78009200,1
1505493389,21449828,0.15700,2572.01123700,1
1505493386,21449809,0.15772,126.49074309,0
1505493375,21449756,0.15700,8350.20867100,1
1505493375,21449754,0.15701,852.82728000,1
1505493362,21449634,0.15701,416.95342319,1
1505493361,21449622,0.15700,274.00000000,1
1505493361,21449621,0.15721,450.00000000,1
1505493347,21449545,0.15722,1136.71050355,1
1505493347,21449544,0.15750,2843.07217745,1
1505493346,21449542,0.15750,4045.15742300,1
1505493346,21449540,0.15750,2577.12499500,1
1505493345,21449539,0.15750,6196.59158300,1
1505493345,21449538,0.15750,7255.06423900,1
1505493329,21449453,0.15750,3044.95293020,1
1505493308,21449359,0.15750,6250.11937000,1
1505493308,21449358,0.15750,4471.78840600,1
1505493308,21449357,0.15750,13316.12887635,1
1505493308,21449355,0.15750,11604.14358665,1
1505493292,21449279,0.15751,500.00000000,1
1505493291,21449278,0.15753,2500.00000000,1
1505493277,21449257,0.15753,932.16762432,1
1505493256,21449187,0.15819,1261.14950376,1
1505493171,21448877,0.15750,985.85641335,1
1505493171,21448876,0.15752,6830.16285000,1
1505493169,21448872,0.15779,3896.51990000,1
1505493169,21448870,0.15779,3896.51990000,1
1505493169,21448869,0.15779,1352.54431665,1
1505493165,21448860,0.15779,1083.53431777,1
1505493156,21448829,0.15820,1644.12383106,0
1505493156,21448828,0.15818,2035.87796894,0
1505493156,21448827,0.15817,4019.99820000,0
1505493139,21448780,0.15779,1460.44126558,1
1505493139,21448779,0.15779,1860.65578021,1
1505493086,21448623,0.15819,179.00000000,0
1505493077,21448594,0.15836,2000.00000000,1
1505493044,21448456,0.15852,3705.22991779,1
1505493043,21448453,0.15852,1328.86660000,0
1505492980,21448234,0.15779,2035.86411979,1
1505492980,21448232,0.15779,3896.51990000,1
1505492979,21448230,0.15779,0.00000021,1
1505492979,21448227,0.15780,3896.51990000,1
1505492979,21448226,0.15780,3896.51990000,1
1505492979,21448224,0.15780,3896.51990000,1
1505492979,21448222,0.15780,3896.51990000,1
1505492978,21448215,0.15781,8488.31622000,0
1505492978,21448213,0.15781,1493.22016000,1
1505492978,21448212,0.15781,2500.00000000,1
1505492975,21448194,0.15839,474.85302102,0
1505492968,21448160,0.15779,3896.51989979,0
1505492955,21448102,0.15779,980.12907683,0
1505492954,21448100,0.15778,3896.51990017,0
1505492954,21448092,0.15778,91.77891000,0
1505492953,21448091,0.15777,3896.51990000,0
1505492937,21448009,0.15752,516.75881935,1
1505492929,21447992,0.15779,1714.32000000,0
1505492925,21447976,0.15778,303.03530841,0
1505492925,21447972,0.15778,1123.00000000,0
1505492905,21447907,0.15779,130.77626000,1
1505492891,21447882,0.15778,141.36284700,0
1505492890,21447880,0.15778,1736.60551950,0
1505492887,21447857,0.15754,2998.04221000,1
1505492879,21447810,0.15752,498.04221000,0
1505492873,21447790,0.15753,2500.00000000,1
1505492860,21447731,0.15800,398.07529968,1
1505492854,21447705,0.15800,11488.83576100,1
1505492849,21447672,0.15800,1335.77230000,1
1505492841,21447629,0.15840,218.46590909,0
1505492839,21447622,0.15841,1512.86192000,1
1505492837,21447616,0.15800,100.00000000,0
1505492837,21447614,0.15799,3981.71300000,0
1505492822,21447529,0.15786,3347.89414291,0
1505492816,21447485,0.15787,406.49076436,0
1505492783,21447322,0.15751,44648.83767900,1
1505492782,21447319,0.15778,5351.16232100,1
1505492781,21447310,0.15778,1000.00000000,1
1505492757,21447168,0.15792,42.58170000,0
1505492744,21447126,0.15778,7475.48200900,1
1505492730,21447063,0.15799,1345.05553200,0
1505492723,21447027,0.15800,510.00000000,1
1505492723,21447026,0.15817,740.06784079,1
1505492714,21446913,0.15858,2964.92647324,1
1505492714,21446911,0.15858,10000.00000000,1
1505492695,21446811,0.15858,791.96557676,1
1505492674,21446727,0.15902,84.38798000,0
1505492664,21446690,0.15910,450.00000000,1
1505492619,21446480,0.15915,857.47759557,1
1505492607,21446400,0.16005,2591.90551525,1
1505492607,21446392,0.16005,78.22086000,0
1505492607,21446390,0.16004,3396.79369075,0
1505492603,21446362,0.16005,2742.48091900,0
1505492599,21446330,0.15913,1126.39364335,1
1505492599,21446328,0.16000,2000.00000000,1
1505492599,21446327,0.16005,78.22086165,1
1505492592,21446274,0.16005,745.98809910,1
1505492589,21446255,0.16012,2500.00000000,1
1505492589,21446254,0.16012,2164.06712934,1
1505492587,21446234,0.16012,335.93287066,1
1505492587,21446233,0.16012,2500.00000000,1
1505492587,21446232,0.16012,2500.00000000,1
1505492587,21446231,0.16020,1145.22412934,1
1505492587,21446229,0.16020,1354.77587066,1
1505492586,21446227,0.16020,923.33061334,1
1505492586,21446224,0.16020,1240.73651600,1
1505492586,21446220,0.16020,335.93287066,1
1505492586,21446212,0.16020,488.27609034,1
1505492585,21446207,0.16020,1615.48186900,1
1505492583,21446185,0.16020,396.24204066,1
1505492583,21446181,0.16020,1065.55671934,1
1505492582,21446154,0.16020,829.54328066,1
1505492577,21446123,0.16020,604.90000000,1
1505492551,21445938,0.16080,691.44141791,1
1505492551,21445937,0.16049,550.29880452,0
1505492549,21445922,0.16049,1114.34643100,0
1505492536,21445850,0.16118,113.56303511,1
1505492536,21445847,0.16081,196.32622350,0
1505492533,21445834,0.16021,783.47377618,1
1505492533,21445832,0.16021,361.96622382,1
1505492531,21445814,0.16025,2786.22951400,0
1505492530,21445813,0.16024,1319.51630000,0
1505492525,21445782,0.16021,2138.03377618,1
1505492525,21445781,0.16022,2500.00000000,1
1505492525,21445779,0.16022,2500.00000000,1
1505492525,21445778,0.16023,2283.85855900,1
1505492518,21445733,0.16023,1335.95451100,1
1505492514,21445724,0.16024,1412.27676300,1
1505492512,21445716,0.16025,1921.89233500,1
1505492509,21445698,0.16024,578.10766482,1
1505492504,21445672,0.16024,1114.34643100,1
1505492504,21445670,0.16024,335.34303000,1
1505492504,21445668,0.16024,2500.00000000,1
1505492482,21445565,0.16010,1323.18350000,1
1505492480,21445556,0.16005,1675.79103925,1
1505492480,21445554,0.16009,734.19357372,1
1505492479,21445550,0.16009,1765.80642628,1
1505492475,21445520,0.16002,100.00000000,0
1505492473,21445500,0.16001,1146.05117228,1
1505492473,21445499,0.16002,736.08783000,1
1505492473,21445498,0.16002,756.42808672,1
1505492473,21445496,0.16002,2924.96589328,1
1505492472,21445494,0.16003,1492.51591672,1
1505492471,21445481,0.16003,1007.48408328,1
1505492451,21445349,0.16077,1309.03950000,0
1505492441,21445291,0.16074,5131.93274000,1
1505492441,21445290,0.16075,2500.00000000,1
1505492416,21445156,0.16080,2228.31794400,0
1505492415,21445147,0.16073,78.31665000,1
1505492405,21445090,0.16154,1889.50962000,0
1505492400,21445023,0.16081,196.05144315,1
1505492399,21445020,0.16080,1499.53404000,0
1505492399,21445018,0.16072,993.45861272,1
1505492395,21444995,0.16074,1284.16412873,1
1505492395,21444990,0.16074,1691.93764158,1
1505492394,21444987,0.16075,14086.81734000,1
1505492394,21444985,0.16080,2500.00000000,1
1505492376,21444831,0.16160,1423.34546800,0
1505492376,21444829,0.16156,1324.57160000,0
1505492361,21444726,0.16082,255.43653575,1
1505492357,21444705,0.16081,1095.80498000,1
1505492357,21444703,0.16101,129.00000000,1
1505492340,21444570,0.16157,25.35960000,0
1505492340,21444567,0.16100,1289.56920000,0
1505492338,21444554,0.16143,1260.55476800,0
1505492338,21444553,0.16142,1159.12358000,0
1505492338,21444552,0.16101,450.00000000,0
1505492338,21444551,0.16100,454.29140800,0
1505492334,21444533,0.16100,860.63739200,0
1505492331,21444498,0.16071,966.49657550,1
1505492301,21444295,0.16036,1302.00470000,1
1505492300,21444292,0.16000,3000.00000000,0
1505492300,21444291,0.15999,1377.17653000,0
1505492225,21443936,0.15999,7679.98258749,0
1505492225,21443933,0.15999,2049.18027000,0
1505492218,21443878,0.15829,1637.52830400,1
1505492175,21443648,0.15819,2038.64621768,1
1505492175,21443646,0.15867,1889.63937732,1
1505492175,21443644,0.15910,450.00000000,1
1505492175,21443642,0.15911,1095.31515000,1
1505492172,21443624,0.16137,1236.22034949,0
1505492168,21443603,0.15918,2809.20000000,1
1505492168,21443602,0.15918,168.88725000,1
1505492167,21443600,0.15918,920.36830000,1
1505492167,21443599,0.15938,271.08970000,1
1505492163,21443586,0.15918,102.25622000,1
1505492163,21443585,0.15918,1643.65408000,1
1505492163,21443582,0.15938,271.08970000,1
1505492162,21443567,0.15918,3864.73410000,1
1505492162,21443565,0.15919,1957.58019493,1
1505492159,21443554,0.15918,464.46600000,1
1505492157,21443543,0.15917,581.92102174,0
1505492154,21443531,0.15917,271.08966900,0
1505492154,21443528,0.15915,993.45861213,1
1505492153,21443523,0.15916,3593.86750000,1
1505492153,21443522,0.15917,1264.54833000,1
1505492148,21443497,0.16145,2270.93487400,0
1505492148,21443496,0.16145,662.05157000,0
1505492148,21443495,0.16145,3310.25787000,0
1505492148,21443494,0.16144,15236.25483000,0
1505492138,21443443,0.15915,2827.97434000,1
1505492138,21443438,0.15915,449.99993715,1
1505492137,21443435,0.16146,643.51785600,0
1505492132,21443420,0.15914,1594.56000000,1
1505492125,21443381,0.15914,828.41700000,1
1505492122,21443372,0.15914,745.90500000,1
1505492121,21443359,0.15913,4409.87047512,1
1505492111,21443321,0.15912,816.69330323,1
1505492109,21443317,0.15912,820.83500000,1
1505492096,21443223,0.15995,15.44429512,1
1505492095,21443218,0.16172,210.60766000,0
1505492095,21443217,0.16172,2789.39234000,0
1505492093,21443196,0.15994,608.18809000,0
1505492082,21443115,0.15913,1588.72500000,0
1505492076,21443082,0.16158,1026.46571803,0
1505492075,21443077,0.16072,704.04219000,0
1505492075,21443076,0.16001,3282.53253000,0
1505492075,21443070,0.15996,2034.70732392,0
1505492074,21443055,0.15995,3972.66730000,0
1505492060,21442969,0.16000,100.00000000,0
1505492056,21442947,0.15913,5473.60074500,1
1505492056,21442946,0.16000,6893.97187500,1
1505492056,21442943,0.16000,4443.19093000,1
1505492055,21442937,0.16000,2334.80907000,1
1505492055,21442935,0.16001,1043.69093000,1
1505492050,21442890,0.16001,3378.50000000,1
1505492037,21442801,0.16002,1388.71980462,1
1505492028,21442709,0.16079,1240.75651471,0
1505492013,21442558,0.16001,144.83922633,1
1505492007,21442484,0.16001,9350.00000000,1
1505492002,21442447,0.16001,3963.00124700,0
1505492002,21442433,0.16002,5199.86220000,1
1505492002,21442429,0.16092,1670.93455000,1
1505492000,21442356,0.16092,829.06545000,0
1505491988,21442224,0.16173,383.37200183,0
1505491988,21442223,0.16173,4145.32725000,1
1505491988,21442220,0.16093,3957.72110000,0
1505491987,21442205,0.16091,6863.91688000,0
1505491949,21441964,0.16101,1125.17090000,0
1505491949,21441962,0.16101,5613.35643000,0
1505491948,21441960,0.16101,450.00000000,1
1505491948,21441958,0.16166,5320.00000000,1
1505491948,21441956,0.16166,722.97653426,1
1505491948,21441955,0.16171,6168.44969389,1
1505491932,21441868,0.16241,1231.73996676,0
1505491918,21441811,0.16179,5686.04847229,1
1505491918,21441810,0.16201,107.77656971,1
1505491904,21441738,0.16201,1295.35912377,1
1505491891,21441645,0.16254,912.44752061,0
1505491843,21441347,0.16244,1000.00000000,0
1505491825,21441233,0.16250,7139.81848480,1
1505491824,21441230,0.16250,1314.34483800,1
1505491815,21441179,0.16250,1039.13000000,1
1505491813,21441164,0.16250,1312.84600435,1
1505491811,21441153,0.16250,2805.64082535,1
1505491800,21441106,0.16272,306.51001721,0
1505491795,21441092,0.16255,928.55700000,1
1505491780,21440999,0.16273,100.00000000,0
1505491780,21440998,0.16273,993.45865875,1
1505491778,21440980,0.16273,37.55347535,1
1505491773,21440958,0.16273,2842.55276590,1
1505491771,21440947,0.16274,28.77010000,1
1505491768,21440924,0.16256,3873.56490000,0
1505491760,21440882,0.16255,2000.00000000,0
1505491745,21440828,0.16260,5048.87841328,0
1505491724,21440712,0.16272,100.00000000,0
1505491716,21440678,0.16277,6129.39873457,0
1505491683,21440502,0.16171,4190.03475993,1
1505491671,21440446,0.16166,12264.56873000,0
1505491671,21440444,0.16166,1313.11019934,0
1505491669,21440438,0.16169,12268.36158000,1
1505491669,21440436,0.16172,6645.50390073,1
1505491669,21440434,0.16173,13850.16083000,1
1505491614,21440126,0.16405,1029.51597092,0
1505491614,21440125,0.16400,1419.96000000,0
1505491614,21440122,0.16400,1300.00000000,0
1505491614,21440121,0.16366,148.00000000,0
1505491613,21440118,0.16323,13618.62751000,0
1505491613,21440115,0.16300,9733.73080736,0
1505491613,21440112,0.16294,1549.69816769,0
1505491613,21440111,0.16294,3528.93110000,1
1505491612,21440107,0.16292,61.32315000,0
1505491612,21440105,0.16272,306.61575000,0
1505491612,21440104,0.16272,523.96700000,0
1505491610,21440098,0.16270,3467.77910000,0
1505491574,21439955,0.16149,523.96700000,1
1505491562,21439898,0.16202,1843.29694400,1
1505491555,21439853,0.16294,0.70014477,1
1505491554,21439839,0.16294,1162.78421810,1
1505491552,21439822,0.16294,386.10000000,1
1505491551,21439812,0.16294,1301.49140928,1
1505491550,21439807,0.16294,470.02127364,1
1505491540,21439744,0.16300,25752.56489167,0
1505491540,21439740,0.16299,364.29594000,0
1505491540,21439737,0.16299,2411.67862000,0
1505491540,21439736,0.16298,2084.34180000,0
1505491539,21439734,0.16294,298.28439250,0
1505491532,21439690,0.16202,2287.04430700,1
1505491497,21439457,0.16300,8089.32785276,0
1505491497,21439453,0.16294,450.00000000,0
1505491497,21439447,0.16291,7609.70117327,0
1505491496,21439445,0.16240,13687.84002000,0
1505491496,21439443,0.16239,89.94962000,0
1505491496,21439439,0.16234,883.25737012,0
1505491495,21439437,0.16234,116.04311953,0
1505491495,21439436,0.16234,979.73221400,0
1505491495,21439435,0.16234,703.48128647,0
1505491495,21439432,0.16234,1371.18140000,0
1505491495,21439431,0.16222,883.25737000,0
1505491491,21439409,0.16222,1469.83263000,0
1505491491,21439407,0.16221,449.74808000,0
1505491491,21439404,0.16205,49.00000000,0
1505491483,21439343,0.16200,3546.71688331,0
1505491469,21439287,0.16200,4552.03802469,0
1505491464,21439265,0.16200,3078.72290123,0
1505491454,21439241,0.16200,3822.52072184,0
1505491454,21439240,0.16197,658.63725616,0
1505491439,21439132,0.16197,1490.17812000,0
1505491439,21439130,0.16196,509.82188000,0
1505491431,21439063,0.16197,622.50545000,0
1505491430,21439047,0.16197,1539.64653948,0
1505491426,21439020,0.16197,4605.91178670,0
1505491426,21439018,0.16197,4376.55851000,0
1505491425,21439016,0.16197,4558.21936130,0
1505491424,21439000,0.16197,1356.01955000,0
1505491424,21438998,0.16197,897.41351600,0
1505491423,21438996,0.16196,581.65532000,0
1505491418,21438977,0.16197,1184.88680437,0
1505491418,21438976,0.16197,5702.06339920,0
1505491417,21438969,0.16197,1061.36494928,0
1505491417,21438964,0.16197,187.57492581,0
1505491412,21438926,0.16197,1507.43389700,0
1505491411,21438924,0.16196,892.56571000,0
1505491407,21438879,0.16197,601.70104958,0
1505491402,21438836,0.16197,1360.41356400,0
1505491401,21438827,0.16197,371.87724000,0
1505491401,21438821,0.16197,1093.22188900,0
1505491396,21438781,0.16197,135.41404225,0
1505491395,21438779,0.16160,10000.00000000,0
1505491395,21438778,0.16159,195.14142000,0
1505491395,21438775,0.16159,8998.02852775,0
1505491395,21438771,0.16159,4758.86352225,0
1505491394,21438770,0.16150,24245.00212675,0
1505491394,21438766,0.16149,975.70708000,0
1505491392,21438752,0.16101,1419.00561512,0
1505491392,21438751,0.16101,450.00000000,0
1505491387,21438694,0.16100,923.75756000,0
1505491386,21438689,0.16100,625.91000000,0
1505491383,21438662,0.16077,0.99278669,0
1505491383,21438658,0.16077,197.56455214,0
1505491379,21438614,0.16077,643.07276900,0
1505491378,21438609,0.16077,3591.93030289,0
1505491378,21438608,0.16075,1501.73514454,0
1505491378,21438604,0.16076,847.91625546,1
1505491376,21438591,0.16077,2373.95091800,0
1505491372,21438567,0.16076,0.00007944,0
1505491372,21438565,0.16005,22.19665617,0
1505491371,21438551,0.16076,869.87914056,0
1505491366,21438529,0.16077,5085.63126294,0
1505491357,21438492,0.16077,1933.50173834,0
1505491357,21438491,0.16076,1033.51987000,0
1505491357,21438490,0.16060,4430.18659166,0
1505491357,21438488,0.16059,2602.79180000,0
1505491336,21438376,0.16060,5279.45386052,0
1505491330,21438338,0.16060,525.89213000,0
1505491330,21438337,0.16059,2370.85320000,0
1505491306,21438148,0.16060,6832.23443337,0
1505491299,21438078,0.16060,976.03025500,0
1505491299,21438077,0.16059,388.70711000,0
1505491299,21438075,0.16056,1735.26263500,0
1505491299,21438072,0.16056,277.78356500,0
1505491283,21437954,0.16060,515.52310087,0
1505491229,21437688,0.15973,1000.00000000,1
1505491226,21437682,0.16060,3192.41673900,0
1505491225,21437680,0.16060,480.32737200,0
1505491225,21437678,0.16059,361.24005000,0
1505491220,21437666,0.16060,7112.00599000,0
1505491212,21437636,0.16060,3322.28434300,0
1505491212,21437635,0.16059,370.01352900,0
1505491211,21437632,0.16059,158.63045100,0
1505491211,21437631,0.16059,2117.23300000,0
1505491197,21437540,0.16060,671.76993224,0
1505491197,21437538,0.16059,628.09186000,0
1505491179,21437448,0.16049,1297.18470000,1
1505491177,21437435,0.16055,1288.97968684,0
1505491175,21437413,0.16049,912.61386768,0
1505491132,21437166,0.15939,940.74350000,1
1505491117,21437087,0.15935,469.70228000,1
1505491104,21437027,0.15929,124.35991000,1
1505491091,21436949,0.15927,44.35431000,1
1505491079,21436892,0.15927,2119.48188000,1
1505491077,21436882,0.16060,8773.68525234,0
1505491077,21436881,0.16058,100.00000000,0
1505491077,21436880,0.16005,304.90587100,0
1505491077,21436878,0.16005,123.63092661,0
1505491077,21436874,0.16000,50.00000000,0
1505491076,21436871,0.15965,647.77795005,0
1505491076,21436863,0.15965,10000.00000000,0
1505491076,21436861,0.15965,3836.71941929,0
1505491076,21436860,0.15950,5000.00000000,0
1505491075,21436859,0.15949,1163.28058071,0
1505491075,21436855,0.15949,1103.24189929,0
1505491074,21436854,0.15945,1364.09820000,0
1505491074,21436853,0.15944,4943.08713000,0
1505491074,21436851,0.15930,2589.57277071,0
1505491066,21436784,0.15927,195.09414000,1
1505491063,21436769,0.15927,2777.00000000,1
1505491063,21436767,0.15928,2500.00000000,1
1505491063,21436762,0.15927,195.09414000,1
1505491049,21436701,0.15928,1050.17184200,0
1505491041,21436662,0.15928,1642.72614800,0
1505491041,21436660,0.15927,3044.90810000,1
1505491014,21436564,0.15917,2134.48424000,0
1505491013,21436560,0.15917,627.78335000,0
1505491013,21436557,0.15917,2619.17895000,0
1505491012,21436552,0.15823,304.90587000,1
1505491011,21436542,0.15930,10000.00000000,0
1505491007,21436503,0.15914,10000.00000000,0
1505491006,21436488,0.15822,1121.90916000,1
1505491004,21436474,0.15916,1000.00000000,0
1505490973,21436299,0.15817,1567.96198342,0
1505490973,21436297,0.15817,397.77412658,0
1505490964,21436245,0.15818,1149.08655000,1
1505490930,21436091,0.15929,1118.17522000,1
1505490930,21436088,0.15929,480.13746000,0
1505490930,21436084,0.15874,2400.68732000,0
1505490869,21435873,0.15861,800.00000000,1
1505490808,21435670,0.15800,100.00000000,1
1505490808,21435669,0.15800,5000.00000000,1
1505490808,21435668,0.15800,500.53134100,1
1505490808,21435667,0.15800,1499.46865900,1
1505490795,21435630,0.15801,9748.04804100,1
1505490795,21435629,0.15820,337.08763700,1
1505490791,21435604,0.15820,2387.91236300,1
1505490790,21435602,0.15821,62.82403400,1
1505490789,21435600,0.15821,832.27596600,1
1505490761,21435481,0.15887,60.58960000,1
1505490738,21435364,0.15888,100.00000000,0
1505490719,21435260,0.15924,313.20842753,0
1505490706,21435217,0.15927,1057.95906500,0
1505490690,21435150,0.15811,4785.79193500,1
1505490689,21435146,0.15884,1950.00000000,1
1505490684,21435125,0.15884,50.00000000,1
1505490674,21435059,0.15929,1391.21918500,0
1505490672,21435054,0.15929,1665.41635000,0
1505490672,21435053,0.15910,2144.25674000,0
1505490672,21435050,0.15910,1534.89966000,0
1505490630,21434792,0.15884,676.74067000,0
1505490626,21434777,0.15883,2476.32860000,0
1505490596,21434633,0.15930,195.52194765,0
1505490595,21434632,0.15884,119.43917600,0
1505490584,21434560,0.15937,15070.07670515,0
1505490584,21434559,0.15937,3706.80290000,0
1505490563,21434442,0.15948,1210.23700000,0
1505490563,21434438,0.15875,32.00000000,0
1505490518,21434204,0.15816,2200.91117295,1
1505490493,21434065,0.15965,937.21221422,0
1505490489,21434043,0.15878,1805.44414000,0
1505490465,21433905,0.15875,14877.13785000,0
1505490458,21433874,0.15875,500.00000000,1
1505490426,21433651,0.15926,1150.90332000,1
1505490423,21433612,0.16005,1930.49747304,1
1505490423,21433605,0.16005,662.21959970,1
1505490419,21433571,0.16005,6249.85708900,1
1505490419,21433570,0.16005,6592.01802000,1
1505490419,21433568,0.16005,662.21959970,1
1505490419,21433566,0.16005,2486.45993000,1
1505490419,21433565,0.16005,1760.94417802,1
1505490418,21433552,0.16005,2940.64509900,1
1505490417,21433548,0.16005,2995.72978800,1
1505490417,21433545,0.16005,3596.28823200,1
1505490415,21433526,0.16005,123.12099154,1
1505490401,21433430,0.15923,2011.41991000,1
1505490401,21433428,0.15924,5542.93570000,1
1505490401,21433426,0.15924,5655.30719000,1
1505490395,21433394,0.15924,4658.23969713,1
1505490395,21433392,0.16005,0.00000287,1
1505490378,21433279,0.16005,212.87528000,1
1505490369,21433182,0.16005,463.22229130,1
1505490367,21433174,0.16005,3131.93183500,1
