date,tid,price,amount,type
1505520065,21517309,0.18400,1820.13194800,0
1505520034,21517275,0.18400,1040.25100000,0
1505520011,21517248,0.18350,479.00000000,0
1505520000,21517234,0.18344,2435.83941000,1
1505519985,21517222,0.18400,929.35070100,0
1505519976,21517219,0.18400,1521.68891900,0
1505519938,21517203,0.18400,80.15000400,0
1505519938,21517202,0.18350,0.04999600,0
1505519903,21517149,0.18350,999.95000400,0
1505519882,21517139,0.18400,8568.17642800,0
1505519848,21517122,0.18300,3471.83421565,0
1505519848,21517121,0.18300,4032.12420000,0
1505519847,21517120,0.18326,69.98899435,1
1505519846,21517119,0.18332,2426.05259000,1
1505519838,21517109,0.18400,1201.95823600,0
1505519787,21517054,0.18400,2248.07820000,0
1505519786,21517049,0.18400,3055.52706000,0
1505519786,21517046,0.18400,1032.00000000,1
1505519786,21517043,0.18403,599.92996583,1
1505519786,21517041,0.18409,427.33218117,1
1505519786,21517038,0.18420,270.00000000,1
1505519786,21517036,0.18426,73.43858851,1
1505519568,21516909,0.18448,3174.61622200,0
1505519412,21516762,0.18418,2110.64826700,0
1505519398,21516751,0.18409,615.09290821,0
1505519393,21516747,0.18409,615.03835695,0
1505519387,21516742,0.18409,615.03174297,0
1505519382,21516734,0.18409,1327.54261752,0
1505519382,21516733,0.18404,754.79232048,0
1505519381,21516729,0.18404,97.46153900,0
1505519381,21516728,0.18403,2824.22622000,0
1505519359,21516705,0.18320,2420.98001856,0
1505519341,21516691,0.18320,11364.10278500,0
1505519333,21516682,0.18320,1214.91719644,0
1505518918,21516301,0.18319,373.26846444,0
1505518849,21516254,0.18231,495.00000000,1
1505518849,21516253,0.18231,494.99994515,1
1505518803,21516235,0.18306,65.16058800,0
1505518734,21516216,0.18166,4823.14254640,1
1505518733,21516215,0.18200,1000.00000000,0
1505518733,21516213,0.18200,1000.00000000,1
1505518407,21515761,0.18131,604.54545455,1
1505518259,21515533,0.18165,1687.00000000,1
1505518236,21515493,0.18061,130.00000000,0
1505518236,21515491,0.18110,35.00000000,1
1505518236,21515490,0.18110,100.00000000,1
1505518236,21515489,0.18110,35.00000000,1
1505518230,21515480,0.18110,3730.66076634,0
1505518230,21515478,0.18111,3000.00000000,1
1505518230,21515477,0.18120,35.00000000,1
1505518229,21515476,0.18141,1000.00000000,1
1505518229,21515475,0.18150,3579.77961432,1
1505518229,21515474,0.18154,1039.11016000,1
1505518229,21515473,0.18184,99.11468000,1
1505518228,21515472,0.18193,6058.24600000,0
1505518228,21515471,0.18200,1500.00000000,1
1505518228,21515468,0.18201,79.89829934,1
1505518227,21515467,0.18210,100.00000000,1
1505518227,21515465,0.18210,35.00000000,1
1505518227,21515464,0.18214,81.19048000,1
1505518227,21515463,0.18220,35.00000000,1
1505518225,21515462,0.18240,2911.00000000,1
1505518134,21515336,0.18352,500.00000000,0
1505518126,21515333,0.18370,132.28982530,1
1505518125,21515331,0.18370,3279.69276470,0
1505518125,21515330,0.18353,16588.01741000,0
1505518082,21515270,0.18370,249.78377790,0
1505518037,21515140,0.18361,346.44290149,0
1505518025,21515098,0.18240,16982.42150000,1
1505518025,21515097,0.18241,3017.57850000,1
1505517737,21514247,0.18244,54.11444100,1
1505517717,21514191,0.18300,3016.93961900,0
1505517698,21514136,0.18270,2500.99999500,0
1505517687,21514110,0.18300,2156.89360000,0
1505517686,21514106,0.18300,6169.71120000,1
1505517609,21513796,0.18300,517.28880000,1
1505517608,21513793,0.18301,704.06940000,0
1505517607,21513784,0.18301,778.64180000,1
1505517601,21513759,0.18301,1559.31808700,1
1505517601,21513757,0.18301,83.86440781,1
1505517601,21513756,0.18310,325.00000000,1
1505517601,21513755,0.18310,100.00000000,1
1505517601,21513754,0.18310,35.00000000,1
1505517601,21513753,0.18320,35.00000000,1
1505517600,21513751,0.18337,181.08693519,1
1505517584,21513689,0.18337,1745.71341481,1
1505517584,21513687,0.18351,218.59024576,1
1505517582,21513676,0.18370,35.69633943,1
1505517572,21513648,0.18370,1808.36811348,1
1505517572,21513646,0.18371,2858.91760000,1
1505517572,21513644,0.18396,644.59928152,1
1505517561,21513558,0.18396,569.81743000,1
1505517553,21513527,0.18400,88.00406457,0
1505517548,21513501,0.18400,24725.08226086,1
1505517548,21513500,0.18400,1113.16910412,1
1505517498,21513362,0.18400,899.18492586,1
1505517498,21513360,0.18401,351.74377414,1
1505517496,21513356,0.18402,2458.53250000,0
1505517496,21513355,0.18402,2562.53880000,1
1505517483,21513320,0.18528,2367.41661269,1
1505517481,21513317,0.18450,87.95602212,0
1505517417,21513219,0.18401,1440.00000000,1
1505517333,21513148,0.18401,105.04397788,1
1505517333,21513147,0.18407,87.95602212,1
1505517325,21513136,0.18470,831.70525176,0
1505517277,21513081,0.18470,1619.11754000,0
1505517180,21512914,0.18400,6892.12420000,1
1505517180,21512913,0.18406,3149.87580000,1
1505517150,21512797,0.18400,99.24451966,1
1505517150,21512796,0.18401,1427.43696000,1
1505517150,21512794,0.18402,449.68522034,1
1505517003,21512350,0.18567,64.46227600,0
1505516929,21512173,0.18400,2943.98073157,1
1505516928,21512170,0.18410,35.00000000,1
1505516928,21512169,0.18410,542.09885000,1
1505516928,21512168,0.18410,335.33174414,1
1505516928,21512165,0.18472,81.86406000,1
1505516928,21512163,0.18498,98.44611000,1
1505516927,21512162,0.18498,29406.77952529,0
1505516927,21512160,0.18522,1622.86122000,1
1505516927,21512157,0.18523,11927.92456000,1
1505516927,21512155,0.18523,1440.22480000,1
1505516925,21512152,0.18526,1970.32432400,1
1505516655,21511629,0.18526,53.67567600,1
1505516633,21511605,0.18600,1424.98251300,1
1505516620,21511579,0.18600,4958.24322000,1
1505516616,21511575,0.18600,2191.26631000,1
1505516616,21511574,0.18600,4208.49287200,1
1505516616,21511573,0.18600,1804.78907500,1
1505516615,21511572,0.18600,1804.66962700,1
1505516615,21511571,0.18600,3607.55638300,1
1505516452,21511354,0.18750,10000.00000000,0
1505516408,21511264,0.18650,181.73056257,1
1505516400,21511246,0.18650,2011.41096000,1
1505516396,21511240,0.18651,866.00000000,0
1505516370,21511210,0.18651,629.00000000,1
1505516345,21511195,0.18651,1297.00000000,1
1505516254,21511067,0.18777,8.85017777,1
1505516254,21511066,0.18777,26.59903073,1
1505516254,21511065,0.18777,26.59903073,1
1505516252,21511062,0.18777,26.59903073,0
1505516248,21511054,0.18779,420.00000000,0
1505516240,21511050,0.18779,26.59619788,0
1505516240,21511049,0.18779,26.59619788,0
1505516239,21511048,0.18779,26.59619788,0
1505516239,21511047,0.18779,26.59619788,0
1505516239,21511046,0.18779,26.59619788,0
1505516239,21511045,0.18779,26.59619788,0
1505516239,21511044,0.18779,26.59619788,0
1505516239,21511043,0.18779,26.59619788,0
1505516239,21511042,0.18779,26.59619788,0
1505516238,21511041,0.18779,26.59619788,0
1505516238,21511040,0.18779,26.59619788,0
1505516238,21511039,0.18779,26.59619788,0
1505516237,21511038,0.18779,26.59619788,0
1505516236,21511037,0.18778,26.59761423,0
1505516236,21511035,0.18778,26.59619788,0
1505516236,21511034,0.18778,26.59619788,0
1505516236,21511033,0.18778,26.59619788,0
1505516235,21511032,0.18779,26.59619788,0
1505516233,21511030,0.18780,26.59478168,0
1505516232,21511028,0.18650,600.00000000,1
1505516228,21511022,0.18650,629.00000000,1
1505516206,21510986,0.18799,8.16942672,1
1505516206,21510984,0.18804,26.56083811,0
1505516206,21510981,0.18804,26.56083811,0
1505516205,21510978,0.18800,26.56648936,1
1505516205,21510977,0.18800,26.56648936,1
1505516205,21510976,0.18800,26.56648936,1
1505516205,21510975,0.18800,26.56648936,1
1505516205,21510974,0.18802,26.56366344,0
1505516205,21510973,0.18802,26.56366344,0
1505516204,21510972,0.18800,26.56648936,0
1505516204,21510970,0.18800,26.56648936,0
1505516203,21510968,0.18635,1298.00000000,1
1505516199,21510966,0.18804,26.55942568,0
1505516180,21510920,0.18775,26.60186418,0
1505516180,21510918,0.18775,26.60186418,0
1505516179,21510915,0.18775,26.60186418,0
1505516175,21510903,0.18775,26.60186418,0
1505516175,21510897,0.18775,26.60186418,0
1505516174,21510891,0.18775,26.60186418,0
1505516173,21510889,0.18775,26.60186418,0
1505516172,21510888,0.18775,26.60186418,0
1505516170,21510887,0.18775,26.60186418,0
1505516170,21510886,0.18775,26.54389881,0
1505516166,21510881,0.18776,26.60044738,0
1505516163,21510873,0.18625,600.00000000,1
1505516162,21510872,0.18625,4000.00000000,1
1505516122,21510814,0.18614,451.00000000,1
1505516066,21510756,0.18611,1295.00000000,1
1505516056,21510711,0.18758,25.04099000,0
1505516056,21510710,0.18707,454.00000000,0
1505515763,21510426,0.18687,378.49735447,0
1505515763,21510425,0.18636,4565.13893000,0
1505515762,21510424,0.18635,25681.26000000,1
1505515761,21510423,0.18635,1568.82449432,0
1505515689,21510345,0.18511,1734.40474886,1
1505515689,21510344,0.18511,678.11627214,1
1505515687,21510342,0.18511,942.54171500,1
1505515687,21510341,0.18512,706.53255000,1
1505515687,21510340,0.18533,51236.11929500,1
1505515687,21510339,0.18535,3532.13526000,1
1505515676,21510308,0.18510,13544.02869599,1
1505515676,21510307,0.18510,17822.97500000,0
1505515676,21510306,0.18511,59100.30800000,0
1505515676,21510305,0.18511,67823.85000000,0
1505515676,21510304,0.18527,859.94627000,1
1505515676,21510303,0.18527,4300.13710000,1
1505515675,21510302,0.18531,7661.62100000,1
1505515675,21510301,0.18531,2297.65868134,0
1505515675,21510300,0.18532,3983.16340000,0
1505515674,21510298,0.18533,11689.74594000,0
1505515674,21510296,0.18533,1203.56441267,0
1505515673,21510295,0.18533,8142.65700000,1
1505515662,21510290,0.18698,1623.99893037,0
1505515660,21510286,0.18697,696.11723178,0
1505515641,21510275,0.18700,247.08711918,0
1505515633,21510274,0.18707,4683.18971507,1
1505515563,21510205,0.18710,1280.07971600,0
1505515514,21510185,0.18708,6324.20190800,0
1505515514,21510184,0.18707,3342.63669000,0
1505515466,21510149,0.18701,400.00000000,1
1505515389,21510068,0.18708,126.08846700,0
1505515389,21510067,0.18708,3016.39584483,0
1505515389,21510066,0.18650,77.49940517,0
1505515388,21510065,0.18650,814.55760435,0
1505515383,21510052,0.18650,1789.52797057,0
1505515375,21510048,0.18650,1806.75603200,0
1505515353,21510036,0.18650,4317.45504900,0
1505515348,21510031,0.18650,39899.06537801,1
1505515348,21510030,0.18700,295.13856090,1
1505515337,21510026,0.18710,2682.67574703,1
1505515327,21510017,0.18710,56.55556000,1
1505515324,21510016,0.18710,4243.09040000,1
1505515320,21510008,0.18710,1118.12545830,1
1505515315,21509999,0.18711,1570.34450000,1
1505515301,21509990,0.18711,295.00000000,1
1505515298,21509989,0.18710,2574.94871273,0
1505515288,21509976,0.18701,500.08429200,1
1505515285,21509972,0.18710,1324.55525227,0
1505515283,21509962,0.18704,3795.00000000,0
1505515228,21509898,0.18701,1821.48099629,1
1505515228,21509897,0.18704,4179.42095000,1
1505515206,21509866,0.18710,100.49603500,0
1505515204,21509863,0.18765,63.58903500,0
1505515169,21509839,0.18707,10000.00000000,1
1505515150,21509827,0.18734,556.00000000,1
1505514988,21509715,0.18876,121.21675319,0
1505514979,21509699,0.18720,0.39089003,0
1505514974,21509688,0.18720,558.37911325,0
1505514970,21509681,0.18720,271.71168799,0
1505514969,21509678,0.18824,0.00000087,1
1505514957,21509647,0.18824,1600.05376913,0
1505514948,21509617,0.18880,1392.15495762,0
1505514947,21509616,0.18880,9071.18625000,1
1505514947,21509615,0.18877,968.61269000,0
1505514947,21509612,0.18825,4843.06346000,0
1505514946,21509611,0.18824,16575.27852000,1
1505514946,21509609,0.18824,2253.96960000,0
1505514929,21509579,0.18824,35.00000000,0
1505514904,21509562,0.18700,103.79160000,1
1505514884,21509541,0.18700,10709.09090909,1
1505514860,21509491,0.18700,4487.06393000,1
1505514847,21509476,0.18700,500.00000000,1
1505514842,21509461,0.18700,1064.37290000,1
1505514838,21509458,0.18783,35.00000000,0
1505514799,21509371,0.18700,4711.63904000,1
1505514799,21509370,0.18701,4288.36096000,1
1505514792,21509349,0.18702,3397.90320000,1
1505514785,21509329,0.18702,1746.14800800,1
1505514785,21509328,0.18703,1558.81730000,1
1505514730,21509257,0.18755,192.00000000,1
1505514706,21509242,0.18818,97.42973000,0
1505514692,21509219,0.18810,35.00000000,0
1505514684,21509211,0.18803,1114.98201058,1
1505514679,21509204,0.18803,1784.67999503,1
1505514679,21509203,0.18804,0.00000497,1
1505514678,21509196,0.18804,280.59893503,0
1505514665,21509168,0.18804,1317.77920000,0
1505514656,21509152,0.18803,751.17700000,1
1505514653,21509141,0.18804,179.76224000,0
1505514652,21509140,0.18803,220.03983195,1
1505514650,21509138,0.18803,2413.13509500,1
1505514642,21509120,0.18803,1311.97320000,1
1505514642,21509117,0.18803,1635.10309500,1
1505514642,21509115,0.18803,457.63533300,1
1505514641,21509114,0.18804,1778.14041000,1
1505514640,21509111,0.18802,768.82204000,0
1505514640,21509110,0.18802,3844.11022000,0
1505514627,21509079,0.18735,5817.84672300,1
1505514616,21509049,0.18735,81.25558000,0
1505514615,21509040,0.18682,2092.91771700,1
1505514608,21509000,0.18680,7983.00000000,0
1505514596,21508944,0.18679,2092.91771700,0
1505514554,21508825,0.18679,1763.88842181,0
1505514536,21508766,0.18640,703.46518154,0
1505514536,21508765,0.18639,1548.84184088,0
1505514532,21508747,0.18639,2250.85151912,1
1505514529,21508728,0.18640,155.61815660,0
1505514528,21508712,0.18640,5875.73801717,0
1505514528,21508711,0.18639,2300.14076283,0
1505514525,21508691,0.18639,160.91136698,0
1505514523,21508668,0.18639,2251.99107231,0
1505514519,21508646,0.18639,154.46463788,0
1505514516,21508627,0.18639,1876.58359626,0
1505514511,21508595,0.18639,154.64483476,0
1505514511,21508588,0.18639,2249.08710155,0
1505514507,21508565,0.18639,155.77635303,0
1505514504,21508547,0.18639,2247.50888338,0
1505514500,21508530,0.18639,1644.42173700,0
1505514497,21508514,0.18638,2245.93066520,0
1505514491,21508486,0.18640,2543.96952600,0
1505514491,21508480,0.18640,1666.82292352,0
1505514491,21508477,0.18499,1642.59781100,0
1505514490,21508470,0.18411,19551.75004271,0
1505514489,21508463,0.18500,1342.79026429,0
1505514489,21508461,0.18500,18993.11880300,0
1505514488,21508457,0.18500,112.34089000,1
1505514486,21508442,0.18640,1820.88119716,0
1505514483,21508425,0.18400,8052.29651879,1
1505514483,21508421,0.18410,35.00000000,1
1505514482,21508420,0.18420,35.00000000,1
1505514482,21508419,0.18420,1399.58340000,0
1505514482,21508417,0.18420,5340.82897264,0
1505514481,21508414,0.18431,1732.89101000,1
1505514481,21508413,0.18460,2580.00000000,1
1505514481,21508411,0.18472,81.25558000,1
1505514481,21508410,0.18472,315.00216000,0
1505514480,21508409,0.18472,213.65433155,0
1505514480,21508407,0.18498,97.42973000,1
1505514480,21508404,0.18500,25438.43243243,1
1505514480,21508402,0.18500,500.36132000,1
1505514479,21508401,0.18500,1575.23587000,0
1505514479,21508399,0.18510,35.00000000,1
1505514479,21508392,0.18513,60278.58772000,1
1505514478,21508386,0.18564,1206.10031459,0
1505514478,21508384,0.18652,400.83103000,1
1505514478,21508382,0.18652,2004.56061000,1
1505514477,21508381,0.18653,57324.48500000,1
1505514477,21508379,0.18654,7853.46400000,1
1505514469,21508336,0.18828,52.59315912,0
1505514468,21508332,0.18700,0.46403012,0
1505514462,21508315,0.18513,9565.15828000,1
1505514462,21508314,0.18600,15434.84172000,1
1505514461,21508307,0.18600,14565.15828000,1
1505514461,21508306,0.18610,35.00000000,1
1505514460,21508305,0.18617,1363.98374000,1
1505514460,21508303,0.18618,1845.94980000,1
1505514460,21508302,0.18619,2539.09926000,1
1505514460,21508300,0.18620,16643.98804000,1
1505514460,21508299,0.18650,2500.00000000,1
1505514460,21508296,0.18651,506.82088000,1
1505514443,21508238,0.18700,662.85920711,0
1505514437,21508212,0.18700,657.31303595,0
1505514435,21508198,0.18700,893.75423905,0
1505514433,21508183,0.18710,35.00000000,1
1505514433,21508182,0.18711,343.28399000,1
1505514433,21508181,0.18711,1716.64137000,1
1505514432,21508180,0.18715,1327.62520000,1
1505514432,21508179,0.18735,80.71773000,1
1505514432,21508178,0.18757,1871.41160000,1
1505514432,21508177,0.18758,2526.24759982,1
1505514432,21508176,0.18759,2526.24760000,1
1505514432,21508175,0.18763,1500.00000000,1
1505514432,21508174,0.18763,1500.00000000,1
1505514432,21508173,0.18763,1737.00696400,1
1505514431,21508169,0.18764,2256.29785647,1
1505514415,21508071,0.18763,2289.24063600,1
1505514415,21508070,0.18763,4026.24760000,1
1505514415,21508069,0.18763,4026.24760000,1
1505514415,21508068,0.18763,2526.24760000,1
1505514414,21508066,0.18764,1447.48041000,0
1505514413,21508059,0.18764,684.53615400,1
1505514413,21508056,0.18764,2887.32294800,1
1505514411,21508049,0.18764,1428.14089800,1
1505514411,21508048,0.18764,1500.00000000,1
1505514411,21508047,0.18764,4026.24760000,1
1505514411,21508046,0.18780,1474.26301000,1
1505514409,21508040,0.18820,53.07656748,0
1505514401,21507966,0.18820,294.05301000,0
1505514392,21507901,0.19015,52.53226400,0
1505514384,21507865,0.18805,1243.64635000,1
1505514384,21507864,0.18807,27.00000000,1
1505514384,21507863,0.18807,1062.94349056,1
1505514384,21507859,0.18808,1915.58329000,1
1505514383,21507857,0.18818,96.77538000,1
1505514383,21507856,0.18820,382.50105000,1
1505514364,21507782,0.19021,52.51569318,0
1505514331,21507669,0.18820,692.67145000,1
1505514331,21507668,0.18821,1313.15190000,1
1505514331,21507666,0.18822,284.47632000,1
1505514290,21507506,0.19037,2482.15822556,0
1505514281,21507468,0.19039,100.00000000,0
1505514249,21507422,0.19224,1020.44829379,1
1505514249,21507420,0.19220,121.88396000,0
1505514249,21507418,0.19220,35.00000000,0
1505514249,21507415,0.19210,35.00000000,0
1505514248,21507414,0.19200,15605.48599927,0
1505514248,21507412,0.19200,500.00000000,0
1505514248,21507411,0.19200,3111.67833850,0
1505514248,21507407,0.19199,1209.90745000,0
1505514247,21507402,0.19087,241.98149000,0
1505514247,21507401,0.19087,2049.78604400,1
1505514247,21507400,0.19087,18262.07950600,1
1505514247,21507399,0.19087,2603.95092100,1
1505514247,21507398,0.19087,3821.00000000,1
1505514246,21507395,0.19001,3210.20000000,1
1505514246,21507392,0.19001,1516.10025695,0
1505514246,21507391,0.19001,4588.37459026,1
1505514244,21507377,0.19000,111.09760000,0
1505514242,21507369,0.19000,2179.97500000,0
1505514239,21507358,0.19090,16147.79203771,0
1505514239,21507357,0.19088,3600.18069000,1
1505514239,21507356,0.19088,1318.98589250,1
1505514239,21507355,0.19088,3171.79631000,1
1505514238,21507354,0.19001,2711.33471923,0
1505514238,21507353,0.19001,3171.79631000,1
1505514238,21507351,0.19001,4662.10111100,1
1505514238,21507348,0.19001,1318.98590000,1
1505514238,21507346,0.19001,4639.06109900,1
1505514237,21507344,0.19001,1008.51168200,1
1505514237,21507340,0.19000,1298.62848167,0
1505514237,21507339,0.19000,1769.50081678,1
1505514236,21507338,0.18999,298.74258000,0
1505514236,21507337,0.18980,46.68317000,0
1505514235,21507335,0.18976,1441.07267024,0
1505514230,21507324,0.18976,52.64022976,0
1505514224,21507302,0.18807,845.48053731,1
1505514223,21507300,0.18815,1308.57140000,1
1505514222,21507298,0.18981,1008.51168200,1
1505514222,21507297,0.18981,1298.62850000,1
1505514222,21507296,0.18981,1293.78506275,1
1505514221,21507291,0.19200,10094.50166150,0
1505514221,21507287,0.19200,9339.21740100,1
1505514221,21507285,0.19198,5420.00000000,0
1505514220,21507284,0.19198,2535.08832500,1
1505514220,21507281,0.19198,2254.98887200,1
1505514220,21507280,0.19198,8749.77400800,1
1505514220,21507278,0.19144,95.77343000,0
1505514219,21507277,0.19100,4886.34513443,0
1505514219,21507276,0.19100,961.59000000,1
1505514219,21507274,0.19080,86.21156507,0
1505514218,21507273,0.19000,200.00000000,0
1505514218,21507272,0.18980,500.00000000,0
1505514218,21507271,0.18979,453.02991000,1
1505514217,21507270,0.18919,3700.88730466,0
1505514217,21507269,0.18918,2265.14954000,0
1505514217,21507268,0.18900,19693.00000000,0
1505514217,21507267,0.18900,5000.00000000,0
1505514215,21507266,0.18899,2627.00202739,0
1505514205,21507255,0.18899,81851.08058627,0
1505514203,21507252,0.18898,2691.26677000,0
1505514194,21507238,0.18898,644.66837761,0
1505514187,21507228,0.18899,23777.49510556,0
1505514183,21507224,0.18899,52.85470131,0
1505514182,21507223,0.18899,23100.79570347,0
1505514180,21507222,0.18898,3318.81893000,0
1505514155,21507169,0.18899,35907.16410000,0
1505514155,21507168,0.18898,2594.09656400,0
1505514155,21507167,0.18896,3005.28009000,0
1505514153,21507166,0.18820,3000.00000000,1
1505514152,21507165,0.18898,1349.05464600,0
1505514152,21507164,0.18897,7224.07233000,0
1505514144,21507157,0.18891,52.87708433,0
1505514136,21507145,0.18819,53.67567600,1
1505514081,21507089,0.18899,52.85470131,0
1505514058,21507049,0.18899,1767.02284434,0
1505514058,21507048,0.18848,2000.00000000,0
1505514058,21507046,0.18830,4717.70250666,0
1505514005,21507009,0.18807,0.00005825,0
1505514003,21507004,0.18807,1979.22651175,0
1505514000,21507002,0.18818,95.77343000,1
1505513988,21506976,0.18846,516.00000000,0
1505513981,21506966,0.18847,8584.57239200,0
1505513903,21506775,0.18849,1440.26602179,1
1505513898,21506763,0.18850,464.05722890,0
1505513892,21506745,0.18850,1781.21930033,0
1505513887,21506728,0.18850,2245.68552676,0
1505513886,21506726,0.18849,411.73397821,1
1505513886,21506724,0.18849,2244.23470179,1
1505513868,21506595,0.18850,1848.64132493,1
1505513864,21506578,0.18850,4798.09394500,1
1505513864,21506577,0.18850,3256.09599500,1
1505513859,21506536,0.18850,583.38281529,1
1505513859,21506535,0.18850,1265.31321771,1
1505513840,21506439,0.18897,38.30632041,0
1505513829,21506408,0.18850,1709.46972400,1
1505513798,21506279,0.18850,827.93535456,1
1505513798,21506278,0.18887,1179.08414544,1
1505513777,21506230,0.18920,2799.11269534,1
1505513720,21506173,0.18920,27.00000000,1
1505513706,21506145,0.18920,1114.19683793,1
1505513706,21506143,0.18921,1309.60690000,1
1505513706,21506141,0.18922,86.21156507,1
1505513576,21506015,0.18892,130.00000000,1
1505513466,21505810,0.18887,1418.73276300,1
1505513465,21505808,0.18887,9510.63100000,1
1505513464,21505798,0.18887,1147.35789100,1
1505513459,21505793,0.18887,1503.24022600,1
1505513459,21505792,0.18889,1296.93540000,1
1505513454,21505780,0.18887,145.68707500,1
1505513452,21505776,0.18887,10000.00000000,1
1505513441,21505716,0.18887,2107.00000000,1
1505513441,21505702,0.18887,2816.00000000,1
1505513438,21505695,0.18887,3263.10730000,1
1505513437,21505693,0.18887,2802.15298000,1
1505513433,21505691,0.18887,1510.31560000,1
1505513433,21505690,0.18888,1292.68440000,1
1505513412,21505643,0.18850,3033.48602386,1
1505513412,21505641,0.18868,1500.23064414,1
1505513407,21505614,0.18868,999.76935586,1
1505513407,21505612,0.18887,2803.00000014,1
1505513404,21505588,0.18887,1475.99944100,1
1505513403,21505582,0.19050,62.75558400,0
1505513398,21505560,0.18887,721.00055886,1
1505513398,21505559,0.18940,905.00000000,1
1505513398,21505558,0.18941,1176.99944114,1
1505513392,21505537,0.19079,52.35330189,0
1505513388,21505529,0.18940,2771.66916301,1
1505513388,21505528,0.18943,355.08120000,1
1505513388,21505526,0.18943,1776.32747000,1
1505513388,21505525,0.18984,90.69357794,1
1505513387,21505524,0.18988,1856.79758905,1
1505513382,21505506,0.19086,52.33684376,0
1505513365,21505453,0.18988,3561.73387100,1
1505513351,21505419,0.18988,3605.75440500,1
1505513351,21505418,0.18989,2672.16268000,1
1505513351,21505416,0.18995,1608.99516000,1
1505513350,21505414,0.18997,1291.70730000,1
1505513350,21505412,0.19000,587.86700000,1
1505513347,21505404,0.19000,3701.69980000,1
1505513346,21505402,0.19000,2009.43320000,1
1505513343,21505389,0.19000,701.00000000,1
1505513326,21505345,0.18996,1213.38930000,1
1505513326,21505344,0.19013,1286.61070000,1
1505513314,21505323,0.18996,2455.87309600,1
1505513314,21505322,0.19012,719.12242000,1
1505513307,21505303,0.19121,52.24104388,0
1505513304,21505276,0.19070,1332.29554000,1
1505513304,21505274,0.19070,923.32684546,1
1505513291,21505244,0.19132,52.21100774,0
1505513284,21505233,0.19070,14210.32661400,1
1505513281,21505229,0.19070,2255.73190500,1
1505513230,21505172,0.19144,1702.00000000,0
1505513230,21505171,0.19070,1656.78600000,1
1505513213,21505133,0.19144,781.58133097,0
1505513165,21505072,0.19071,522.83020000,1
1505513163,21505068,0.19071,2790.00000000,1
1505513160,21505064,0.19185,52.06677091,0
1505513158,21505060,0.19070,1203.27339000,1
1505513158,21505059,0.19071,1586.72661000,1
1505513157,21505055,0.19071,2790.00000000,1
1505513155,21505053,0.19185,52.06677091,0
1505513150,21505050,0.19071,212.82950000,1
1505513147,21505048,0.19185,52.06677091,0
1505513143,21505036,0.19073,439.69421827,1
1505513143,21505035,0.19074,947.69718000,1
1505513143,21505034,0.19075,1307.60850000,1
1505513142,21505033,0.19084,95.00010173,1
1505513142,21505027,0.19185,52.06677091,0
1505513128,21505011,0.19073,744.51560000,1
1505513114,21504998,0.19084,584.92470000,1
1505513106,21504992,0.19083,15298.08223100,1
1505513106,21504991,0.19083,1540.72840000,1
1505513064,21504926,0.19189,52.05591745,0
1505513055,21504915,0.19078,53.10160400,1
1505513047,21504903,0.19188,52.05863039,0
1505512891,21504718,0.19070,138.92624497,0
1505512891,21504717,0.19076,3092.69265045,1
1505512890,21504716,0.19078,2081.63350000,1
1505512847,21504665,0.19190,171.29163000,0
1505512847,21504664,0.19180,30.00000000,0
1505512846,21504663,0.19173,82.39586000,0
1505512846,21504662,0.19146,440.21875000,0
1505512846,21504659,0.19146,2201.09376000,0
1505512846,21504658,0.19076,2075.00000000,0
1505512792,21504582,0.19150,3088.60230631,1
1505512789,21504578,0.19150,11466.51013000,1
1505512788,21504576,0.19150,2184.00680600,1
1505512783,21504575,0.19150,904.59550000,1
1505512779,21504573,0.19130,18996.00000000,0
1505512779,21504572,0.19129,3023.54962962,0
1505512779,21504571,0.19128,2314.37565000,0
1505512779,21504570,0.19117,1291.05510000,0
1505512778,21504569,0.19010,1498.51010000,0
1505512773,21504562,0.19038,2500.00000000,1
1505512773,21504561,0.19039,1391.68990000,1
1505512769,21504556,0.19119,1274.00000000,0
1505512756,21504533,0.19126,52.11889574,0
1505512754,21504530,0.19100,0.10861464,0
1505512747,21504514,0.19100,1559.00000000,0
1505512683,21504363,0.19100,52.29848168,0
1505512608,21504290,0.19019,7326.26186100,1
1505512608,21504289,0.19022,4987.51748000,1
1505512608,21504288,0.19025,2089.54690000,1
1505512606,21504282,0.19093,618.83068000,1
1505512586,21504259,0.19100,6283.47528600,0
1505512477,21504124,0.19100,52.29848168,0
1505512447,21504101,0.19093,2816.00000000,1
1505512445,21504099,0.19093,187.00000000,1
1505512443,21504098,0.19093,187.00000000,1
1505512436,21504088,0.19090,4948.39862000,0
1505512436,21504087,0.19089,1284.77070000,0
1505512423,21504073,0.19013,1310.95700000,1
1505512422,21504070,0.19037,1039.00000000,1
1505512422,21504068,0.19037,4346.87140000,1
1505512420,21504065,0.19100,36998.89526397,0
1505512420,21504064,0.19100,594.04240000,1
1505512420,21504062,0.19093,1295.84470000,0
1505512419,21504060,0.19090,4861.10656100,1
1505512418,21504059,0.19090,6654.94700000,0
1505512395,21504053,0.19100,34354.59224900,0
1505512395,21504052,0.19099,705.79296000,0
1505512395,21504051,0.19098,4939.61479100,0
1505512379,21504040,0.19099,52.30121995,0
1505512374,21504037,0.19098,52.30395853,0
1505512368,21504036,0.19037,1043.32860000,1
1505512351,21504022,0.19100,10699.33162303,0
1505512351,21504019,0.19048,1279.09610000,0
1505512351,21504018,0.19042,2500.00000000,0
1505512351,21504017,0.19042,2500.00000000,0
1505512350,21504016,0.19042,2500.00000000,0
1505512350,21504015,0.19042,2500.00000000,0
1505512350,21504013,0.19038,2500.00000000,0
1505512350,21504012,0.19038,2500.00000000,0
1505512350,21504011,0.19038,2500.00000000,0
1505512349,21504010,0.19037,14447.51313400,0
1505512349,21504009,0.19037,2500.00000000,0
1505512349,21504007,0.19036,848.40473000,0
1505512349,21504006,0.19036,2500.00000000,0
1505512349,21504005,0.19036,2500.00000000,0
1505512347,21503997,0.19035,872.00000417,0
1505512329,21503970,0.19035,1627.99999583,0
1505512329,21503969,0.19033,0.00000417,0
1505512302,21503920,0.19033,946.36205000,0
1505512289,21503892,0.19033,1280.88100000,0
1505512275,21503879,0.19033,1314.55894000,0
1505512272,21503873,0.19033,5390.20000000,0
1505512263,21503851,0.19033,1314.55894000,0
1505512257,21503847,0.19033,52.48258288,0
1505512257,21503846,0.19033,52.48258288,0
1505512256,21503845,0.19033,52.48258288,0
1505512255,21503843,0.19033,52.48258288,0
1505512250,21503835,0.19033,52.48258288,0
1505512249,21503833,0.19033,1280.38900000,0
1505512249,21503830,0.19033,52.48258288,0
1505512236,21503824,0.19033,1314.55894000,0
1505512224,21503820,0.19033,1299.20783955,0
1505512224,21503818,0.19033,15.35110045,0
1505512205,21503802,0.19033,1349.42789400,0
1505512205,21503801,0.19032,1595.56491000,0
1505512194,21503782,0.19033,5331.50525000,0
1505512193,21503781,0.19033,7243.73737100,0
1505512193,21503779,0.19032,1895.72069000,0
1505512179,21503743,0.19032,924.35894000,0
1505512159,21503681,0.19033,507.49222855,0
1505512159,21503679,0.19033,2500.00000000,0
1505512159,21503677,0.19014,414.22740000,0
1505512159,21503675,0.19014,414.22740000,0
1505512158,21503673,0.19014,414.22740000,0
1505512158,21503672,0.19014,414.22740000,0
1505512158,21503671,0.19014,414.22740000,0
1505512158,21503668,0.19014,414.22740000,0
1505512158,21503666,0.19014,239.22740000,0
1505512158,21503665,0.19014,239.22740000,0
1505512158,21503663,0.19014,239.22740000,0
1505512158,21503661,0.19014,239.22740000,0
1505512157,21503660,0.19013,414.22740000,0
1505512157,21503658,0.19013,414.22740000,0
1505512157,21503656,0.19013,414.22740000,0
1505512157,21503654,0.19013,414.22740000,0
1505512157,21503653,0.19013,414.22740000,0
1505512157,21503651,0.19013,414.22740000,0
1505512157,21503649,0.19013,414.22740000,0
1505512156,21503648,0.19013,659.22740000,0
1505512156,21503646,0.19013,659.22740000,0
1505512156,21503645,0.19013,659.22740000,0
1505512156,21503643,0.19013,659.22740000,0
1505512156,21503641,0.19013,659.22740000,0
1505512156,21503639,0.19013,659.22740000,0
1505512156,21503638,0.19013,659.22740000,0
1505512154,21503631,0.19009,764.22740000,0
1505512154,21503630,0.19009,99.22740000,0
1505512151,21503617,0.18977,6325.65886500,0
1505512151,21503616,0.18977,761.11873500,0
1505512151,21503615,0.18976,5563.87460000,0
1505512151,21503614,0.18976,477.16560000,0
1505512150,21503613,0.18976,5086.70900000,0
1505512150,21503612,0.18975,2000.06860000,0
1505512150,21503610,0.18975,3563.80600000,0
1505512150,21503608,0.18975,5563.87460000,0
1505512150,21503607,0.18975,5045.87460000,0
1505512144,21503594,0.18975,518.00000000,0
1505512143,21503591,0.18974,2617.87766000,1
1505512142,21503589,0.18974,459.27680860,0
1505512135,21503570,0.18974,155.91316500,0
1505512134,21503565,0.18974,3189.52411067,0
1505512133,21503563,0.18974,1759.16051573,0
1505512133,21503562,0.18974,388.57801027,0
1505512133,21503561,0.18972,873.13614000,0
1505512128,21503550,0.18974,5175.29658973,0
1505512128,21503549,0.18974,5563.87460000,0
1505512127,21503548,0.18973,3110.34969000,0
1505512127,21503547,0.18971,3021.51104527,0
1505512116,21503517,0.18969,4987.50000000,0
1505512114,21503506,0.18971,155.91316500,0
1505512113,21503502,0.18969,1259.39225511,0
1505512107,21503480,0.18971,1066.03789352,0
1505512107,21503475,0.18969,5325.56472100,0
1505512106,21503473,0.18969,1475.06342900,0
1505512106,21503471,0.18969,809.03944500,0
1505512074,21503359,0.18964,1814.61781600,0
1505512055,21503332,0.18877,556.15838493,1
1505512030,21503280,0.18860,26097.37429934,1
1505512030,21503279,0.18862,1388.04968000,1
1505512030,21503278,0.18873,2508.45190000,1
1505512030,21503276,0.18874,5390.20000000,1
1505512030,21503275,0.18876,2500.00000000,1
1505512030,21503274,0.18877,12860.15620000,1
1505512027,21503259,0.18875,3683.86900000,1
1505512011,21503205,0.18957,1000.00000000,1
1505511994,21503092,0.18964,2900.04307208,1
1505511990,21503083,0.18970,436.71597735,0
1505511990,21503082,0.18965,1312.16460000,0
1505511990,21503080,0.18964,1103.72869000,1
1505511989,21503073,0.18958,15388.63994786,0
1505511983,21503064,0.18950,2510.01530300,1
1505511971,21503004,0.18860,2328.98723000,1
1505511971,21503003,0.18867,417.42468000,1
1505511970,21503002,0.18867,2092.23073000,1
1505511970,21503001,0.18868,1936.14740000,1
1505511970,21502999,0.18869,6006.25356000,0
1505511968,21502991,0.18968,2218.95640000,1
1505511967,21502984,0.18969,2224.91054006,0
1505511966,21502980,0.18971,1320.41249621,0
1505511963,21502959,0.18975,3288.19423361,0
1505511960,21502949,0.18983,1933.68000100,1
1505511960,21502948,0.18983,1127.27723395,1
1505511960,21502947,0.18985,2218.29866605,1
1505511956,21502939,0.18985,233.25024395,1
1505511956,21502937,0.19000,51.36842105,1
1505511908,21502820,0.19061,450.05786685,0
1505511885,21502732,0.19019,5.77262969,1
1505511884,21502728,0.19019,35.00000000,1
1505511884,21502727,0.19019,35.00000000,1
1505511884,21502725,0.19023,35.00000000,1
1505511884,21502723,0.19023,35.00000000,1
1505511884,21502721,0.19044,852.25385948,1
1505511884,21502720,0.19045,1791.97351083,1
1505511881,21502716,0.19045,186.00000000,1
1505511815,21502557,0.19045,3573.96538917,1
1505511815,21502556,0.19045,542.26630540,1
1505511815,21502554,0.19050,883.76830543,1
1505511789,21502526,0.19120,36.51956067,0
1505511725,21502467,0.19051,114.93613000,1
1505511683,21502440,0.19120,1286.32860000,0
1505511682,21502436,0.19120,523.78200000,0
1505511682,21502434,0.19120,3535.28608600,0
1505511657,21502353,0.19120,7154.96576500,0
1505511657,21502351,0.19119,1399.08359000,0
1505511653,21502343,0.19120,11997.76245100,0
1505511653,21502342,0.19119,1399.08359000,0
1505511605,21502293,0.19087,1421.39212300,0
1505511603,21502287,0.19087,62.60787700,0
1505511548,21502215,0.19120,2044.08681500,0
1505511547,21502211,0.19120,1031.16200300,0
1505511547,21502210,0.19119,298.10453000,0
1505511545,21502209,0.19119,1364.17300000,0
1505511533,21502202,0.19119,400.40700000,0
1505511487,21502146,0.19100,2390.00000000,0
1505511458,21502124,0.19120,52.24377615,0
1505511458,21502123,0.19120,52.24377615,0
1505511456,21502120,0.19120,52.24377615,0
1505511454,21502119,0.19120,52.24377615,0
1505511447,21502115,0.19120,52.24377615,0
1505511446,21502114,0.19120,52.24377615,0
1505511445,21502112,0.19120,52.24377615,0
1505511352,21501935,0.19120,2367.71515000,0
1505511338,21501914,0.19120,2367.71515000,0
1505511325,21501898,0.19120,199.24290000,0
1505511312,21501878,0.19120,1278.86890000,0
1505511309,21501874,0.19120,2410.29225941,0
1505511299,21501788,0.19120,2407.48403000,0
1505511286,21501759,0.19120,2407.48403000,0
1505511273,21501726,0.19045,2500.00000000,1
1505511273,21501725,0.19049,2500.00000000,1
1505511272,21501723,0.19120,199.24288000,0
1505511259,21501676,0.19120,2367.71515000,0
1505511252,21501669,0.19120,11000.00000000,0
1505511246,21501659,0.19120,2367.71515000,0
1505511233,21501648,0.19120,2367.71515000,0
1505511220,21501627,0.19120,2367.71515000,0
1505511207,21501599,0.19050,497.07903406,1
1505511207,21501598,0.19072,2.92096594,1
1505511207,21501595,0.19120,2367.71515000,0
1505511193,21501572,0.19120,2367.71516000,0
1505511182,21501517,0.19119,212.85955000,1
1505511180,21501502,0.19120,1498.39200000,0
1505511171,21501477,0.19120,21939.38985355,0
1505511169,21501472,0.19119,2651.31302000,0
1505511161,21501457,0.19119,302.60662169,0
1505511151,21501408,0.19046,4169.35903406,0
1505511144,21501384,0.19046,16678.86569700,0
1505511143,21501379,0.19046,1759.14119500,0
1505511127,21501343,0.19046,4169.35903400,0
1505511107,21501272,0.19045,2509.67259460,1
1505511095,21501247,0.19046,5551.93890000,1
1505511095,21501246,0.19046,5551.93890000,1
1505511095,21501245,0.19046,2131.64988203,1
1505511090,21501224,0.19046,7868.35011797,1
1505511090,21501222,0.19046,7763.05452260,1
1505511087,21501215,0.19046,435.54700000,1
1505511059,21501148,0.19046,1801.39847740,1
1505511059,21501147,0.19046,2224.20890093,1
1505511059,21501146,0.19065,36.99999867,1
1505511034,21501039,0.19119,52.24650871,0
1505511032,21501021,0.19119,52.24650871,0
1505511029,21501001,0.19065,0.00000133,0
1505511022,21500965,0.19046,5328.15511350,1
1505511022,21500961,0.19065,1924.84614000,0
1505511012,21500927,0.19066,0.15385867,1
1505511005,21500908,0.19119,114.93513100,0
1505510986,21500857,0.19066,819.00000000,1
1505510972,21500802,0.19066,345.84614133,1
1505510963,21500772,0.19066,1335.00000000,1
1505510939,21500709,0.19067,284.00000000,1
1505510915,21500667,0.19046,2447.63598557,1
1505510915,21500666,0.19046,10000.00000000,1
1505510915,21500665,0.19046,4448.06106443,1
1505510915,21500664,0.19059,9155.61129000,1
1505510915,21500663,0.19061,5000.00000000,1
1505510914,21500661,0.19061,2500.00000000,1
1505510914,21500660,0.19062,16448.69166000,1
1505510898,21500598,0.19060,356.58200000,0
1505510897,21500596,0.19060,2143.41800000,1
1505510857,21500405,0.19129,534.10000000,0
1505510857,21500401,0.19129,3968.72795232,0
1505510830,21500299,0.19128,52.22192597,0
1505510829,21500298,0.19128,52.22192597,0
1505510828,21500292,0.19128,52.22192597,0
1505510824,21500280,0.19129,52.21919599,0
1505510824,21500276,0.19129,52.21919599,0
1505510822,21500265,0.19129,52.21919599,0
1505510820,21500256,0.19129,52.21919599,0
1505510816,21500243,0.19129,52.21919598,0
1505510815,21500241,0.19129,52.21919599,0
1505510815,21500239,0.19129,52.21919598,0
1505510815,21500238,0.19129,5744.94145015,0
1505510815,21500237,0.19120,35.00000000,0
1505510814,21500234,0.19110,35.00000000,0
1505510814,21500233,0.19110,1581.57417584,0
1505510814,21500229,0.19063,1583.29474580,0
1505510813,21500224,0.19050,939.93833381,0
1505510811,21500222,0.19050,52.43574803,0
1505510801,21500163,0.19045,8084.91866243,0
1505510801,21500161,0.19044,1556.10480657,0
1505510798,21500146,0.19044,155.53074000,0
1505510785,21500106,0.19044,1679.27766000,0
1505510772,21500082,0.19044,1679.27766000,0
1505510759,21500033,0.19044,1679.27766000,0
1505510751,21500014,0.19044,52.45226843,0
1505510750,21500012,0.19010,0.00000223,0
1505510749,21500011,0.19010,34.99999777,0
1505510749,21500010,0.19000,0.00000223,0
1505510746,21500000,0.19000,175.11448325,0
1505510745,21499999,0.19000,1239.37601675,0
1505510738,21499968,0.19000,52.57373684,0
1505510736,21499964,0.19000,52.57373684,0
1505510734,21499961,0.19000,52.57373684,0
1505510732,21499952,0.19000,52.57373684,0
1505510727,21499941,0.19000,52.57373684,0
1505510726,21499939,0.19000,7514.93029905,0
1505510726,21499937,0.19000,6362.85146916,0
1505510726,21499936,0.18999,1733.89023179,0
1505510724,21499930,0.18999,52.57650403,0
1505510719,21499906,0.18999,52.57650403,0
1505510717,21499893,0.18999,157.72947015,1
1505510717,21499892,0.19000,52.57373684,0
1505510716,21499891,0.18999,1758.86402985,0
1505510716,21499888,0.18999,52.57650403,0
1505510715,21499887,0.18999,52.57650403,0
1505510714,21499886,0.18999,52.57650403,0
1505510712,21499878,0.18999,52.57650403,0
1505510710,21499872,0.18999,52.57650403,0
1505510703,21499836,0.18990,9166.32896660,0
1505510695,21499797,0.18990,9500.80332000,0
1505510695,21499795,0.18989,499.19668000,0
1505510693,21499784,0.18979,617.00000000,0
1505510693,21499782,0.18977,277.02699000,0
1505510692,21499781,0.18977,2218.95640000,0
1505510685,21499741,0.18949,329.14100000,0
1505510678,21499703,0.18953,0.00000021,1
1505510677,21499698,0.18950,1571.98490979,0
1505510677,21499696,0.18950,4620.35384000,0
1505510676,21499695,0.18949,1571.98491000,0
1505510667,21499653,0.18949,816.69300000,1
1505510657,21499597,0.18948,2987.88021000,0
1505510657,21499596,0.18863,19723.67214312,0
1505510656,21499593,0.18863,1413.30450931,0
1505510654,21499586,0.18863,9115.78901800,0
1505510653,21499581,0.18863,20076.49896600,0
1505510653,21499580,0.18863,5138.71216000,0
1505510652,21499575,0.18863,618.52571752,0
1505510652,21499572,0.18863,1312.62640000,0
1505510650,21499563,0.18863,12600.87108605,0
1505510608,21499363,0.18940,52.74028511,0
1505510601,21499350,0.18940,52.74028511,0
1505510595,21499287,0.18940,52.74028511,0
1505510581,21499233,0.18865,231.48018330,1
1505510570,21499207,0.18980,1324.94743000,0
1505510553,21499170,0.18983,4262.76625000,0
1505510543,21499128,0.18930,1584.78605388,0
1505510537,21499119,0.18845,53.24396800,1
1505510532,21499107,0.18930,2491.96434100,0
1505510531,21499098,0.18928,538.19866500,0
1505510530,21499097,0.18900,499.97000000,0
1505510495,21498970,0.18899,3714.30049000,0
1505510484,21498933,0.18900,4572.69000000,0
1505510482,21498925,0.18899,3096.28249000,0
1505510468,21498890,0.18804,31.08080820,0
1505510467,21498888,0.18804,137.90329180,0
1505510456,21498843,0.18850,1484.00000000,0
1505510400,21498786,0.18801,1483.99990000,1
1505510399,21498784,0.18802,5032.77980000,1
1505510399,21498783,0.18803,1416.92190000,1
1505510382,21498768,0.18903,3000.00000000,0
1505510361,21498741,0.18900,4302.34615100,1
1505510358,21498740,0.18903,506.58937735,0
1505510353,21498738,0.18900,451.65384900,1
1505510286,21498692,0.18936,52.75142585,1
1505510284,21498691,0.18900,0.00000048,0
1505510269,21498660,0.18894,1615.88972300,0
1505510229,21498597,0.18895,300.00000000,0
1505510189,21498567,0.18900,3985.48459000,0
1505510178,21498560,0.18900,708.81160000,0
1505510168,21498552,0.18895,708.64634920,1
1505510162,21498544,0.18895,708.64634438,1
1505510162,21498543,0.18897,0.00000482,1
1505510151,21498530,0.18897,676.61518518,0
1505510142,21498523,0.18896,15897.06821550,1
1505510128,21498474,0.18898,320.00000000,1
1505510126,21498461,0.18900,52.85190476,0
1505510124,21498456,0.18900,52.85190476,0
1505510124,21498453,0.18900,200.00000000,0
1505510119,21498443,0.18898,52.85749815,0
1505510108,21498416,0.18886,2205.78728000,0
1505510073,21498343,0.18895,1599.99748503,0
1505510073,21498342,0.18822,0.00251497,0
1505510073,21498340,0.18825,1309.94440000,1
1505510072,21498339,0.18850,348.46748503,1
1505510065,21498324,0.18850,200.00000000,1
1505510047,21498277,0.18929,200.00000000,0
1505510034,21498245,0.18933,100.78851740,0
1505510025,21498215,0.18873,1290.33480000,1
1505510012,21498204,0.18941,52.73750066,0
1505510012,21498203,0.18941,52.58480733,0
1505510011,21498202,0.18939,52.74306986,0
1505510009,21498201,0.18939,52.74306986,0
1505510006,21498196,0.18939,52.74028511,0
1505510005,21498192,0.18940,52.73750066,0
1505510005,21498190,0.18940,52.74028511,1
1505509999,21498178,0.18941,52.73750066,0
1505509998,21498177,0.18941,52.73750066,0
1505509995,21498171,0.18998,52.57927150,0
1505509992,21498162,0.18990,52.57650403,0
1505509985,21498155,0.18992,52.59588248,0
1505509984,21498154,0.18992,52.59588248,0
1505509984,21498152,0.18992,52.59588248,0
1505509982,21498135,0.18992,52.59588248,0
1505509970,21498089,0.18995,52.58757567,0
1505509968,21498087,0.18900,0.00000082,0
1505509913,21497976,0.18900,385.19950000,0
1505509908,21497975,0.18900,28.92259000,0
1505509889,21497920,0.18986,1560.87448646,0
1505509889,21497908,0.18955,1296.12460000,0
1505509887,21497902,0.18935,5000.00000000,0
1505509804,21497681,0.18934,63.21960500,0
1505509759,21497616,0.18850,414.72999963,1
1505509758,21497615,0.18856,0.00000037,1
1505509750,21497606,0.18856,1209.62900600,1
1505509741,21497588,0.18852,1210.48000000,1
1505509647,21497372,0.18988,52.09566315,0
1505509634,21497340,0.18998,174.89702788,0
1505509614,21497236,0.19001,2601.74979400,1
1505509611,21497228,0.19001,6335.30737600,1
1505509609,21497217,0.19001,80.11783000,0
1505509606,21497207,0.19000,4836.14918873,1
1505509605,21497202,0.19000,10000.00000000,1
1505509605,21497201,0.19000,10000.00000000,1
1505509605,21497198,0.19000,10000.00000000,1
1505509605,21497197,0.19000,10000.00000000,1
1505509604,21497192,0.19000,2752.17743700,1
1505509604,21497189,0.19000,10000.00000000,1
1505509604,21497188,0.19000,10000.00000000,1
1505509602,21497186,0.19000,1224.60000000,1
1505509601,21497182,0.19000,1583.62114000,1
1505509601,21497180,0.19000,3345.98069800,1
1505509599,21497176,0.19000,6176.70556843,0
1505509599,21497174,0.18998,262.89640000,0
1505509599,21497172,0.18997,368.05490000,0
1505509599,21497171,0.18997,368.05490000,0
1505509599,21497167,0.18997,368.05490000,0
1505509599,21497165,0.18997,368.05490000,0
1505509598,21497163,0.18996,1283.75790000,0
1505509598,21497161,0.18994,105.15850000,0
1505509598,21497160,0.18994,105.15850000,0
1505509598,21497159,0.18994,210.16206152,0
1505509598,21497157,0.18993,6266.65162632,0
1505509598,21497155,0.18992,312.30115000,0
1505509598,21497154,0.18991,62.46023000,0
1505509580,21497118,0.18993,14.91206997,0
1505509580,21497117,0.18993,52.59311325,0
1505509580,21497116,0.18993,52.59311325,0
1505509580,21497114,0.18993,52.59311325,0
1505509579,21497113,0.18993,52.59311325,0
1505509579,21497112,0.18993,52.59311325,0
1505509579,21497110,0.18993,52.59311325,0
1505509579,21497107,0.18993,52.59311325,0
1505509578,21497104,0.18993,52.59034432,0
1505509578,21497102,0.18993,52.59034432,0
1505509578,21497099,0.18993,52.59034432,0
1505509577,21497093,0.18994,52.59034432,0
1505509577,21497088,0.18994,52.59034432,0
1505509577,21497087,0.18994,52.59034432,0
1505509576,21497086,0.18994,0.12180552,0
1505509576,21497085,0.18994,52.46853880,0
1505509574,21497075,0.18994,52.59034432,0
1505509573,21497072,0.18994,52.59034432,0
1505509573,21497071,0.18994,52.59034432,0
1505509573,21497070,0.18994,52.59034432,0
1505509573,21497069,0.18994,52.59034432,0
1505509572,21497067,0.18994,52.59034432,0
1505509572,21497065,0.18994,0.04429528,0
1505509572,21497064,0.18994,52.54604904,0
1505509572,21497063,0.18994,52.59034432,0
1505509571,21497060,0.18994,52.59034432,0
1505509571,21497059,0.18994,52.59034432,0
1505509571,21497057,0.18994,52.59034432,0
1505509567,21497048,0.19000,52.57373684,1
1505509567,21497047,0.19000,52.57373684,1
1505509566,21497043,0.19000,52.57373684,0
1505509566,21497042,0.19000,52.57373684,0
1505509566,21497040,0.19000,52.57373684,0
1505509566,21497039,0.19000,52.57373684,0
1505509566,21497038,0.19000,52.57373684,0
1505509563,21497033,0.18998,52.57927150,0
1505509562,21497021,0.18999,52.57650403,1
1505509562,21497017,0.19000,52.57373684,1
1505509562,21497013,0.19000,52.57373684,1
1505509562,21497009,0.19000,52.57373684,1
1505509562,21497006,0.19000,52.57373684,1
1505509561,21497003,0.19000,52.57373684,1
1505509561,21497002,0.19000,52.57373684,1
1505509561,21497000,0.19000,52.57373684,1
1505509561,21496998,0.19000,52.57373684,1
1505509560,21496995,0.19000,408.38877505,0
1505509558,21496990,0.18999,52.57650403,0
1505509558,21496985,0.18999,52.57650403,0
1505509557,21496983,0.18999,52.57650403,0
1505509557,21496982,0.18999,52.57650403,0
1505509557,21496981,0.18999,52.57650403,0
1505509557,21496976,0.18999,52.57650403,0
1505509556,21496975,0.18999,52.57650403,0
1505509556,21496971,0.18999,52.57373684,0
1505509555,21496967,0.19000,52.57373684,0
1505509555,21496963,0.19000,52.57373684,0
1505509555,21496961,0.19000,52.57373684,0
1505509553,21496947,0.19000,23504.91141397,0
1505509553,21496946,0.18940,16455.24556497,0
1505509553,21496942,0.18940,52.74028511,0
1505509552,21496941,0.18940,52.74028511,0
1505509552,21496938,0.18940,52.74028511,0
1505509552,21496937,0.18940,52.74028511,0
1505509552,21496933,0.18940,52.74028511,0
1505509552,21496932,0.18940,52.74028511,0
1505509551,21496926,0.18940,52.74028511,0
1505509551,21496923,0.18940,52.74028511,0
1505509548,21496912,0.18940,52.74028511,0
1505509548,21496911,0.18940,52.74028511,0
1505509547,21496908,0.18940,52.74028511,0
1505509547,21496907,0.18940,52.74028511,0
1505509547,21496906,0.18940,52.74028511,0
1505509547,21496905,0.18940,52.74028511,0
1505509547,21496903,0.18940,52.74028511,0
1505509547,21496901,0.18940,52.74028511,0
1505509546,21496895,0.18940,52.74028511,0
1505509546,21496888,0.18940,52.74028511,0
1505509545,21496884,0.18940,52.74028511,0
1505509545,21496883,0.18940,52.74028511,0
1505509545,21496879,0.18940,52.74028511,0
1505509545,21496877,0.18940,1939.20844772,0
1505509544,21496871,0.18939,125.88135000,1
1505509544,21496867,0.18910,35.00000000,0
1505509543,21496851,0.18909,629.40676000,0
1505509541,21496829,0.18900,7564.52698400,0
1505509540,21496818,0.18900,52.85190476,0
1505509540,21496815,0.18900,52.85190476,0
1505509540,21496813,0.18900,52.85190476,0
1505509540,21496811,0.18900,52.85190476,0
1505509539,21496809,0.18900,52.85190476,0
1505509539,21496806,0.18900,52.85190476,0
1505509539,21496804,0.18900,52.85190476,0
1505509539,21496801,0.18900,52.85190476,0
1505509538,21496792,0.18900,52.85190476,0
1505509538,21496790,0.18900,52.85190476,0
1505509538,21496788,0.18900,52.85190476,0
1505509538,21496786,0.18900,52.85190476,0
1505509538,21496784,0.18900,52.85190476,0
1505509537,21496774,0.18900,52.85190476,0
1505509537,21496771,0.18900,52.85190476,0
1505509537,21496768,0.18900,52.85190476,0
1505509536,21496763,0.18900,52.85190476,0
1505509536,21496762,0.18900,52.85190476,0
1505509536,21496759,0.18900,52.85190476,0
1505509536,21496753,0.18900,52.85190476,0
1505509535,21496752,0.18900,52.85190476,0
1505509535,21496751,0.18900,52.85190476,0
1505509534,21496743,0.18900,2245.00102200,0
1505509533,21496739,0.18900,366.06269000,0
1505509533,21496735,0.18900,52.85190476,0
1505509532,21496733,0.18900,6511.51725800,0
1505509532,21496730,0.18900,1234.06195100,0
1505509532,21496728,0.18899,747.81001000,0
1505509526,21496704,0.18900,5863.23628552,0
1505509526,21496702,0.18898,41.43217048,0
1505509521,21496668,0.18899,231.56782952,1
1505509518,21496642,0.18898,0.00000048,0
1505509517,21496641,0.18898,998.89744400,1
1505509517,21496639,0.18898,2243.37677352,1
1505509507,21496554,0.18850,98.41478363,0
1505509507,21496551,0.18848,90.00000000,0
1505509507,21496549,0.18810,35.00000000,0
1505509473,21496437,0.18760,1500.00000000,0
1505509471,21496433,0.18757,1871.41160000,0
1505509456,21496402,0.18743,54.26229500,1
1505509453,21496391,0.18757,314.70068000,0
1505509439,21496373,0.18741,1402.95502700,1
1505509435,21496366,0.18757,1007.34742000,0
1505509405,21496284,0.18757,1806.54030000,0
1505509396,21496258,0.18758,1429.31321700,0
1505509385,21496220,0.18758,1806.54030000,0
1505509379,21496179,0.18757,534.51829300,1
1505509376,21496167,0.18757,1213.40658700,1
1505509372,21496115,0.18758,1316.62960000,0
1505509364,21496073,0.18758,4792.68088282,0
1505509357,21496061,0.18757,90.36014300,0
1505509357,21496060,0.18757,886.70225300,0
1505509346,21496028,0.18757,1472.12468000,0
1505509341,21496016,0.18757,2602.71961400,0
1505509341,21496014,0.18757,4351.38437900,0
1505509341,21496012,0.18757,687.06907400,0
1505509340,21496011,0.18757,5056.26614900,0
1505509340,21496010,0.18757,2782.59194100,0
1505509340,21496009,0.18756,1121.48748000,0
1505509340,21496006,0.18751,2538.31661954,0
1505509340,21496005,0.18751,5086.00400000,0
1505509333,21495985,0.18751,1413.78257000,0
1505509327,21495967,0.18751,284.94771443,1
1505509327,21495966,0.18756,676.94909603,1
1505509320,21495944,0.18757,1018.49613000,0
1505509312,21495924,0.18756,476.66608397,0
1505509306,21495909,0.18756,1223.74000000,0
1505509305,21495900,0.18756,265.91656003,0
1505509302,21495892,0.18756,1354.11124900,0
1505509301,21495890,0.18756,1679.56610700,0
1505509295,21495873,0.18751,1142.64572557,1
1505509293,21495871,0.18757,1142.64578000,0
1505509285,21495854,0.18757,2281.63994524,0
1505509284,21495853,0.18756,1864.68171000,0
1505509284,21495852,0.18751,9477.63419000,0
1505509266,21495831,0.18751,522.36581000,0
1505509256,21495819,0.18750,2362.61392000,1
1505509253,21495817,0.18743,201.93758580,0
1505509253,21495814,0.18743,2060.60950753,1
1505509250,21495806,0.18743,3084.39049247,1
1505509212,21495771,0.18757,648.01736000,0
1505509200,21495749,0.18748,0.00009038,1
1505509191,21495744,0.18757,753.80309985,0
1505509188,21495741,0.18755,260.84865000,0
1505509175,21495672,0.18755,2537.52634000,0
1505509109,21495612,0.18755,2201.62501000,0
1505509098,21495605,0.18748,225.67153830,1
1505509084,21495595,0.18748,492.63318755,1
1505509080,21495592,0.18756,492.63338393,1
1505509074,21495579,0.18756,281.40328429,1
1505509071,21495574,0.18757,1222.17935000,0
1505509070,21495573,0.18757,26.62739244,0
1505509068,21495572,0.18756,2208.92885600,1
1505509067,21495571,0.18756,3069.26395000,1
1505509065,21495570,0.18757,26.62739244,0
1505509065,21495569,0.18757,26.62739244,0
1505509065,21495568,0.18757,26.62739244,0
1505509064,21495567,0.18757,26.62739244,0
1505509062,21495565,0.18757,26.62739244,0
1505509057,21495562,0.18756,2767.00000000,1
1505509054,21495559,0.18756,4491.60578000,1
1505509054,21495558,0.18753,4491.60578000,0
1505509053,21495557,0.18752,7509.95631600,0
1505509053,21495556,0.18750,281.54570800,0
1505509025,21495511,0.18748,481.69518377,1
1505509025,21495510,0.18750,98.41478363,1
1505509024,21495509,0.18750,718.11473260,1
1505509009,21495496,0.18750,20578.17820500,1
1505509009,21495495,0.18750,57389.44509900,1
1505509004,21495492,0.18750,658.92817915,1
1505509003,21495490,0.18750,660.17061334,1
1505508979,21495458,0.18757,3304.95399051,0
1505508978,21495453,0.18750,77141.67008122,1
1505508977,21495451,0.18751,635.32991878,1
1505508977,21495449,0.18751,3810.90918600,1
1505508975,21495446,0.18751,98.43422522,0
1505508971,21495443,0.18750,3312.15918600,1
1505508968,21495432,0.18757,26.62739244,0
1505508967,21495429,0.18757,26.62739244,0
1505508966,21495427,0.18750,4278.91049600,1
1505508963,21495420,0.18757,26.62739244,0
1505508963,21495418,0.18750,74.40320000,1
1505508962,21495416,0.18751,4918.09680000,1
1505508961,21495411,0.18757,26.62739244,0
1505508960,21495408,0.18751,400.00000000,1
1505508958,21495403,0.18751,495.96775800,1
1505508928,21495377,0.18751,91.98493878,1
1505508928,21495375,0.18751,98.43422522,1
1505508877,21495314,0.18751,333.03897211,1
1505508871,21495301,0.18751,333.03897211,1
1505508866,21495285,0.18751,333.03897211,1
1505508860,21495277,0.18751,92.15772520,1
1505508860,21495276,0.18751,240.88124691,1
1505508857,21495268,0.18757,1523.13233000,0
1505508845,21495254,0.18751,246.94922667,1
1505508844,21495251,0.18751,1282.25113642,0
1505508843,21495247,0.18751,5938.58427000,0
1505508839,21495231,0.18750,2504.41243169,0
1505508834,21495219,0.18749,589.87818017,1
1505508830,21495213,0.18750,923.58860000,0
1505508814,21495193,0.18750,11580.86253831,0
1505508814,21495191,0.18750,4896.13643000,0
1505508814,21495190,0.18749,3162.89332000,0
1505508814,21495189,0.18749,3940.97025000,0
1505508784,21495136,0.18748,2766.98837209,0
1505508751,21495108,0.18749,9433.26495963,0
1505508751,21495107,0.18748,4278.41561000,0
1505508684,21495014,0.18630,73.19289148,0
1505508662,21494976,0.18630,26.80891036,0
1505508630,21494939,0.18608,1675.51159500,1
1505508599,21494892,0.18679,26.73858344,0
1505508597,21494888,0.18677,26.74144670,0
1505508571,21494877,0.18605,3702.14685700,1
1505508494,21494835,0.18605,6290.10353500,1
1505508397,21494625,0.18738,1935.28412122,0
1505508372,21494524,0.18742,13150.07150900,0
1505508348,21494407,0.18724,291.21660000,0
1505508346,21494397,0.18665,68.78340000,0
1505508344,21494370,0.18604,3732.20835500,1
1505508344,21494369,0.18605,2500.00000000,1
1505508339,21494314,0.18604,3773.00597024,1
1505508339,21494310,0.18604,10000.00000000,1
1505508339,21494305,0.18604,2882.63228076,1
1505508338,21494301,0.18604,3625.40592000,1
1505508338,21494297,0.18604,3491.96179924,1
1505508338,21494292,0.18604,500.59613776,1
1505508337,21494288,0.18604,6645.50390100,1
1505508337,21494284,0.18607,1777.13999100,1
1505508336,21494278,0.18604,326.10744816,1
1505508336,21494274,0.18606,100.00180184,1
1505508336,21494271,0.18612,2500.00000000,1
1505508334,21494254,0.18608,1067.23760000,0
1505508334,21494253,0.18606,1432.76240000,0
1505508334,21494250,0.18604,2527.79251308,1
1505508333,21494245,0.18604,3796.87537792,1
1505508333,21494241,0.18604,1984.98076400,1
1505508333,21494238,0.18604,1585.43747300,1
1505508333,21494235,0.18604,755.01227500,1
1505508332,21494231,0.18611,508.15178000,1
1505508332,21494226,0.18611,824.65022000,1
1505508237,21494048,0.18604,1877.69411008,1
1505508237,21494047,0.18604,5393.78022792,1
1505508234,21494043,0.18604,4606.21977208,1
1505508233,21494042,0.18604,5140.53825692,1
1505508233,21494041,0.18604,2836.23489400,1
1505508233,21494040,0.18604,2023.22684908,1
1505508233,21494039,0.18604,6877.25655592,1
1505508233,21494038,0.18604,2625.82223800,1
1505508227,21494032,0.18604,496.92120608,1
1505508227,21494031,0.18604,10000.00000000,1
1505508227,21494030,0.18604,9503.07879392,1
1505508219,21494026,0.18604,496.92120608,1
1505508219,21494025,0.18604,2130.32966192,1
1505508214,21494020,0.18604,1959.43366311,1
1505508212,21494018,0.18604,5910.23667497,1
1505508212,21494017,0.18604,4244.71174603,1
1505508211,21494015,0.18604,1900.61925000,1
1505508210,21494014,0.18604,3854.66900397,1
1505508210,21494013,0.18604,3268.84680103,1
1505508157,21493967,0.18604,4998.17739400,1
1505508153,21493963,0.18604,400.00000000,1
1505508150,21493959,0.18604,1332.97580497,1
1505508150,21493958,0.18604,2790.64679503,1
1505508089,21493884,0.18606,434.56500000,1
1505508025,21493781,0.18660,96.67838000,0
1505508012,21493765,0.18660,2056.53822000,0
1505508003,21493756,0.18716,63.94572188,0
1505508002,21493755,0.18710,0.00000212,0
1505507840,21493551,0.18710,287.05758000,0
1505507759,21493408,0.18685,1309.68280000,1
1505507746,21493388,0.18606,160.00000000,1
1505507736,21493365,0.18691,1991.91004000,1
1505507735,21493363,0.18688,9914.99627000,0
1505507735,21493361,0.18689,2462.84731900,1
1505507734,21493359,0.18689,7537.15268100,1
1505507734,21493358,0.18689,10000.00000000,1
1505507734,21493356,0.18689,10000.00000000,1
1505507734,21493355,0.18689,10000.00000000,1
1505507734,21493354,0.18690,10000.00000000,1
1505507733,21493353,0.18691,10000.00000000,1
1505507733,21493352,0.18741,1309.15030000,1
1505507733,21493351,0.18742,2430.34273000,1
1505507732,21493349,0.18751,970.29178000,0
1505507732,21493348,0.18770,1808.87281358,1
1505507731,21493347,0.18770,10000.00000000,1
1505507731,21493346,0.18770,10000.00000000,1
1505507731,21493345,0.18770,10000.00000000,1
1505507731,21493344,0.18770,7776.65639453,1
1505507730,21493343,0.18771,87.15306547,1
1505507730,21493342,0.18774,2136.19054000,1
1505507730,21493337,0.18775,1610.88750000,0
1505507729,21493336,0.18774,10000.00000000,1
1505507728,21493329,0.18775,10553.70300600,1
1505507720,21493311,0.18773,3500.00000000,1
1505507702,21493272,0.18770,82.74619925,1
1505507701,21493271,0.18770,1308.42740000,0
1505507701,21493270,0.18770,18993.09563133,0
1505507677,21493243,0.18770,1372.90436867,0
1505507658,21493190,0.18735,80.65321000,0
1505507644,21493126,0.18720,220.58000000,0
1505507587,21492892,0.18650,100.00000000,0
1505507563,21492849,0.18604,2044.29420000,1
1505507562,21492848,0.18600,5165.05900497,0
1505507561,21492847,0.18600,10000.00000000,0
1505507552,21492825,0.18599,2428.86440000,0
1505507545,21492804,0.18600,9412.98695000,0
1505507545,21492803,0.18596,2885.77949000,0
1505507545,21492802,0.18594,16636.92856000,0
1505507534,21492783,0.18597,100.00000000,0
1505507523,21492762,0.18598,1490.00000000,0
1505507351,21492501,0.18713,26.69000160,0
1505507351,21492497,0.18713,26.69000160,0
1505507350,21492485,0.18711,26.69285447,0
1505507350,21492480,0.18711,26.69285447,0
1505507350,21492478,0.18711,14.72930361,0
1505507349,21492467,0.18600,12.03494622,0
1505507349,21492465,0.18600,26.85215054,0
1505507349,21492463,0.18600,26.85215054,0
1505507348,21492455,0.18600,26.85215054,0
1505507347,21492450,0.18600,26.85215054,0
1505507347,21492447,0.18600,26.85215054,0
1505507347,21492443,0.18600,26.85215054,0
1505507346,21492438,0.18600,26.85215054,0
1505507344,21492429,0.18580,400.00000000,1
1505507338,21492382,0.18580,3708.94592000,1
1505507337,21492377,0.18580,15769.85663440,0
1505507328,21492369,0.18580,26.88105490,0
1505507328,21492368,0.18580,26.88105490,0
1505507327,21492367,0.18580,26.88105490,0
1505507327,21492366,0.18580,26.88105490,0
1505507327,21492365,0.18580,26.88105490,0
1505507326,21492364,0.18580,26.88105490,0
1505507320,21492358,0.18580,26.88105490,0
1505507320,21492357,0.18580,26.88105490,0
1505507320,21492356,0.18580,26.88105490,0
1505507320,21492355,0.18580,26.88105490,0
1505507319,21492354,0.18580,26.88105490,0
1505507318,21492353,0.18580,26.88105490,0
1505507318,21492352,0.18580,26.88105490,0
1505507316,21492351,0.18580,26.88105490,0
1505507312,21492349,0.18579,400.00000000,1
1505507267,21492313,0.18580,4160.80859700,0
1505507252,21492310,0.18579,781.78800000,1
1505507193,21492254,0.18563,121.95963700,0
1505507156,21492140,0.18519,1325.57040000,0
1505507151,21492119,0.18482,1749.67937189,0
1505507151,21492118,0.18482,1507.50207500,0
1505507151,21492116,0.18482,899.34863500,0
1505507134,21492076,0.18482,4939.12996428,1
1505507134,21492074,0.18483,1316.42600000,1
1505507085,21492010,0.18482,1922.00000000,0
1505506969,21491756,0.18430,1126.55760000,1
1505506969,21491754,0.18430,306.54599897,1
1505506955,21491735,0.18484,300.00000000,0
1505506936,21491721,0.18430,53.38709700,1
1505506914,21491691,0.18430,766.62450400,1
1505506914,21491690,0.18431,571.93059600,1
1505506913,21491689,0.18431,3322.74466400,1
1505506913,21491688,0.18432,1338.55510000,1
1505506877,21491652,0.18431,682.96038830,1
1505506877,21491651,0.18447,95.71661170,1
1505506875,21491636,0.18451,1611.87000000,1
1505506874,21491635,0.18495,110.00000000,1
1505506773,21491427,0.18515,1109.07828421,0
1505506725,21491232,0.18400,0.00000003,0
1505506721,21491206,0.18400,1126.55763500,0
1505506718,21491193,0.18400,2422.26509000,0
1505506717,21491188,0.18400,1541.89430000,0
1505506717,21491186,0.18400,20581.00000000,1
1505506717,21491185,0.18401,11845.29114000,1
1505506717,21491183,0.18401,2288.81752000,1
1505506716,21491182,0.18407,1634.98200000,1
1505506703,21491125,0.18408,1990.93102723,1
1505506688,21491038,0.18514,90.00000000,0
1505506678,21491011,0.18401,4730.32030000,1
1505506678,21491006,0.18410,100.00000000,1
1505506677,21491004,0.18410,35.00000000,1
1505506677,21491002,0.18411,486.02950000,1
1505506677,21490999,0.18441,217.65020000,1
1505506675,21490991,0.18500,500.00000000,0
1505506669,21490973,0.18441,1422.34279000,1
1505506669,21490969,0.18442,1325.00400000,0
1505506668,21490964,0.18472,80.65321000,1
1505506655,21490933,0.18500,300.00000000,1
1505506655,21490932,0.18510,35.00000000,1
1505506655,21490931,0.18510,126.00000000,1
1505506655,21490930,0.18513,334.04042448,1
1505506653,21490928,0.18513,1244.59302000,1
1505506653,21490926,0.18515,94.57948000,1
1505506651,21490923,0.18517,2975.49551000,1
1505506642,21490905,0.18517,369.67300000,1
1505506641,21490904,0.18517,770.11800000,1
1505506615,21490822,0.18518,293.85082300,1
1505506613,21490813,0.18583,1154.88512000,0
1505506612,21490804,0.18518,100.56284822,1
1505506612,21490802,0.18553,621.54182178,1
1505506605,21490779,0.18553,717.63067822,1
1505506586,21490727,0.18587,882.82750000,0
1505506573,21490682,0.18610,35.00000000,1
1505506457,21490329,0.18685,414.02581521,0
1505506457,21490327,0.18685,4598.77737400,0
1505506448,21490285,0.18688,1704.75866866,0
1505506422,21490182,0.18769,13686.39802553,0
1505506422,21490180,0.18694,80.11780000,0
1505506422,21490178,0.18694,80.11780000,0
1505506422,21490177,0.18693,80.11780000,0
1505506421,21490176,0.18693,80.11780000,0
1505506421,21490175,0.18693,80.11780000,0
1505506421,21490174,0.18693,80.11780000,0
1505506421,21490173,0.18693,80.11780000,0
1505506421,21490172,0.18692,80.11780000,0
1505506415,21490162,0.18735,80.11783000,1
1505506405,21490148,0.19047,1681.95395600,0
1505506404,21490146,0.19010,35.00000000,0
1505506404,21490145,0.19001,79.52395000,0
1505506404,21490144,0.18848,89.00000000,0
1505506403,21490143,0.18798,3653.99652400,0
1505506403,21490142,0.18794,850.26132000,1
1505506403,21490139,0.18590,16632.26037600,0
1505506401,21490134,0.18589,4251.30659000,1
1505506378,21490084,0.18589,300.00000000,0
1505506363,21490045,0.18589,273.69890796,0
1505506354,21490016,0.18589,189.62784100,0
1505506295,21489852,0.18586,1500.00000000,1
1505506249,21489762,0.18588,559.09151000,0
1505506205,21489656,0.18586,64.39292100,0
1505506160,21489590,0.18514,3343.23062516,1
1505506160,21489588,0.18515,1432.84710000,1
1505506160,21489586,0.18523,853.91858084,1
1505506160,21489585,0.18524,2500.00000000,1
1505506137,21489534,0.18523,2059.29612400,1
1505506123,21489501,0.18589,3214.30001614,0
1505506073,21489422,0.18524,0.00004500,0
1505506048,21489379,0.18524,4448.75995000,0
1505506048,21489378,0.18522,4448.35355000,0
1505506019,21489316,0.18524,3190.53147000,0
1505506019,21489315,0.18521,5285.17253000,0
1505505971,21489248,0.18524,81.00000000,1
1505505963,21489237,0.18526,1000.00000000,1
1505505963,21489236,0.18527,89.00000000,1
1505505962,21489235,0.18528,1072.27549700,1
1505505948,21489222,0.18528,1766.44900600,1
1505505945,21489214,0.18528,2161.27549700,1
1505505857,21489023,0.18537,53.10160400,1
1505505800,21488813,0.18589,2828.22217440,0
1505505781,21488734,0.18590,3272.63410000,0
1505505781,21488732,0.18589,5130.36590000,0
1505505762,21488645,0.18590,608.74802400,0
1505505756,21488638,0.18610,35.00000000,1
1505505756,21488637,0.18627,18.35750000,1
1505505745,21488616,0.18681,3697.66072480,0
1505505707,21488491,0.18627,1757.84615000,1
1505505706,21488487,0.18628,1276.33938000,1
1505505706,21488483,0.18636,1333.55610000,1
1505505643,21488200,0.18709,35.00000000,0
1505505643,21488199,0.18709,0.00000500,0
1505505642,21488194,0.18709,34.99999500,0
1505505642,21488192,0.18709,35.00000000,0
1505505641,21488191,0.18702,35.00000000,0
1505505629,21488139,0.18710,35.00000000,1
1505505574,21487857,0.18735,1079.09678000,0
1505505569,21487847,0.18735,79.52395000,1
1505505549,21487755,0.18861,5374.31292953,1
1505505549,21487753,0.18861,2692.44231400,1
1505505549,21487752,0.18861,2135.16337900,1
1505505549,21487751,0.18861,6286.62155747,1
1505505549,21487749,0.19050,16457.35281153,1
1505505549,21487748,0.19050,5848.77200400,1
1505505548,21487745,0.19050,1635.50184700,1
1505505548,21487744,0.19050,3690.72256300,1
1505505548,21487742,0.19050,10841.39754500,1
1505505548,21487740,0.19050,1605.21291224,1
1505505548,21487739,0.19050,1870.93270568,1
1505505547,21487735,0.19001,78.93604000,0
1505505547,21487734,0.19000,146.96776500,0
1505505546,21487733,0.19000,218.38854667,0
1505505546,21487732,0.19000,54475.20400000,1
1505505546,21487730,0.18860,20131.00000000,0
1505505546,21487727,0.18829,11930.31420800,0
1505505545,21487722,0.18828,9283.03582200,1
1505505545,21487718,0.18791,10000.00000000,0
1505505545,21487717,0.18791,446.50181000,1
1505505544,21487712,0.18789,10000.00000000,0
1505505544,21487710,0.18788,10000.00000000,0
1505505544,21487706,0.18788,10000.00000000,0
1505505544,21487705,0.18788,2232.50906000,1
1505505543,21487701,0.18787,5980.48767889,0
1505505543,21487697,0.18741,18963.61000000,0
1505505543,21487696,0.18741,4641.51791100,1
1505505541,21487688,0.18739,1859.03346000,0
1505505409,21487321,0.18665,284.00000000,0
1505505388,21487255,0.18538,1848.32869123,1
1505505379,21487226,0.18787,4019.51232111,0
1505505379,21487224,0.18787,603.03653389,0
1505505379,21487221,0.18786,2652.48602000,0
1505505379,21487220,0.18785,5517.52596900,0
1505505367,21487165,0.18800,9396.96346611,1
1505505366,21487158,0.18800,10000.00000000,1
1505505366,21487153,0.18800,10000.00000000,1
1505505355,21487106,0.18800,2108.70467730,1
1505505355,21487105,0.18850,2122.87118870,1
1505505354,21487102,0.18850,299.88000000,0
1505505256,21486829,0.18809,637.90577973,0
1505505256,21486827,0.18808,112.52335900,0
1505505256,21486822,0.18808,10299.62138100,0
1505505153,21486446,0.18690,2280.90484500,1
1505505152,21486443,0.18690,533.99877600,1
1505505152,21486442,0.18691,1096.18004000,1
1505505152,21486440,0.18735,78.93604000,1
1505505152,21486439,0.18736,218.49331000,1
1505505111,21486116,0.18741,2778.76011490,1
1505505110,21486112,0.18741,50283.38161500,1
1505505110,21486111,0.18808,1323.06890000,1
1505505109,21486102,0.18809,37.23988510,1
1505505104,21486088,0.18966,6068.75890974,0
1505505078,21485910,0.18804,2785.41881700,1
1505505067,21485859,0.18737,6740.30159400,0
1505505067,21485857,0.18800,3155.00000000,1
1505505066,21485855,0.18801,827.54540000,1
1505505066,21485852,0.18802,4152.20893000,1
1505505066,21485849,0.18803,15842.16261000,1
1505505064,21485845,0.18901,1291.33410000,1
1505505015,21485697,0.18917,649.87934150,1
1505505015,21485696,0.18998,0.00004305,1
1505505015,21485693,0.19000,218.38611957,1
1505505015,21485692,0.19000,0.00015788,1
1505505001,21485620,0.19000,2999.99984212,1
1505504989,21485584,0.19043,1035.58674452,0
1505504989,21485583,0.19043,2776.21240548,0
1505504989,21485582,0.19041,1512.64416000,0
1505504987,21485578,0.19050,7223.78759452,1
1505504986,21485574,0.19050,10000.00000000,1
1505504986,21485571,0.19050,10000.00000000,1
1505504985,21485563,0.19050,1882.27328768,1
1505504984,21485557,0.19050,6239.80939634,1
1505504983,21485553,0.19050,1290.27960000,1
1505504983,21485546,0.19050,991.63816169,1
1505504980,21485532,0.19036,1292.63130000,0
1505504980,21485530,0.19033,1697.18616480,0
1505504980,21485528,0.19028,823.20218000,0
1505504953,21485398,0.18998,1240.89088695,1
1505504953,21485397,0.18998,0.00014441,1
1505504951,21485385,0.19063,1837.40194537,1
1505504950,21485373,0.19063,978.06199000,0
1505504950,21485371,0.18998,102.02152859,1
1505504944,21485325,0.19064,6604.27100676,0
1505504942,21485282,0.19000,218.87153970,0
1505504930,21485216,0.18902,1494.00000000,1
1505504900,21485058,0.18997,678.30841712,0
1505504892,21485027,0.18998,219.04401315,0
1505504875,21484954,0.19120,18731.01229079,1
1505504875,21484953,0.19110,35.00000000,0
1505504875,21484952,0.19110,35.00000000,0
1505504874,21484950,0.19020,35.00000000,0
1505504874,21484949,0.19010,35.00000000,0
1505504874,21484948,0.19001,78.35403000,0
1505504874,21484947,0.19000,24505.00000000,0
1505504874,21484946,0.19000,46704.98771644,0
1505504873,21484942,0.18950,2227.26259276,0
1505504873,21484939,0.18949,377.88214000,0
1505504873,21484936,0.18880,5169.00000000,1
1505504871,21484932,0.18879,1889.41068000,0
1505504868,21484923,0.18880,3196.35100800,0
1505504867,21484919,0.18880,1418.92703000,0
1505504866,21484917,0.18880,6346.36098100,0
1505504853,21484858,0.19000,46149.06128473,0
1505504853,21484856,0.19000,5539.00000000,0
1505504853,21484855,0.19000,100.00000000,0
1505504853,21484854,0.19000,10000.00000000,0
1505504853,21484853,0.19000,15000.00000000,0
1505504853,21484852,0.19000,1500.00000000,0
1505504853,21484851,0.19000,132749.62661000,0
1505504853,21484850,0.18999,18073.72322051,0
1505504852,21484849,0.18998,31258.59994565,0
1505504852,21484848,0.18950,1110.00000000,0
1505504852,21484846,0.18935,1312.19920000,0
1505504851,21484845,0.18930,19453.00000000,0
1505504851,21484841,0.18920,0.00000232,0
1505504851,21484837,0.18920,34.99999768,0
1505504851,21484836,0.18910,35.00000000,0
1505504851,21484833,0.18910,35.00000000,0
1505504850,21484832,0.18900,50000.00000000,0
1505504850,21484831,0.18900,16364.19486773,0
1505504850,21484828,0.18899,16409.33083000,0
1505504848,21484816,0.18896,571.93262000,0
1505504848,21484815,0.18896,2859.66310000,0
1505504815,21484717,0.18706,2500.00000000,0
1505504813,21484708,0.18803,2500.00000000,1
1505504804,21484666,0.18701,4002.86135516,1
1505504804,21484665,0.18701,1323.23590000,0
1505504804,21484664,0.18705,438.40577000,1
1505504803,21484663,0.18705,2198.90665000,1
1505504803,21484662,0.18790,2850.97072911,1
1505504803,21484660,0.18800,5345.11436170,1
1505504803,21484658,0.18800,15718.75573403,1
1505504801,21484652,0.18801,4121.74950000,1
1505504783,21484558,0.18801,2675.91370000,1
1505504783,21484557,0.18802,1324.08630000,1
1505504737,21484456,0.18801,214.40000000,0
1505504735,21484454,0.18800,4733.58148937,0
1505504705,21484399,0.18754,1068.65909072,1
1505504690,21484379,0.18800,266.41851063,0
1505504674,21484353,0.18750,6529.02004000,1
1505504674,21484351,0.18751,2172.02496000,1
1505504674,21484350,0.18752,1298.95500000,1
1505504537,21484043,0.18744,4138.17440553,0
1505504509,21483968,0.18744,3970.60056551,0
1505504447,21483762,0.18741,1223.62228600,1
1505504443,21483755,0.18900,2635.80513227,0
1505504443,21483754,0.18899,863.13989898,0
1505504442,21483753,0.18898,615.52906000,0
1505504442,21483752,0.18848,87.00000000,0
1505504442,21483751,0.18820,35.00000000,0
1505504441,21483750,0.18816,3077.64530000,0
1505504441,21483748,0.18800,1500.00000000,0
1505504441,21483747,0.18800,44200.00000000,0
1505504441,21483746,0.18800,246.18279569,0
1505504440,21483736,0.18791,2699.00000000,0
1505504432,21483717,0.18740,2416.00000000,0
1505504432,21483716,0.18735,16.16577700,0
1505504403,21483654,0.18735,63.89111300,0
1505504366,21483609,0.18703,733.33703300,1
1505504363,21483603,0.18702,445.00000000,1
1505504361,21483598,0.18703,2500.00000000,1
1505504300,21483450,0.18700,5765.44099000,1
1505504298,21483448,0.18700,2518.00000000,1
1505504291,21483429,0.18700,5703.80761887,1
1505504290,21483428,0.18701,1636.90043113,1
1505504290,21483422,0.18701,1946.70277887,1
1505504286,21483403,0.18700,1468.67512000,1
1505504286,21483401,0.18701,4125.85508000,1
1505504270,21483360,0.18701,1408.52271000,1
1505504264,21483341,0.18701,200.00000000,1
1505504263,21483336,0.18701,200.00000000,1
1505504263,21483332,0.18701,200.00000000,1
1505504263,21483331,0.18701,200.00000000,1
1505504258,21483316,0.18701,2056.97665300,1
1505504255,21483312,0.18701,2197.43564700,1
1505504254,21483311,0.18701,200.00000000,1
1505504254,21483310,0.18701,200.00000000,1
1505504254,21483307,0.18701,200.00000000,1
1505504253,21483302,0.18701,200.00000000,1
1505504252,21483296,0.18701,200.00000000,1
1505504251,21483285,0.18701,200.00000000,1
1505504239,21483245,0.18700,1886.71988100,1
1505504239,21483243,0.18701,6734.54492000,1
1505504224,21483211,0.18719,306.45025000,0
1505504211,21483136,0.18720,184.39879000,0
1505504197,21483100,0.18720,581.29198000,0
1505504184,21483068,0.18720,463.89344000,0
1505504173,21483034,0.18720,528.36923000,0
1505504171,21483024,0.18720,429.63137000,0
1505504162,21482981,0.18700,13175.66481491,1
1505504162,21482979,0.18719,0.62083000,1
1505504157,21482967,0.18720,429.50746000,0
1505504152,21482960,0.18720,7626.14902900,0
1505504145,21482928,0.18720,350.38834000,0
1505504142,21482922,0.18719,46.00000000,1
1505504129,21482877,0.18665,1115.16396469,1
1505504129,21482875,0.18716,0.17735000,1
1505504128,21482874,0.18719,1384.83603531,1
1505504128,21482870,0.18719,385.62474000,0
1505504123,21482847,0.18716,91.00000000,1
1505504118,21482826,0.18719,486.13074000,0
1505504105,21482776,0.18720,88.69358300,0
1505504101,21482766,0.18710,35.00000000,0
1505504101,21482765,0.18700,450.77106000,0
1505504101,21482763,0.18700,1049.22894000,0
1505504096,21482722,0.18656,340.95591128,0
1505504094,21482713,0.18656,149.12799036,0
1505504093,21482710,0.18656,574.70525000,0
1505504089,21482694,0.18656,100.00000000,0
1505504079,21482635,0.18656,422.95821000,0
1505504065,21482602,0.18656,352.58270000,0
1505504052,21482582,0.18656,302.69128000,0
1505504039,21482545,0.18656,252.32684000,0
1505504026,21482501,0.18656,252.32684000,0
1505504012,21482457,0.18656,252.32684000,0
1505503999,21482437,0.18657,6.14788444,0
1505503999,21482436,0.18657,123.08950000,0
1505503999,21482434,0.18657,123.08945556,0
1505503986,21482417,0.18656,67.98286000,0
1505503973,21482376,0.18656,55.10664000,0
1505503973,21482375,0.18656,23.19336000,0
1505503964,21482358,0.18655,147.00000000,1
1505503960,21482331,0.18656,99.89614000,0
1505503960,21482330,0.18656,123.08950000,0
1505503933,21482271,0.18620,185.88333000,0
1505503930,21482259,0.18620,185.88333000,0
1505503864,21482146,0.18627,619.55857112,0
1505503855,21482135,0.18638,4171.21263000,1
1505503843,21482127,0.18531,1000.00000000,1
1505503805,21482078,0.18652,114.86224800,0
1505503762,21482021,0.18643,43.71729000,0
1505503760,21482017,0.18644,43.52627000,0
1505503723,21481984,0.18650,210.52929000,0
1505503710,21481971,0.18653,51.71438000,0
1505503694,21481946,0.18658,0.00004444,1
1505503694,21481945,0.18658,123.08950000,1
1505503683,21481932,0.18684,61.44282000,0
1505503670,21481912,0.18688,312.55294000,0
1505503665,21481894,0.18688,76.77545000,1
1505503561,21481662,0.18658,28.34597000,1
1505503491,21481467,0.18686,266.91271540,0
1505503354,21481202,0.18664,2777.39148022,0
1505503336,21481176,0.18516,54.71074400,1
1505503165,21480781,0.18547,1315.22850000,1
1505503165,21480779,0.18555,100.00000000,1
1505503165,21480778,0.18563,555.90035000,1
1505503135,21480690,0.18600,2890.00000000,1
1505503054,21480563,0.18585,3500.00000000,1
1505503014,21480517,0.18578,3500.00000000,1
1505503000,21480482,0.18650,363.69267168,1
1505503000,21480481,0.18650,194.07182675,0
1505502924,21480232,0.18558,2000.00000000,1
1505502916,21480196,0.18554,901.64562300,1
1505502916,21480194,0.18556,1322.18850000,1
1505502915,21480192,0.18558,2500.00000000,1
1505502884,21480064,0.18530,13176.28564491,0
1505502876,21480014,0.18513,111.19453317,0
1505502874,21480001,0.18513,257.11837683,0
1505502854,21479911,0.18514,779.19412336,0
1505502854,21479907,0.18514,3483.14387479,0
1505502801,21479861,0.18514,1320.65470000,0
1505502760,21479749,0.18515,639.97433000,0
1505502759,21479747,0.18515,146.41320000,0
1505502759,21479746,0.18514,1853.58680000,0
1505502604,21479492,0.18522,64.62585000,0
1505502560,21479418,0.18527,1338.51960000,0
1505502534,21479349,0.18529,147.11843000,0
1505502522,21479315,0.18440,666.43471500,0
1505502517,21479292,0.18530,7375.71435509,0
1505502516,21479289,0.18516,0.00000338,0
1505502469,21479166,0.18516,1967.24546000,0
1505502456,21479093,0.18516,32.75453662,0
1505502456,21479089,0.18510,35.00000000,0
1505502443,21479063,0.18500,200.00000000,0
1505502443,21479062,0.18498,1631.14791753,0
1505502443,21479061,0.18449,0.00000300,0
1505502430,21479021,0.18449,1048.62563000,0
1505502417,21478964,0.18449,221.80706000,0
1505502400,21478907,0.18449,330.00000000,0
1505502387,21478863,0.18449,2736.22034700,0
1505502386,21478860,0.18449,663.34696000,0
1505502368,21478823,0.18400,10000.00000000,0
1505502368,21478822,0.18399,6804.51074347,0
1505502368,21478820,0.18398,1731.81220000,0
1505502361,21478784,0.18399,3195.48925653,0
1505502361,21478783,0.18399,5803.70682747,0
1505502360,21478773,0.18399,4196.29317253,0
1505502360,21478771,0.18396,1819.25919247,0
1505502357,21478761,0.18396,238.33945800,0
1505502355,21478749,0.18396,5878.35838900,0
1505502355,21478748,0.18396,2064.04296053,0
1505502355,21478747,0.18396,3687.38622747,0
1505502354,21478743,0.18396,1814.81657600,0
1505502354,21478742,0.18395,2057.59865000,0
1505502349,21478723,0.18395,948.76512000,0
1505502347,21478707,0.18395,1063.96848200,0
1505502338,21478649,0.18394,95.52000000,1
1505502315,21478568,0.18370,155.93554709,1
1505502285,21478514,0.18370,2116.52383000,0
1505502284,21478512,0.18368,1338.74880000,0
1505502271,21478490,0.18369,421.17785000,0
1505502259,21478456,0.18363,5345.64044704,1
1505502255,21478444,0.18363,55.32033400,1
1505502253,21478442,0.18369,500.40933094,0
1505502241,21478420,0.18363,160.64000000,1
1505502229,21478403,0.18369,1339.83040000,0
1505502203,21478380,0.18363,4027.04578000,1
1505502192,21478364,0.18364,4352.68173155,0
1505502133,21478268,0.18365,786.41181884,0
1505502082,21478074,0.18376,2958.42887462,0
1505502075,21478053,0.18377,1442.48100000,1
1505502061,21477982,0.18384,1050.03114000,0
1505502061,21477981,0.18383,1014.28906000,0
1505502051,21477967,0.18384,4524.27687000,0
1505502037,21477935,0.18389,1150.82492500,1
1505502028,21477927,0.18392,1951.80680000,0
1505502006,21477874,0.18330,65.29209600,0
1505502001,21477852,0.18229,376.59899978,1
1505502000,21477850,0.18300,0.00000022,1
1505501869,21477689,0.18334,540.97900076,1
1505501867,21477686,0.18310,25.00000000,0
1505501845,21477664,0.18300,1719.99999978,1
1505501845,21477663,0.18300,2554.31433122,1
1505501767,21477589,0.18310,35.00000000,1
1505501673,21477367,0.18337,5450.00000000,1
1505501649,21477310,0.18400,4497.79719653,1
1505501649,21477308,0.18400,10000.00000000,1
1505501649,21477304,0.18400,10000.00000000,1
1505501645,21477294,0.18447,367.60101900,0
1505501642,21477280,0.18400,6012.79845564,1
1505501642,21477279,0.18401,3586.81277000,1
1505501642,21477278,0.18403,390.98601988,1
1505501445,21477087,0.18485,0.36385000,1
1505501405,21477045,0.18485,1508.00000000,1
1505501386,21477030,0.18485,1901.49115000,0
1505501359,21476980,0.18485,616.11281000,0
1505501347,21476953,0.18482,1585.10432000,0
1505501337,21476885,0.18488,390.93041000,1
1505501331,21476859,0.18460,226.00000000,1
1505501305,21476784,0.18403,3741.07334000,0
1505501165,21476599,0.18403,1258.92666000,0
1505501149,21476568,0.18401,78.46214000,1
1505501148,21476565,0.18402,1682.39014000,0
1505501061,21476462,0.18402,337.54956000,0
1505501058,21476460,0.18402,392.82444000,0
1505501043,21476451,0.18402,1538.38919000,0
1505501030,21476427,0.18403,1290.55749000,0
1505501028,21476422,0.18396,823.55280000,1
1505501028,21476421,0.18397,293.97610000,1
1505501027,21476419,0.18405,1099.23504482,0
1505501017,21476402,0.18403,440.17156000,0
1505501016,21476401,0.18397,229.00000000,1
1505500926,21476274,0.18403,2006.57203000,0
1505500926,21476271,0.18403,1752.79649400,0
1505500861,21476167,0.18337,1000.00000000,1
1505500803,21476063,0.18418,64.72369400,0
1505500801,21476052,0.18423,500.11469868,1
1505500801,21476051,0.18424,1319.56260000,1
1505500790,21476032,0.18498,0.85750000,1
1505500744,21475914,0.18500,350.00000000,0
1505500736,21475884,0.18499,712.94217951,0
1505500731,21475866,0.18498,1339.00000000,1
1505500730,21475858,0.18499,711.82889967,0
1505500724,21475835,0.18500,710.71742607,0
1505500719,21475806,0.18500,710.27264466,0
1505500699,21475737,0.18426,238.66154927,0
1505500697,21475731,0.18498,541.82042000,0
1505500697,21475729,0.18498,2709.10211000,0
1505500683,21475688,0.18423,0.00000027,0
1505500680,21475669,0.18423,1545.11616100,0
1505500678,21475658,0.18423,1673.61901873,0
1505500620,21475437,0.18341,2586.72833400,0
1505500572,21475290,0.18345,4499.55996978,0
1505500571,21475289,0.18337,0.00001722,0
1505500510,21475091,0.18315,482.78852000,1
1505500510,21475090,0.18315,2414.86431000,1
1505500507,21475084,0.18355,2492.99918278,1
1505500507,21475082,0.18356,917.54800000,0
1505500503,21475054,0.18363,2058.79717400,1
1505500481,21474987,0.18364,2261.00000000,1
1505500481,21474986,0.18364,73.91658700,1
1505500481,21474985,0.18364,2187.08341300,1
1505500481,21474984,0.18364,2261.00000000,1
1505500481,21474983,0.18364,73.91658700,1
1505500481,21474981,0.18364,2187.08341300,1
1505500481,21474979,0.18365,6856.91658700,1
1505500480,21474978,0.18365,2210.67665000,1
1505500480,21474977,0.18365,2492.99918300,1
1505500467,21474897,0.18371,247.00000000,1
1505500462,21474889,0.18472,9778.58380251,0
1505500459,21474855,0.18371,2124.88881500,1
1505500452,21474831,0.18371,6302.75961247,1
1505500451,21474829,0.18372,503.30812453,1
1505500451,21474822,0.18372,1136.03268547,1
1505500451,21474819,0.18375,276.69779453,1
1505500451,21474818,0.18410,35.00000000,1
1505500438,21474731,0.18370,5601.53085000,1
1505500438,21474730,0.18371,5000.00000000,1
1505500438,21474729,0.18377,2261.00000000,1
1505500438,21474728,0.18377,2261.00000000,1
1505500438,21474727,0.18377,2261.00000000,1
1505500438,21474726,0.18378,2261.00000000,1
1505500437,21474724,0.18378,1058.46915000,1
1505500437,21474723,0.18378,1202.53085000,1
1505500437,21474722,0.18378,2261.00000000,1
1505500437,21474721,0.18379,1536.46915000,1
1505500436,21474715,0.18379,6222.58400782,1
1505500436,21474714,0.18400,322.00000000,1
1505500436,21474713,0.18409,238.41599218,1
1505500406,21474580,0.18494,6.71742189,1
1505500406,21474577,0.18494,268.19995534,1
1505500398,21474549,0.18496,274.88765001,0
1505500382,21474475,0.18463,1330.41810000,1
1505500381,21474466,0.18470,2283.18167000,1
1505500381,21474463,0.18472,80.05689000,1
1505500381,21474462,0.18486,2976.64611000,1
1505500367,21474411,0.18571,85.18279569,0
1505500367,21474409,0.18500,161.00000000,0
1505500355,21474356,0.18488,420.15553059,1
1505500352,21474352,0.18571,1017.47379613,0
1505500352,21474351,0.18571,1353.07870000,0
1505500352,21474350,0.18571,0.08011173,0
1505500339,21474314,0.18600,1352.99858827,1
1505500338,21474307,0.18657,9349.12435010,0
1505500338,21474306,0.18656,16396.60654000,0
1505500337,21474303,0.18650,452.58211641,0
1505500337,21474302,0.18650,63.41788359,0
1505500334,21474288,0.18600,6443.59328000,1
1505500334,21474285,0.18601,3556.40672000,1
1505500327,21474272,0.18600,2748.24241600,1
1505500325,21474268,0.18600,1938.13795500,1
1505500325,21474267,0.18601,11519.53234000,1
1505500325,21474266,0.18658,2505.32970500,1
1505500321,21474251,0.18791,4559.89376022,0
1505500320,21474250,0.18791,329.87881000,0
1505500319,21474245,0.18658,193.92629887,1
1505500319,21474240,0.18658,4559.89376022,1
1505500319,21474238,0.18659,3554.30754000,1
1505500319,21474236,0.18820,119.87967747,1
1505500319,21474234,0.18820,487.91902231,1
1505500318,21474227,0.18810,100.00000000,0
1505500318,21474224,0.18810,35.00000000,0
1505500318,21474222,0.18800,19692.40399118,0
1505500318,21474220,0.18800,6250.60760000,1
1505500317,21474215,0.18791,209.99913253,1
1505500317,21474212,0.18791,90.02020000,1
1505500316,21474211,0.18777,450.10099000,0
1505500316,21474207,0.18800,51950.59600882,0
1505500316,21474206,0.18800,4124.87109383,0
1505500315,21474205,0.18799,20000.00000000,0
1505500315,21474204,0.18791,22100.32850500,0
1505500315,21474203,0.18791,14119.78821800,0
1505500315,21474201,0.18791,1763.74064700,0
1505500315,21474199,0.18791,5285.64615600,0
1505500315,21474198,0.18791,2992.62444600,0
1505500315,21474197,0.18780,1718.22215123,0
1505500315,21474195,0.18778,516.00000000,0
1505500315,21474194,0.18778,192.80068161,0
1505500314,21474192,0.18700,160.00000000,0
1505500314,21474191,0.18670,5333.33347548,0
1505500311,21474184,0.18760,11714.66652452,1
1505500311,21474182,0.18760,14908.50000000,0
1505500311,21474181,0.18658,22100.32850500,1
1505500311,21474180,0.18658,14119.78821800,1
1505500310,21474177,0.18658,1763.74064700,1
1505500310,21474174,0.18658,5285.64615600,1
1505500309,21474171,0.18658,2992.62444600,1
1505500309,21474170,0.18659,1516.16031400,1
1505500309,21474168,0.18659,4728.49605800,1
1505500307,21474164,0.18780,3281.77784877,0
1505500307,21474161,0.18779,11615.31937739,0
1505500305,21474154,0.18778,11005.63519000,1
1505500305,21474153,0.18778,115.65764000,0
1505500305,21474152,0.18778,578.28820000,0
1505500304,21474151,0.18602,9442.14924200,1
1505500303,21474146,0.18601,1572.16716000,1
1505500300,21474139,0.18600,1677.05518400,1
1505500299,21474138,0.18779,26596.23004420,0
1505500298,21474136,0.18779,22302.02257841,1
1505500298,21474135,0.18698,142.78721000,0
1505500296,21474129,0.18598,72.89944198,0
1505500296,21474128,0.18524,4119.54530000,0
1505500294,21474125,0.18598,2203.31487061,1
1505500294,21474122,0.18598,10000.00000000,1
1505500294,21474121,0.18598,338.18437662,1
1505500293,21474112,0.18596,10000.00000000,1
1505500293,21474111,0.18596,4069.35253000,0
1505500293,21474110,0.18596,245.75827920,0
1505500292,21474105,0.18698,3998.64488180,1
1505500291,21474104,0.18610,100.00000000,0
1505500291,21474099,0.18601,682.30335000,0
1505500291,21474097,0.18601,10000.00000000,1
1505500290,21474096,0.18599,686.00000000,0
1505500290,21474095,0.18599,1362.20698924,0
1505500290,21474093,0.18598,1347.05923100,1
1505500290,21474091,0.18598,2000.43231500,1
1505500289,21474090,0.18598,713.93605000,1
1505500288,21474087,0.18597,370.74507216,1
1505500288,21474085,0.18597,9632.31000000,0
1505500276,21474052,0.18800,10875.12890617,0
1505500276,21474051,0.18800,881.40253000,1
1505500276,21474049,0.18718,176.28051000,0
1505500275,21474048,0.18700,2267.50566845,0
1505500275,21474045,0.18601,583.80298411,0
1505500275,21474041,0.18600,5000.00000000,0
1505500274,21474036,0.18599,6928.68000000,0
1505500270,21474017,0.18700,14763.49433155,0
1505500270,21474016,0.18699,10401.36824000,0
1505500270,21474015,0.18610,194.47884615,0
1505500268,21474013,0.18601,1357.92828343,0
1505500258,21473990,0.18600,8706.93195700,0
1505500257,21473989,0.18596,1698.75239683,0
1505500257,21473988,0.18799,10278.53729017,1
1505500257,21473987,0.18799,3926.52845800,1
1505500257,21473986,0.18720,18202.00000000,0
1505500257,21473985,0.18720,5478.51385900,1
1505500256,21473984,0.18610,2265.58510000,0
1505500256,21473983,0.18600,4729.39629000,0
1505500255,21473979,0.18599,1721.10600619,1
1505500255,21473978,0.18599,1797.18253000,0
1505500255,21473977,0.18590,5000.00000000,0
1505500242,21473932,0.18611,887.54608606,1
1505500242,21473930,0.18611,854.40465600,1
1505500241,21473928,0.18611,1062.48878941,1
1505500241,21473927,0.18611,1493.57069700,1
1505500241,21473926,0.18611,194.68684491,1
1505500240,21473925,0.18799,25206.15676365,0
1505500240,21473923,0.18740,18813.00000000,0
1505500240,21473920,0.18739,362.22821000,0
1505500240,21473918,0.18739,6952.80056000,1
1505500239,21473917,0.18735,79.46656000,0
1505500239,21473915,0.18734,1811.14106000,0
1505500238,21473909,0.18733,3632.19335087,1
1505500238,21473906,0.18700,3500.00000000,0
1505500237,21473905,0.18611,850.00000000,1
1505500237,21473901,0.18601,134.70888662,0
1505500236,21473899,0.18600,1693.23864020,1
1505500236,21473894,0.18600,195.63888441,0
1505500234,21473886,0.18699,5596.83003576,0
1505500234,21473885,0.18699,1595.18071000,1
1505500234,21473884,0.18699,18448.43019600,1
1505500234,21473882,0.18699,5919.79035500,1
1505500234,21473881,0.18699,852.26175800,1
1505500233,21473880,0.18699,7473.35268600,1
1505500233,21473879,0.18699,2042.26078900,1
1505500233,21473874,0.18610,3065.78436327,0
1505500233,21473873,0.18610,3089.00000000,1
1505500232,21473872,0.18609,3465.50000000,1
1505500232,21473871,0.18601,195.62837184,0
1505500231,21473869,0.18600,355.44370631,1
1505500230,21473866,0.18600,1376.74091398,0
1505500224,21473837,0.18600,464.97832000,1
1505500224,21473833,0.18600,1221.63577000,1
1505500224,21473832,0.18601,11199.22230700,1
1505500224,21473831,0.18601,2646.14108300,1
1505500223,21473828,0.18601,2324.89159000,1
1505500223,21473822,0.18600,454.87033477,1
1505500221,21473813,0.18597,265.62254005,0
1505500221,21473811,0.18470,4667.37830000,0
1505500218,21473783,0.18720,51506.78231417,1
1505500218,21473781,0.18720,1682.98038963,1
1505500217,21473776,0.18720,35.00000000,0
1505500217,21473774,0.18710,135.34456116,0
1505500217,21473773,0.18720,2515.67393162,1
1505500216,21473771,0.18710,100.00000000,0
1505500216,21473770,0.18710,34.00000000,0
1505500216,21473769,0.18710,35.00000000,0
1505500216,21473767,0.18700,1823.09120281,0
1505500215,21473765,0.18620,35.00000000,0
1505500215,21473764,0.18610,100.00000000,0
1505500215,21473762,0.18610,35.00000000,0
1505500215,21473760,0.18610,7388.95400000,1
1505500215,21473756,0.18600,561.22471236,0
1505500214,21473754,0.18599,5562.48357442,0
1505500214,21473752,0.18599,265.59397849,0
1505500214,21473750,0.18598,728.13522000,0
1505500214,21473748,0.18598,3640.67610000,0
1505500213,21473747,0.18597,1338.85500000,0
1505500213,21473744,0.18590,10000.00000000,0
1505500212,21473734,0.18560,19558.00000000,0
1505500203,21473678,0.18600,35929.18500000,0
1505500202,21473672,0.18599,1579.73108297,1
1505500202,21473671,0.18599,16196.40563000,0
1505500198,21473664,0.18600,17487.96866602,0
1505500198,21473663,0.18600,812.95542000,1
1505500198,21473662,0.18599,10000.00000000,0
1505500197,21473661,0.18598,2463.64867190,0
1505500197,21473660,0.18598,4064.77709000,1
1505500197,21473659,0.18598,16339.17680300,1
1505500197,21473658,0.18515,2028.27882965,1
1505500197,21473657,0.18516,16204.17395000,1
1505500197,21473656,0.18597,10948.44898035,1
1505500197,21473655,0.18597,4030.79043300,1
1505500196,21473654,0.18597,38733.79000000,0
1505500195,21473651,0.18515,522.21248022,0
1505500192,21473642,0.18598,536.35132810,0
1505500186,21473618,0.18479,3868.38703087,1
1505500186,21473617,0.18598,6131.61296913,1
1505500186,21473615,0.18598,10000.00000000,1
1505500186,21473614,0.18598,10000.00000000,1
1505500185,21473613,0.18596,3832.19235000,1
1505500185,21473611,0.18580,20231.00000000,0
1505500185,21473610,0.18580,766.43847000,1
1505500185,21473609,0.18580,2772.31508431,1
1505500185,21473608,0.18580,7227.68491569,1
1505500185,21473607,0.18580,10000.00000000,1
1505500184,21473605,0.18571,1355.35018031,0
1505500184,21473604,0.18485,10000.00000000,0
1505500184,21473602,0.18484,10000.00000000,0
1505500183,21473601,0.18484,10000.00000000,0
1505500183,21473600,0.18484,4280.97347400,1
1505500183,21473599,0.18484,3877.83443000,1
1505500183,21473598,0.18483,10000.00000000,0
1505500183,21473597,0.18483,10000.00000000,0
1505500183,21473596,0.18483,10000.00000000,0
1505500182,21473595,0.18481,10000.00000000,0
1505500182,21473594,0.18480,10000.00000000,0
1505500182,21473592,0.18479,10000.00000000,0
1505500180,21473586,0.18478,73188.15700000,0
1505500169,21473561,0.18579,8133.64879702,0
1505500169,21473560,0.18571,3000.01000000,0
1505500169,21473559,0.18527,88.00000000,0
1505500169,21473558,0.18526,946.22033000,0
1505500168,21473555,0.18500,7077.22449894,0
1505500168,21473554,0.18500,10000.00000000,1
1505500168,21473553,0.18490,4731.10167000,0
1505500167,21473552,0.18485,9989.51494000,1
1505500167,21473551,0.18485,10000.00000000,0
1505500158,21473532,0.18489,1627.13492000,0
1505500133,21473493,0.18464,4971.80418000,0
1505500119,21473429,0.18472,757.80292000,0
1505500044,21473232,0.18472,2436.55068000,1
1505499808,21472395,0.18410,14378.00163354,1
1505499796,21472328,0.18408,3242.08356000,1
1505499796,21472326,0.18409,1330.26640000,1
1505499750,21472203,0.18355,2261.00000000,0
1505499740,21472192,0.18300,2417.92448966,1
1505499736,21472186,0.18300,57.06896600,1
1505499715,21472134,0.18365,11330.84676254,1
1505499714,21472132,0.18365,3047.15487100,1
1505499714,21472131,0.18367,157.22797300,1
1505499698,21472085,0.18367,842.77202700,1
1505499668,21471960,0.18401,3030.39506255,1
1505499668,21471959,0.18401,7094.89689200,1
1505499668,21471956,0.18401,6790.43469200,1
1505499665,21471946,0.18401,915.47100000,1
1505499656,21471923,0.18401,1366.65440959,1
1505499653,21471912,0.18401,2680.28000000,1
1505499652,21471909,0.18401,4077.96835000,1
1505499652,21471907,0.18401,3709.00000000,1
1505499651,21471902,0.18401,1709.17764389,1
1505499646,21471886,0.18401,366.97972383,1
1505499643,21471869,0.18401,1294.56578000,1
1505499643,21471867,0.18402,2205.43422000,1
1505499641,21471865,0.18401,3287.06763700,1
1505499640,21471864,0.18401,2678.40452100,1
1505499634,21471855,0.18401,10890.64630000,1
1505499633,21471854,0.18401,2493.74237400,1
1505499633,21471853,0.18401,1970.20300800,1
1505499626,21471840,0.18401,3333.00000000,1
1505499625,21471839,0.18401,1955.92000000,1
1505499625,21471837,0.18401,8250.03929900,1
1505499625,21471836,0.18401,2434.67757600,1
1505499625,21471835,0.18401,2721.84069000,1
1505499624,21471834,0.18401,4275.32242400,1
1505499624,21471833,0.18401,368.15931000,1
1505499624,21471832,0.18402,2721.84069000,1
1505499614,21471801,0.18402,3500.00000000,1
1505499603,21471738,0.18402,1344.00000000,1
1505499599,21471732,0.18403,1528.62257000,0
1505499598,21471723,0.18402,1868.95821200,1
1505499595,21471721,0.18402,3447.32142400,1
1505499595,21471720,0.18402,2864.99266000,1
1505499592,21471711,0.18402,2775.61705400,1
1505499522,21471505,0.18451,3500.00000000,1
1505499503,21471411,0.18488,87.61961100,0
1505499498,21471390,0.18437,1295.90999954,0
1505499498,21471387,0.18401,0.00000046,0
1505499423,21471140,0.18401,4165.11007900,0
1505499415,21471099,0.18401,230.36791478,0
1505499380,21470999,0.18401,1536.62000000,0
1505499376,21470986,0.18401,1088.76000000,0
1505499372,21470975,0.18401,220.00000000,0
1505499362,21470942,0.18400,1325.67067900,0
1505499331,21470840,0.18401,1077.72556100,0
1505499329,21470832,0.18401,211.41644476,0
1505499316,21470804,0.18365,1334.27290000,1
1505499316,21470803,0.18400,560.00000000,1
1505499283,21470686,0.18401,1330.26799950,1
1505499283,21470683,0.18401,582.94902450,1
1505499257,21470618,0.18499,1000.00000000,0
1505499248,21470597,0.18500,2922.77550106,1
1505499236,21470534,0.18500,2177.02000000,1
1505499225,21470478,0.18500,5837.53349100,1
1505499221,21470465,0.18500,42780.04938632,1
1505499195,21470379,0.18520,500.00000000,0
1505499195,21470378,0.18520,35.00000000,0
1505499194,21470373,0.18500,261.00000000,1
1505499182,21470345,0.18510,100.00000000,0
1505499182,21470343,0.18510,35.00000000,0
1505499169,21470253,0.18500,509.00000000,0
1505499152,21470185,0.18500,135.00000000,0
1505499131,21470114,0.18500,2272.40273424,1
1505499126,21470105,0.18500,5000.00000000,0
1505499126,21470104,0.18500,1000.00000000,0
1505499126,21470102,0.18500,100.00000000,0
1505499126,21470100,0.18500,1500.00000000,0
1505499126,21470099,0.18488,500.00000000,0
1505499126,21470097,0.18472,80.59489000,0
1505499077,21469856,0.18441,2257.86558000,0
1505499063,21469789,0.18440,772.85949148,1
1505499063,21469788,0.18441,7781.84463000,1
1505499061,21469778,0.18440,4739.60970716,1
1505499060,21469774,0.18440,2282.84559579,1
1505499059,21469769,0.18440,6737.30653000,1
1505499059,21469767,0.18440,8691.71160521,1
1505499056,21469753,0.18420,35.00000000,0
1505499056,21469752,0.18418,29.29745057,0
1505499054,21469750,0.18418,406.19480943,0
1505499050,21469725,0.18418,64.50774000,0
1505499034,21469660,0.18410,100.00000000,0
1505499034,21469659,0.18410,35.00000000,0
1505499022,21469538,0.18363,265.00000000,1
1505499013,21469489,0.18400,17087.60423500,0
1505499012,21469486,0.18400,31258.59994565,0
1505499011,21469480,0.18400,34656.73222826,0
1505499010,21469474,0.18399,3056.05205000,0
1505499003,21469441,0.18399,65.05788400,0
1505498998,21469409,0.18360,1142.16528800,0
1505498969,21469313,0.18360,1142.16514162,1
1505498964,21469302,0.18360,4328.54441000,0
1505498950,21469237,0.18359,575.93365652,0
1505498926,21469117,0.18379,14795.07853359,0
1505498925,21469116,0.18370,15039.01191501,0
1505498925,21469113,0.18361,14229.76400000,0
1505498925,21469111,0.18320,35.00000000,0
1505498924,21469110,0.18310,100.00000000,0
1505498924,21469109,0.18310,35.00000000,0
1505498924,21469107,0.18250,1500.00000000,0
1505498922,21469096,0.18238,252.26219377,0
1505498922,21469094,0.18238,5620.33387244,0
1505498921,21469091,0.18238,1141.82771045,0
1505498857,21468990,0.18238,737.83841711,0
1505498845,21468961,0.18151,1101.07487500,1
1505498840,21468949,0.18237,1367.77396000,0
1505498840,21468948,0.18214,82.34604000,0
1505498840,21468947,0.18212,90.00000000,0
1505498666,21468639,0.18150,1438.18260700,1
1505498663,21468636,0.18203,100.00000000,0
1505498659,21468627,0.18150,10000.00000000,1
1505498656,21468616,0.18150,56.90544400,1
1505498653,21468606,0.18150,2773.00205200,1
1505498648,21468602,0.18150,438.57755000,1
1505498647,21468600,0.18150,1974.62057200,1
1505498644,21468591,0.18150,334.49544374,1
1505498641,21468587,0.18150,5605.20000000,1
1505498635,21468573,0.18210,1528.30752334,0
1505498635,21468571,0.18210,35.00000000,0
1505498631,21468562,0.18150,6430.34341200,1
1505498630,21468561,0.18150,1365.78330000,1
1505498624,21468557,0.18150,7598.41707800,1
1505498622,21468556,0.18150,1351.14610000,1
1505498620,21468552,0.18150,2675.53741047,1
1505498602,21468533,0.18145,165.23020000,1
1505498601,21468532,0.18100,8639.00000000,0
1505498601,21468531,0.18075,195.76980000,0
1505498595,21468526,0.18050,150.00000000,1
1505498543,21468458,0.18050,2158.99369920,1
1505498531,21468444,0.18050,552.00000000,1
1505498515,21468421,0.18050,16642.16072022,1
1505498507,21468403,0.18050,1206.84933200,1
1505498502,21468389,0.18050,552.00000000,1
1505498478,21468318,0.18051,1467.00000000,0
1505498445,21468145,0.18050,688.00000000,1
1505498429,21468104,0.18109,2065.23020000,1
1505498401,21467998,0.18027,689.00000000,1
1505498385,21467932,0.18200,9514.05695400,1
1505498384,21467928,0.18200,1836.05314598,1
1505498384,21467923,0.18200,1369.88990000,0
1505498384,21467921,0.18200,21240.00000000,0
1505498384,21467918,0.18110,40.00000000,0
1505498383,21467917,0.18108,0.00000002,0
1505498382,21467908,0.18018,17.25600122,0
1505498374,21467861,0.18018,736.74399878,0
1505498345,21467760,0.18012,1215.00000000,1
1505498337,21467731,0.18007,137.00000000,1
1505498320,21467666,0.18108,12879.99999998,0
1505498319,21467661,0.18100,702.57142857,0
1505498319,21467659,0.18095,152.34208345,0
1505498308,21467594,0.17961,27.78427103,0
1505498307,21467582,0.17961,700.21572897,0
1505498294,21467490,0.18010,1893.15574255,0
1505498288,21467455,0.18010,630.21735745,1
1505498288,21467453,0.18011,2107.62690000,1
1505498283,21467435,0.18095,152.34222632,1
1505498281,21467428,0.18095,1226.44226519,1
1505498277,21467401,0.18095,1346.45540000,0
1505498277,21467400,0.18010,40.00000000,0
1505498277,21467399,0.18010,7075.08236849,0
1505498275,21467388,0.18010,1569.43459551,0
1505498275,21467382,0.17959,3500.00000000,1
1505498268,21467343,0.18010,1355.48303600,0
1505498216,21467212,0.17959,921.00000000,1
1505498211,21467191,0.18000,2055.65275900,0
1505498198,21467130,0.18000,15722.89323492,0
1505498197,21467128,0.17959,0.00000008,0
