date,tid,price,amount,type
1506816027,22597410,3665.50,0.01632792,0
1506816018,22597408,3665.50,0.08000000,0
1506815994,22597389,3665.79,0.64684283,1
1506815993,22597388,3665.00,0.06447254,0
1506815934,22597382,3664.99,0.01292021,0
1506815925,22597381,3665.00,0.10779980,0
1506815925,22597380,3661.09,0.06211513,0
1506815923,22597379,3660.00,0.01731139,0
1506815866,22597371,3651.41,0.11173184,1
1506815850,22597370,3660.00,0.02039560,0
1506815819,22597367,3660.00,0.40000000,0
1506815745,22597363,3652.66,0.00218829,1
1506815693,22597358,3660.00,0.26749301,0
1506815572,22597350,3659.90,0.01771597,0
1506815490,22597339,3659.90,0.01280867,0
1506815432,22597334,3650.03,0.01319392,1
1506815413,22597333,3659.90,0.07877843,0
1506815272,22597322,3659.90,0.05450500,0
1506815234,22597318,3659.90,0.01593599,0
1506815206,22597316,3659.89,0.11637781,0
1506815071,22597301,3659.88,0.00765505,0
1506814937,22597278,3659.60,0.55951664,0
1506814937,22597277,3656.00,0.04129999,0
1506814937,22597276,3655.32,0.01240549,0
1506814936,22597274,3655.00,0.00828056,0
1506814890,22597258,3647.80,0.00929174,1
1506814890,22597257,3648.00,0.04129999,1
1506814890,22597256,3648.28,0.01393963,1
1506814839,22597253,3648.11,0.01745932,1
1506814743,22597224,3655.00,0.00150000,0
1506814593,22597190,3655.00,0.02678238,0
1506814502,22597179,3647.40,0.01000000,1
1506814473,22597175,3655.09,0.01023773,0
1506814450,22597170,3655.18,0.25865125,0
1506814449,22597169,3655.20,0.60029999,0
1506814409,22597162,3655.80,0.32811602,0
1506814181,22597104,3655.08,0.02258467,1
1506814150,22597102,3659.10,0.03243005,0
1506814150,22597101,3659.10,0.70638783,0
1506814142,22597097,3659.89,0.00433204,0
1506814142,22597096,3659.56,0.02266743,0
1506814112,22597087,3655.40,0.35538947,0
1506814105,22597084,3655.50,0.02748000,1
1506813994,22597056,3655.98,0.10276235,0
1506813986,22597054,3657.70,0.00561057,0
1506813849,22597034,3648.43,0.00219059,1
1506813775,22597024,3657.80,0.06882290,0
1506813720,22597014,3658.99,0.14090166,0
1506813710,22597013,3659.08,0.04165847,0
1506813708,22597012,3649.21,0.00730330,0
1506813673,22597004,3658.89,0.00296834,0
1506813665,22597003,3659.06,1.11585192,1
1506813664,22597002,3659.02,0.17905716,0
1506813647,22596997,3646.17,0.69995665,1
1506813595,22596982,3659.53,0.02659978,0
1506813584,22596977,3659.39,0.03067330,0
1506813578,22596976,3659.24,0.10385285,0
1506813560,22596969,3658.66,0.05927385,0
1506813438,22596946,3648.43,0.01000000,1
1506813435,22596945,3655.80,2.07137441,0
1506813435,22596944,3655.00,0.25000000,0
1506813435,22596943,3655.00,0.25099619,0
1506813435,22596942,3655.00,0.83477213,0
1506813435,22596941,3654.84,0.50000000,0
1506813435,22596940,3654.00,0.01901306,0
1506813371,22596936,3654.00,0.21383801,0
1506813371,22596935,3654.00,0.05546075,0
1506813312,22596906,3654.00,0.00765723,0
1506813151,22596893,3654.00,0.55169950,0
1506813151,22596892,3653.99,0.15975000,0
1506813148,22596890,3653.99,0.04025000,0
1506813069,22596883,3648.45,0.03215798,1
1506813028,22596878,3653.96,0.28189672,0
1506812830,22596857,3653.96,0.08897961,0
1506812792,22596850,3653.80,0.02544841,0
1506812438,22596813,3654.00,0.00273673,0
1506812436,22596812,3654.00,0.02729885,0
1506812406,22596807,3654.00,0.00176000,0
1506812379,22596803,3647.83,0.01000000,1
1506812353,22596796,3647.50,0.06000000,1
1506812304,22596792,3654.00,0.01282605,0
1506812137,22596775,3654.94,0.02027922,0
1506812067,22596735,3654.94,0.12096152,0
1506811985,22596730,3654.97,0.02661658,0
1506811979,22596729,3654.97,0.02905907,0
1506811955,22596728,3647.63,0.00219113,1
1506811905,22596709,3654.97,0.04873884,0
1506811887,22596708,3646.60,0.12500000,1
1506811808,22596685,3646.63,0.71646500,1
1506811784,22596683,3654.90,0.03465000,0
1506811542,22596661,3645.92,0.08989600,1
1506811435,22596625,3654.90,0.20387302,0
1506811435,22596624,3654.89,0.07153786,0
1506811372,22596614,3654.90,0.06732614,0
1506811363,22596613,3655.00,0.01799955,0
1506811343,22596607,3654.50,1.00000000,0
1506811279,22596583,3655.00,0.14270065,0
1506811279,22596582,3655.00,0.10044536,0
1506811215,22596568,3654.99,0.04344851,0
1506811215,22596567,3654.96,0.22021206,0
1506811212,22596563,3645.50,0.05070000,1
1506811151,22596505,3654.96,0.00296472,0
1506811114,22596499,3654.93,0.02081894,0
1506811043,22596489,3655.00,0.17751062,0
1506810943,22596469,3654.96,0.01153314,0
1506810894,22596452,3648.43,0.25552886,1
1506810878,22596445,3655.00,0.05458276,0
1506810844,22596443,3655.00,0.02627896,0
1506810837,22596442,3655.00,0.50000000,0
1506810784,22596424,3655.00,0.02510807,0
1506810783,22596422,3654.99,0.25383654,0
1506810723,22596407,3654.49,0.02511157,0
1506810705,22596401,3654.30,0.00804566,0
1506810681,22596390,3654.90,0.01334547,0
1506810671,22596388,3654.89,0.03158049,0
1506810625,22596368,3654.90,0.02651561,0
1506810586,22596354,3654.80,0.01276726,0
1506810527,22596340,3654.90,0.03030000,0
1506810520,22596337,3654.90,0.13946500,0
1506810446,22596327,3655.00,0.11607423,0
1506810445,22596326,3654.39,0.10838998,0
1506810325,22596309,3653.50,0.13878743,0
1506810283,22596302,3642.73,0.53392672,0
1506810280,22596301,3650.40,0.02607328,1
1506810244,22596291,3654.80,0.00765568,0
1506810207,22596276,3654.80,0.26546126,0
1506810207,22596275,3652.35,0.01000000,0
1506810194,22596271,3643.80,0.13320000,1
1506810166,22596267,3654.80,0.02707559,0
1506810055,22596230,3645.50,0.00219259,1
1506810046,22596215,3654.50,0.09143795,0
1506809985,22596147,3644.83,0.22000000,0
1506809947,22596070,3654.50,1.00009851,0
1506809945,22596068,3654.50,0.27139854,0
1506809887,22596035,3654.50,0.02533858,0
1506809844,22596016,3654.90,0.01310258,0
1506809826,22595969,3654.40,0.02571631,0
1506809806,22595944,3654.50,0.02563564,0
1506809743,22595927,3654.79,0.02576968,0
1506809663,22595883,3649.90,0.03853649,0
1506809662,22595882,3649.90,0.00899202,0
1506809620,22595874,3645.18,0.28783038,1
1506809596,22595863,3654.80,0.25582195,0
1506809585,22595862,3654.80,0.07692247,0
1506809565,22595858,3654.94,0.32700405,0
1506809565,22595857,3653.00,0.75000000,0
1506809564,22595856,3652.90,1.61409394,0
1506809506,22595836,3652.90,0.00760307,0
1506809503,22595834,3652.90,0.10689382,0
1506809455,22595774,3652.90,0.02181520,0
1506809454,22595773,3652.90,0.05753570,0
1506809443,22595760,3652.90,0.10582223,0
1506809431,22595736,3652.90,0.09013077,0
1506809418,22595713,3652.90,0.10524189,0
1506809407,22595695,3652.90,0.08710421,0
1506809405,22595688,3652.90,0.11335917,0
1506809181,22595523,3655.30,0.86554731,0
1506809181,22595522,3655.29,0.05767721,0
1506809162,22595503,3655.39,0.05414625,0
1506809162,22595499,3649.08,0.02025125,0
1506809162,22595498,3649.01,0.03588793,0
1506809124,22595460,3649.01,0.00767627,0
1506809104,22595459,3649.01,1.29847548,0
1506809100,22595456,3641.24,0.01318072,1
1506808997,22595438,3649.01,0.03577557,0
1506808976,22595426,3648.89,0.02707119,0
1506808877,22595406,3649.01,0.16838775,0
1506808877,22595405,3648.89,0.06369000,0
1506808871,22595404,3648.80,0.49350002,0
1506808867,22595403,3645.20,0.00274356,0
1506808865,22595402,3649.00,0.15099142,0
1506808860,22595401,3644.90,0.69371797,0
1506808859,22595400,3644.89,0.12738000,0
1506808845,22595379,3644.90,0.02149023,0
1506808845,22595376,3644.90,0.16946403,0
1506808748,22595320,3649.00,0.66494369,0
1506808743,22595319,3649.08,0.02214875,0
1506808739,22595314,3639.00,0.27007404,1
1506808739,22595313,3639.00,0.25930957,0
1506808738,22595312,3639.31,0.48535415,1
1506808738,22595310,3640.00,0.89037444,1
1506808738,22595308,3640.02,0.02266743,0
1506808736,22595305,3642.10,0.09754537,1
1506808727,22595303,3645.22,0.13273033,1
1506808717,22595301,3649.10,0.08565496,0
1506808698,22595297,3646.46,0.30210944,1
1506808676,22595285,3655.20,0.27289888,0
1506808624,22595264,3657.80,0.02925000,0
1506808612,22595261,3646.50,0.04915994,0
1506808611,22595260,3650.00,0.03312006,1
1506808604,22595258,3650.20,0.02859929,1
1506808541,22595234,3659.90,0.02622937,0
1506808535,22595233,3658.70,0.00868341,1
1506808485,22595221,3661.00,0.22594450,0
1506808483,22595220,3661.00,0.03939028,0
1506808465,22595218,3661.00,0.03083409,0
1506808366,22595165,3661.09,0.02552934,0
1506808314,22595163,3661.09,0.02731427,0
1506808243,22595160,3661.09,0.00128526,0
1506808243,22595159,3661.08,0.01774200,0
1506808206,22595146,3661.60,0.00249986,1
1506808205,22595145,3661.19,0.10000000,0
1506808205,22595144,3661.09,0.01378464,0
1506808204,22595142,3660.99,0.00903933,0
1506808201,22595140,3660.99,0.14096067,1
1506808199,22595139,3660.99,0.09258246,0
1506808183,22595130,3650.00,0.13915228,1
1506808159,22595127,3650.94,0.00437822,1
1506808101,22595102,3655.80,0.02679005,0
1506808006,22595081,3655.99,0.13401885,0
1506807925,22595036,3656.19,0.02311498,0
1506807866,22595002,3656.20,0.44784007,0
1506807860,22595001,3656.20,0.12686248,0
1506807848,22594994,3647.13,0.12730512,0
1506807846,22594993,3647.13,0.30491095,1
1506807843,22594992,3647.13,0.02298946,1
1506807807,22594970,3646.46,0.14630266,1
1506807807,22594968,3649.19,0.02261254,1
1506807807,22594967,3650.00,0.39197178,1
1506807807,22594966,3650.17,0.07617108,1
1506807750,22594911,3656.60,1.66541887,0
1506807739,22594899,3656.60,0.15147387,0
1506807728,22594896,3650.04,0.15188124,1
1506807726,22594894,3650.44,0.01350962,1
1506807707,22594887,3650.00,0.01351573,1
1506807705,22594886,3650.44,0.01378464,1
1506807694,22594876,3656.11,1.01715000,1
1506807684,22594867,3656.20,0.13025229,1
1506807665,22594860,3661.70,0.01753827,0
1506807606,22594835,3661.71,0.01540819,0
1506807544,22594808,3667.50,0.01920116,0
1506807525,22594799,3667.50,0.05510635,0
1506807483,22594778,3669.50,0.25280828,0
1506807361,22594754,3671.80,0.00832842,0
1506807346,22594751,3671.90,0.12782902,0
1506807345,22594750,3671.89,0.00100141,0
1506807344,22594749,3671.89,0.11899859,0
1506807344,22594748,3670.00,0.01500228,0
1506807325,22594741,3670.00,0.00852231,0
1506807324,22594740,3670.00,0.12031374,0
1506807313,22594719,3670.00,0.04076839,0
1506807308,22594714,3670.00,0.01111703,0
1506807308,22594713,3669.98,0.00866189,0
1506807308,22594712,3668.90,0.01000000,0
1506807284,22594678,3666.70,0.06432649,0
1506807284,22594676,3664.91,0.01293034,0
1506807205,22594576,3664.91,0.24821856,0
1506807205,22594575,3664.90,0.14852712,0
1506807192,22594560,3664.90,0.02967594,0
1506807186,22594556,3664.90,0.04961936,0
1506807186,22594554,3664.89,0.54001092,0
1506807184,22594551,3664.00,0.05000000,0
1506807044,22594428,3664.90,0.02604488,0
1506807043,22594427,3664.90,0.01875000,0
1506807041,22594426,3664.89,0.01416822,1
1506807039,22594425,3664.74,0.25332770,0
1506806978,22594370,3664.90,0.04418700,0
1506806970,22594356,3664.87,0.01360758,0
1506806936,22594318,3664.90,0.10000000,0
1506806930,22594312,3664.74,0.02725159,0
1506806904,22594296,3664.90,0.08060827,0
1506806897,22594292,3664.69,0.02225300,1
1506806895,22594289,3664.64,0.08788455,0
1506806894,22594286,3664.65,0.11019100,0
1506806879,22594276,3655.30,0.01000000,1
1506806864,22594266,3664.87,0.02310755,0
1506806782,22594230,3660.10,0.03028215,1
1506806773,22594225,3660.00,0.05795610,1
1506806764,22594216,3664.84,0.02468838,0
1506806749,22594210,3662.62,2.91171718,1
1506806744,22594208,3664.90,0.04264476,0
1506806685,22594149,3664.90,0.02550463,0
1506806683,22594147,3664.90,0.02295312,0
1506806676,22594138,3664.78,0.13613633,0
1506806673,22594135,3664.81,0.05322205,1
1506806602,22594089,3664.90,0.01279119,0
1506806540,22594051,3664.90,0.08238920,0
1506806522,22594035,3664.90,0.13147184,0
1506806505,22594016,3664.90,0.03879160,0
1506806487,22593999,3664.90,0.09209323,0
1506806480,22593994,3664.90,0.02247829,0
1506806446,22593941,3664.90,0.03146957,0
1506806436,22593940,3664.90,1.00000000,0
1506806372,22593888,3664.91,0.40179037,0
1506806369,22593883,3664.91,0.05443244,0
1506806363,22593879,3664.91,0.01360743,0
1506806350,22593875,3664.91,0.01367619,0
1506806331,22593872,3664.91,0.15431000,0
1506806276,22593854,3664.91,0.01910989,0
1506806245,22593817,3664.91,0.02623526,0
1506806152,22593783,3664.91,0.04206005,0
1506806111,22593738,3664.91,0.01362947,0
1506806103,22593728,3664.77,0.37866748,0
1506806097,22593714,3660.00,0.02269126,1
1506806034,22593654,3664.74,0.03302239,0
1506806034,22593653,3664.00,0.03659209,0
1506806003,22593645,3660.00,0.08695714,1
1506806003,22593644,3663.67,0.05283010,1
1506805992,22593642,3664.00,0.06340791,0
1506805992,22593641,3663.67,0.00844397,0
1506805949,22593633,3663.67,0.01361203,0
1506805925,22593630,3660.00,0.02000000,1
1506805920,22593628,3663.20,0.01865000,0
1506805919,22593627,3660.00,1.10300662,0
1506805917,22593624,3660.00,5.88933130,0
1506805917,22593623,3660.00,0.10901639,0
1506805917,22593622,3658.00,0.00165231,0
1506805878,22593618,3658.00,0.62993714,0
1506805877,22593617,3657.00,0.00035994,0
1506805871,22593612,3657.00,0.16133384,0
1506805853,22593598,3657.00,0.06388500,0
1506805852,22593597,3658.00,0.06680700,0
1506805846,22593587,3658.00,0.01530667,0
1506805844,22593584,3655.00,0.04794540,1
1506805844,22593583,3655.03,0.30028860,1
1506805813,22593556,3657.97,0.05385307,1
1506805804,22593555,3658.00,0.02733700,0
1506805719,22593534,3658.00,0.10500000,0
1506805692,22593502,3658.00,0.02705132,0
1506805547,22593464,3658.00,0.00764982,0
1506805545,22593463,3657.97,0.02289918,0
1506805485,22593447,3657.93,0.00764132,0
1506805483,22593446,3650.13,0.06230390,1
1506805463,22593444,3657.94,0.09093773,0
1506805455,22593443,3650.03,0.00320000,1
1506805427,22593436,3657.99,0.01032968,0
1506805420,22593429,3657.69,0.08053083,0
1506805384,22593412,3658.00,0.05654141,0
1506805383,22593407,3658.00,0.06271733,0
1506805345,22593378,3657.89,0.02304981,0
1506805339,22593375,3657.27,0.06232847,0
1506805272,22593352,3657.27,0.01635000,1
1506805245,22593338,3657.80,0.02289585,0
1506805224,22593334,3650.00,0.09451249,1
1506805224,22593333,3650.40,0.02728751,1
1506805214,22593327,3658.10,0.02701028,0
1506805213,22593325,3658.22,0.00382641,0
1506805210,22593323,3658.30,0.00655956,0
1506805163,22593316,3659.82,0.32200006,0
1506805104,22593306,3662.25,0.06387640,0
1506805083,22593298,3662.57,0.02505597,0
1506805064,22593288,3653.20,0.02326391,1
1506805044,22593283,3652.93,0.84420416,1
1506805044,22593282,3655.00,0.40000000,1
1506805038,22593280,3663.61,0.02031113,0
1506805008,22593274,3658.33,0.11087932,1
1506804981,22593247,3658.33,0.00890437,1
1506804877,22593222,3663.57,0.02722754,1
1506804807,22593179,3660.00,1.28122296,1
1506804766,22593172,3660.00,0.01877704,1
1506804766,22593171,3663.64,0.02625416,0
1506804746,22593170,3663.64,0.04049640,0
1506804683,22593161,3663.64,0.01537652,0
1506804612,22593133,3663.64,0.15431000,0
1506804484,22593119,3663.67,0.01538916,0
1506804466,22593116,3664.17,0.10946046,0
1506804424,22593112,3662.93,0.01865000,0
1506804404,22593108,3650.80,0.00879311,1
1506804374,22593104,3651.21,0.02532606,1
1506804367,22593103,3660.14,0.00749643,0
1506804312,22593094,3662.08,0.10727971,0
1506804263,22593052,3657.80,0.07946276,0
1506804257,22593046,3657.90,0.22867811,0
1506804253,22593040,3658.00,0.05238182,0
1506804248,22593025,3658.20,0.08397398,0
1506804215,22592971,3659.40,0.17316750,0
1506804204,22592961,3663.57,0.08034126,0
1506804165,22592937,3661.47,0.20690383,0
1506804129,22592917,3662.53,0.00735284,0
1506804119,22592912,3653.28,0.02111975,1
1506804117,22592903,3659.00,0.00888025,1
1506804104,22592901,3663.12,0.01271140,0
1506804044,22592888,3663.34,0.15770885,0
1506804004,22592884,3663.87,0.01926359,0
1506803996,22592880,3663.84,0.00293849,0
1506803965,22592873,3664.00,0.01002885,0
1506803964,22592872,3664.00,0.00764376,0
1506803952,22592867,3663.84,0.02167700,0
1506803929,22592855,3663.80,0.00130183,0
1506803929,22592854,3660.40,0.01276241,0
1506803928,22592853,3660.40,0.02641614,0
1506803915,22592850,3652.80,0.00250000,1
1506803855,22592834,3660.40,0.32701344,0
1506803824,22592827,3652.74,0.18525703,1
1506803823,22592826,3653.70,0.02258462,1
1506803823,22592825,3655.40,0.52339749,1
1506803822,22592823,3655.67,3.29510000,0
1506803822,22592821,3655.54,0.05015209,1
1506803822,22592820,3655.67,0.87658672,0
1506803821,22592819,3655.67,0.92453450,1
1506803807,22592815,3660.40,0.02050625,0
1506803805,22592814,3660.40,0.00790847,0
1506803786,22592813,3660.40,0.01265000,0
1506803785,22592812,3660.40,0.04017000,0
1506803782,22592811,3660.40,0.06025000,0
1506803745,22592801,3660.40,0.01538849,0
1506803743,22592800,3660.40,0.01539122,0
1506803684,22592784,3660.40,0.00893455,0
1506803664,22592782,3660.40,0.02655746,0
1506803623,22592757,3656.11,0.00878606,1
1506803566,22592725,3656.30,0.89694078,1
1506803564,22592724,3660.40,0.05153603,0
1506803538,22592700,3660.40,0.05450224,0
1506803530,22592685,3660.40,0.00987112,0
1506803524,22592678,3660.40,0.02277000,0
1506803469,22592607,3660.40,0.03744673,0
1506803465,22592604,3660.40,0.12924089,0
1506803465,22592601,3660.40,0.02252759,0
1506803430,22592463,3655.63,0.04996558,1
1506803428,22592459,3656.00,0.01003442,0
1506803424,22592441,3655.60,0.97303959,0
1506803422,22592439,3656.23,0.03516131,1
1506803417,22592435,3660.40,0.02840560,0
1506803385,22592416,3660.40,0.05123164,0
1506803313,22592381,3668.40,0.00545100,0
1506803201,22592350,3668.90,0.05436747,0
1506803181,22592340,3668.79,0.03434762,0
1506803179,22592339,3668.77,0.00545100,0
1506803136,22592298,3669.29,0.00714000,0
1506803126,22592275,3669.89,0.00762587,0
1506803124,22592271,3657.41,0.02927089,1
1506803092,22592268,3668.40,0.06999999,0
1506803085,22592267,3656.80,0.42497024,1
1506803085,22592266,3661.02,0.01289141,1
1506803076,22592265,3668.40,0.12152888,0
1506803047,22592259,3668.40,0.00789263,0
1506803046,22592256,3668.40,0.00762585,0
1506803044,22592254,3661.02,0.00164802,1
1506803044,22592253,3661.65,0.02253556,1
1506803014,22592236,3669.90,0.12942720,0
1506802990,22592224,3669.90,0.16319246,0
1506802987,22592222,3669.90,0.00776778,0
1506802986,22592221,3662.20,0.36987531,1
1506802965,22592214,3669.80,0.16331900,0
1506802964,22592213,3669.00,0.09744073,0
1506802941,22592205,3669.00,0.17656783,0
1506802941,22592204,3668.88,0.10000000,0
1506802941,22592203,3668.87,0.01217481,0
1506802875,22592162,3668.99,0.01882256,0
1506802846,22592159,3669.00,0.00318070,0
1506802844,22592158,3668.99,0.04317218,0
1506802835,22592156,3661.02,0.00800000,1
1506802812,22592152,3668.99,0.01367828,0
1506802811,22592150,3661.33,0.00240660,1
1506802771,22592108,3669.00,0.15986225,0
1506802764,22592096,3669.00,1.05009687,0
1506802763,22592090,3669.00,0.02218363,0
1506802760,22592081,3668.36,0.02262590,0
1506802759,22592080,3668.00,0.07749578,0
1506802754,22592075,3668.00,0.02250422,0
1506802750,22592074,3667.75,0.13389355,0
1506802750,22592073,3667.00,0.00770000,0
1506802749,22592072,3666.35,0.02261432,0
1506802749,22592071,3666.32,0.02113851,0
1506802749,22592070,3666.32,0.00150000,0
1506802748,22592068,3664.20,2.05354338,0
1506802748,22592067,3664.20,0.16374446,0
1506802747,22592066,3664.20,0.43087999,0
1506802747,22592062,3664.20,0.01486359,0
1506802740,22592015,3664.20,0.78203000,0
1506802736,22591992,3664.20,0.72740844,0
1506802694,22591935,3664.20,1.37802521,0
1506802693,22591934,3664.20,0.00292560,0
1506802693,22591932,3664.10,0.10002265,1
1506802692,22591931,3664.10,1.24456139,0
1506802688,22591930,3664.10,0.72621873,0
1506802688,22591929,3656.23,0.27378127,0
1506802680,22591920,3656.23,0.50977919,0
1506802673,22591918,3656.23,0.24962300,0
1506802673,22591917,3656.23,0.13100000,0
1506802672,22591916,3656.23,0.24962300,0
1506802669,22591915,3656.60,3.49700000,1
1506802653,22591904,3664.09,0.04032086,0
1506802646,22591892,3664.10,0.00812660,0
1506802631,22591882,3664.10,0.02109328,0
1506802599,22591868,3664.20,2.07038983,0
1506802598,22591867,3664.20,2.78736839,0
1506802593,22591865,3664.20,0.16163198,0
1506802590,22591863,3664.20,0.16420501,0
1506802588,22591862,3664.20,0.58427214,0
1506802587,22591857,3664.20,0.01362809,0
1506802584,22591851,3655.90,0.67299516,1
1506802582,22591848,3657.91,0.21188514,1
1506802581,22591847,3664.20,0.01038691,0
1506802581,22591846,3664.20,0.37105245,0
1506802575,22591844,3664.20,0.01037667,0
1506802575,22591843,3664.20,0.01038691,0
1506802572,22591840,3657.82,0.01248588,1
1506802569,22591836,3664.20,0.01038051,0
1506802569,22591835,3664.20,0.06030000,0
1506802563,22591830,3664.20,0.01279491,0
1506802508,22591814,3664.20,0.22887020,0
1506802494,22591805,3664.20,1.00000000,0
1506802492,22591804,3664.20,0.48929916,0
1506802492,22591803,3664.17,0.53225196,0
1506802491,22591802,3664.16,0.33974276,0
1506802464,22591800,3664.16,0.02638896,0
1506802404,22591792,3664.17,0.02125000,0
1506802394,22591788,3664.17,0.00693905,0
1506802384,22591784,3657.40,0.35740145,1
1506802384,22591783,3657.51,0.01182124,1
1506802345,22591763,3664.17,0.00763590,0
1506802342,22591760,3664.17,0.02690005,0
1506802311,22591751,3664.17,0.07634343,0
1506802306,22591750,3664.17,0.20457566,0
1506802286,22591741,3664.17,0.15276734,0
1506802252,22591731,3657.42,0.00218516,0
1506802224,22591719,3664.17,0.01537610,0
1506802176,22591670,3664.16,0.00561135,0
1506802172,22591664,3657.16,0.13181477,0
1506802171,22591663,3657.21,0.06915380,1
1506802163,22591661,3664.16,0.02610250,0
1506802161,22591660,3664.17,0.00544462,0
1506802129,22591657,3664.17,0.02827000,0
1506802128,22591648,3664.17,0.02657186,0
1506802126,22591645,3664.17,0.00791809,0
1506802104,22591635,3663.87,0.02274631,0
1506802095,22591631,3663.88,0.00867600,1
1506802088,22591630,3664.17,0.38775594,0
1506802088,22591629,3664.00,0.15599730,0
1506802087,22591626,3663.99,0.40000000,0
1506802074,22591619,3663.88,0.12500000,1
1506802062,22591610,3664.00,0.24400270,0
1506802062,22591609,3663.88,0.02271729,0
1506802035,22591593,3654.70,0.01000000,1
1506802024,22591584,3663.88,0.05154166,0
1506801975,22591542,3663.88,0.02574105,0
1506801974,22591541,3662.00,0.03010000,0
1506801974,22591540,3660.00,0.06942544,0
1506801974,22591539,3659.97,0.11839002,0
1506801973,22591538,3657.26,0.01091000,0
1506801965,22591531,3657.26,0.01429000,0
1506801944,22591523,3647.87,0.01430726,1
1506801886,22591515,3646.63,0.02410000,1
1506801861,22591508,3646.22,0.80000000,1
1506801851,22591503,3660.00,0.02630953,0
1506801808,22591493,3651.61,0.01756000,1
1506801801,22591489,3660.00,0.90426503,0
1506801801,22591488,3660.00,0.05000000,0
1506801797,22591485,3659.99,0.19246582,0
1506801795,22591484,3657.26,0.08013294,0
1506801788,22591480,3657.23,0.03492533,0
1506801723,22591464,3657.26,0.01452818,0
1506801723,22591463,3654.60,0.02235956,0
1506801723,22591461,3653.57,0.07000000,0
1506801723,22591460,3653.40,0.00000517,0
1506801653,22591394,3653.40,0.05320000,0
1506801648,22591368,3653.40,0.02134200,0
1506801590,22591315,3653.40,0.06971862,0
1506801586,22591314,3653.37,0.00786061,0
1506801563,22591309,3653.40,0.13466077,0
1506801545,22591304,3653.37,0.00766876,0
1506801517,22591289,3653.40,0.01099146,0
1506801515,22591265,3653.34,0.29744200,0
1506801507,22591263,3653.40,0.01314258,0
1506801507,22591262,3650.90,0.00157591,0
1506801507,22591261,3647.00,0.02929391,0
1506801461,22591252,3647.00,0.51703694,0
1506801460,22591251,3645.00,0.02789595,0
1506801424,22591242,3647.00,0.02516315,0
1506801424,22591241,3647.00,0.02850600,0
1506801326,22591215,3648.86,0.08115760,1
1506801326,22591214,3648.89,0.00293255,0
1506801288,22591210,3641.22,0.00219489,0
1506801278,22591209,3648.39,0.13509600,0
1506801275,22591208,3648.34,0.04530000,0
1506801252,22591205,3650.90,0.04856409,0
1506801243,22591203,3650.57,0.03224159,0
1506801228,22591199,3653.40,0.81910275,0
1506801226,22591197,3649.49,0.02432236,0
1506801197,22591188,3649.17,0.26926256,0
1506801157,22591183,3649.37,0.00150000,0
1506801137,22591176,3641.27,0.06739005,1
1506801124,22591172,3649.47,0.02514591,0
1506801025,22591138,3652.75,0.01205745,0
1506800994,22591131,3652.57,0.02323702,0
1506800877,22591081,3653.57,0.01500496,1
1506800792,22591029,3654.50,0.03029689,0
1506800774,22591025,3654.37,0.06850000,0
1506800721,22591012,3654.60,0.09298880,0
1506800712,22591009,3654.57,0.01366349,0
1506800700,22591005,3653.90,1.68153644,0
1506800700,22591004,3651.11,0.01599133,0
1506800700,22591003,3649.37,0.01000000,0
1506800636,22590991,3652.60,0.10030000,0
1506800587,22590977,3639.09,0.00250000,1
1506800587,22590976,3639.09,0.00250000,1
1506800587,22590975,3639.09,0.00250000,1
1506800587,22590974,3639.09,0.00250000,1
1506800586,22590972,3639.11,0.20000000,0
1506800581,22590970,3639.09,0.00997242,1
1506800545,22590967,3654.60,0.02560503,0
1506800544,22590966,3643.37,0.09529524,0
1506800544,22590965,3643.37,0.90470476,1
1506800524,22590958,3654.60,0.06205603,0
1506800487,22590948,3654.60,0.01273640,0
1506800462,22590942,3642.14,0.00219471,1
1506800460,22590941,3654.60,0.02729437,0
1506800414,22590927,3654.70,0.13410933,0
1506800410,22590926,3654.70,0.21725723,0
1506800383,22590922,3645.80,0.05641445,1
1506800364,22590913,3654.70,0.92170903,0
1506800356,22590907,3654.70,0.20163267,0
1506800347,22590905,3654.00,0.01452823,0
1506800347,22590904,3654.00,0.02499728,0
1506800339,22590897,3654.00,0.00000272,1
1506800334,22590893,3654.00,0.02999728,1
1506800291,22590888,3654.70,0.02525000,0
1506800274,22590876,3654.70,0.08071134,0
1506800269,22590875,3654.70,0.00265444,0
1506800266,22590873,3654.70,0.05127571,0
1506800264,22590872,3654.70,0.00530889,0
1506800259,22590869,3654.70,0.01061777,0
1506800254,22590868,3654.70,0.02123553,0
1506800252,22590867,3654.70,0.04247108,0
1506800248,22590866,3654.70,0.08494214,0
1506800245,22590864,3654.70,0.16988429,0
1506800243,22590863,3654.70,0.17498463,0
1506800243,22590862,3654.68,0.16478395,0
1506800241,22590859,3654.68,0.03521605,0
1506800162,22590843,3654.70,0.00765554,0
1506800143,22590839,3654.70,0.01592820,0
1506800097,22590798,3641.30,0.82000000,1
1506800081,22590796,3654.80,0.00297410,0
1506800045,22590791,3640.00,0.00875204,1
1506800027,22590781,3654.00,0.07747520,0
1506800025,22590779,3653.77,0.05280816,0
1506799992,22590755,3654.77,0.05390691,0
1506799970,22590740,3644.11,0.00300000,1
1506799965,22590739,3643.94,0.01402108,1
1506799927,22590725,3654.87,0.79528666,0
1506799894,22590712,3654.80,0.26858818,0
1506799866,22590675,3641.90,1.67027963,1
1506799864,22590671,3639.51,0.06965496,1
1506799857,22590668,3654.10,0.03776698,0
1506799824,22590638,3641.00,0.18203119,1
1506799797,22590590,3655.00,0.11995760,0
1506799797,22590589,3654.25,0.14890269,0
1506799784,22590579,3654.66,0.03061536,0
1506799780,22590577,3654.70,0.06351936,1
1506799780,22590576,3650.00,0.08000000,0
1506799778,22590575,3644.00,0.01720080,0
1506799719,22590558,3640.01,0.14891482,1
1506799700,22590556,3642.72,0.09664088,0
1506799700,22590555,3644.00,0.09000000,1
1506799699,22590553,3644.75,0.02574903,1
1506799687,22590546,3656.10,0.01318305,0
1506799682,22590543,3644.75,0.00219283,1
1506799680,22590541,3656.07,0.00750996,0
1506799666,22590538,3644.44,0.99078585,0
1506799647,22590535,3656.00,0.12879458,0
1506799642,22590533,3656.00,0.11891897,0
1506799642,22590532,3655.99,0.13921685,0
1506799623,22590527,3655.79,0.00766785,0
1506799605,22590525,3656.10,0.25768979,0
1506799603,22590523,3655.27,0.01378856,0
1506799603,22590522,3655.17,0.01201024,0
1506799587,22590521,3650.00,0.18842290,1
1506799587,22590519,3655.40,0.00799493,0
1506799586,22590518,3650.00,0.28726869,1
1506799586,22590517,3655.40,0.00797388,0
1506799585,22590516,3649.01,0.52430841,0
1506799572,22590513,3648.67,0.02250819,0
1506799570,22590512,3644.70,0.00471545,0
1506799501,22590500,3644.00,0.01000000,1
1506799500,22590499,3644.70,0.00865020,1
1506799484,22590495,3644.70,0.03758464,1
1506799481,22590493,3648.90,0.02579950,0
1506799464,22590490,3648.77,0.38861283,0
1506799424,22590466,3648.80,0.02579950,0
1506799406,22590459,3648.87,0.01414538,0
1506799405,22590458,3648.90,0.05701337,0
1506799396,22590454,3648.90,0.07018020,0
1506799392,22590453,3648.57,0.02980602,0
1506799382,22590452,3644.70,0.10329192,1
1506799344,22590451,3648.90,0.02977452,0
1506799323,22590448,3644.70,0.01421240,1
1506799284,22590446,3644.70,0.08524234,1
1506799284,22590445,3645.00,0.15262981,1
1506799225,22590417,3648.57,0.01338067,0
1506799199,22590416,3648.77,0.02303850,0
1506799185,22590414,3648.70,0.39940742,0
1506799171,22590411,3648.60,0.13461279,0
1506799147,22590402,3648.80,0.02664156,0
1506799092,22590392,3648.60,0.05174234,0
1506799082,22590391,3645.00,0.07045477,1
1506799082,22590390,3645.01,0.02954523,1
1506799037,22590385,3648.90,0.02873339,0
1506799023,22590378,3648.77,0.02214000,0
1506798971,22590375,3648.70,0.02721381,1
1506798944,22590372,3648.77,0.02576603,0
1506798904,22590365,3644.01,0.00219319,1
1506798843,22590346,3647.03,0.06826158,1
1506798843,22590345,3648.00,0.02409122,1
1506798799,22590333,3648.00,0.10000000,1
1506798706,22590283,3653.76,0.04094960,0
1506798686,22590270,3648.00,0.10250000,1
1506798684,22590268,3653.99,0.30836824,0
1506798680,22590267,3653.46,0.04024404,1
1506798663,22590263,3654.90,0.01540823,0
1506798631,22590258,3654.45,0.00293111,0
1506798574,22590244,3653.63,0.06492624,0
1506798497,22590229,3648.00,0.05311752,1
1506798495,22590228,3648.09,0.11688248,1
1506798483,22590224,3656.94,0.02597747,0
1506798481,22590222,3656.29,0.00765537,0
1506798425,22590207,3656.87,0.00790784,0
1506798304,22590179,3656.87,0.01330238,0
1506798244,22590167,3657.26,0.00765039,0
1506798177,22590124,3649.20,0.01133100,1
1506798143,22590115,3650.91,0.00818293,0
1506798141,22590114,3650.91,0.02057219,0
1506798123,22590105,3650.91,0.02184660,0
1506798117,22590097,3650.91,0.37632001,0
1506798115,22590088,3650.91,0.04876986,0
1506798107,22590080,3654.40,0.02500000,1
1506798104,22590079,3654.32,0.01208894,0
1506798102,22590074,3654.39,0.36461900,0
1506798022,22590014,3657.23,0.03595000,0
1506797983,22589999,3642.50,0.00218524,1
1506797977,22589994,3661.00,0.03084471,0
1506797977,22589993,3660.98,0.07000000,0
1506797975,22589992,3657.26,0.10000000,0
1506797974,22589991,3657.23,0.01368342,0
1506797941,22589981,3657.20,0.00797243,0
1506797881,22589951,3656.79,0.03864544,0
1506797874,22589938,3642.20,0.56761514,1
1506797874,22589937,3642.21,0.75643957,1
1506797874,22589936,3642.32,0.12500000,1
1506797874,22589935,3642.32,0.05084529,1
1506797873,22589933,3642.32,0.07500000,1
1506797856,22589928,3641.81,0.12585072,0
1506797844,22589918,3641.41,0.00323874,1
1506797844,22589917,3645.47,0.02530000,1
1506797812,22589900,3647.00,1.43003860,1
1506797812,22589899,3647.03,0.99000000,1
1506797812,22589898,3650.01,0.05465465,1
1506797784,22589893,3658.80,0.00843891,0
1506797784,22589892,3656.48,0.01081291,0
1506797784,22589891,3656.06,0.00610621,0
1506797781,22589889,3656.06,0.00798379,0
1506797745,22589880,3656.06,0.01562440,0
1506797737,22589879,3656.00,5.21686403,1
1506797737,22589878,3656.06,0.00136212,0
1506797731,22589875,3656.00,0.26976092,1
1506797727,22589866,3656.00,0.71200404,1
1506797724,22589851,3656.00,0.07431715,1
1506797724,22589848,3656.00,1.23122786,1
1506797721,22589844,3656.00,0.08000000,1
1506797720,22589843,3656.00,2.31740000,0
1506797720,22589842,3655.79,0.08000000,0
1506797720,22589841,3655.69,0.01842600,0
1506797686,22589836,3656.00,0.18089489,0
1506797684,22589835,3652.80,0.02335073,0
1506797679,22589832,3652.90,9.35380832,0
1506797679,22589831,3652.89,0.02587900,0
1506797679,22589830,3652.89,0.62031268,0
1506797622,22589817,3654.39,0.02597679,0
1506797605,22589816,3655.08,0.02335064,0
1506797603,22589814,3655.18,0.01588464,0
1506797532,22589626,3650.00,0.05000000,1
1506797523,22589620,3654.60,0.02575623,0
1506797504,22589616,3655.08,0.10313742,0
1506797405,22589599,3660.99,0.02575560,0
1506797382,22589594,3659.99,0.03983542,0
1506797373,22589592,3660.20,0.01500085,0
1506797372,22589591,3660.20,0.00293887,0
1506797304,22589555,3661.80,0.02676277,0
1506797280,22589536,3654.90,0.14791633,0
1506797265,22589534,3655.18,0.02553330,0
1506797213,22589519,3655.49,0.02530000,0
1506797196,22589494,3650.00,0.54657534,1
1506797195,22589493,3650.00,0.49256025,1
1506797195,22589492,3650.10,2.31191041,1
1506797181,22589490,3650.10,0.00218959,1
1506797164,22589482,3650.00,0.00743975,1
1506797164,22589481,3650.00,0.02549419,0
1506797162,22589480,3651.50,0.07990000,1
1506797148,22589474,3653.00,0.03010000,1
1506797148,22589473,3653.00,0.74000000,1
1506797110,22589463,3659.80,0.27255588,0
1506797097,22589458,3653.00,0.01000000,1
1506796964,22589404,3663.89,0.07673328,0
1506796896,22589370,3655.02,0.09719358,1
1506796747,22589328,3660.30,0.06368408,0
1506796747,22589327,3660.30,1.09722079,0
1506796747,22589326,3659.00,0.52840599,0
1506796745,22589325,3653.22,0.02823763,1
1506796721,22589313,3659.00,0.01043392,0
1506796721,22589312,3659.00,0.14607491,0
1506796709,22589305,3659.00,0.05586731,0
1506796708,22589304,3653.20,0.01330500,1
1506796695,22589301,3659.00,0.06055379,0
1506796677,22589286,3659.00,0.01666000,0
1506796636,22589241,3659.00,0.04344496,0
1506796627,22589240,3659.00,0.01315600,0
1506796623,22589238,3659.00,0.12540312,0
1506796615,22589233,3653.10,0.50000000,1
1506796610,22589230,3653.68,0.01000000,1
1506796589,22589225,3663.70,0.43221607,0
1506796586,22589224,3663.79,0.02635500,0
1506796572,22589197,3663.70,0.02705168,0
1506796557,22589183,3653.10,0.00151715,0
1506796553,22589182,3653.10,0.60000000,0
1506796550,22589181,3653.10,0.10000000,0
1506796544,22589180,3653.50,0.41650000,1
1506796526,22589178,3653.10,0.07154944,1
1506796526,22589177,3653.11,0.40878966,0
1506796524,22589175,3653.61,0.01966090,0
1506796513,22589165,3663.99,0.02460125,0
1506796513,22589164,3658.96,0.01458122,1
1506796512,22589163,3658.89,0.01458122,0
1506796495,22589154,3658.94,0.02694357,0
1506796484,22589150,3658.96,0.00763625,0
1506796475,22589143,3659.00,0.11639759,0
1506796475,22589142,3657.77,0.06374226,0
1506796448,22589137,3659.00,0.18208526,0
1506796448,22589136,3657.95,0.12748453,0
1506796443,22589133,3657.95,0.05634049,0
1506796443,22589131,3657.92,0.11101048,0
1506796404,22589116,3658.59,0.10623032,0
1506796399,22589115,3653.10,1.00000000,1
1506796383,22589110,3658.97,0.02508083,0
1506796381,22589108,3653.10,0.47374935,1
1506796380,22589107,3653.10,0.00218773,1
1506796367,22589103,3653.21,0.21834061,1
1506796360,22589102,3664.10,1.50582134,0
1506796360,22589101,3660.00,2.30680000,0
1506796358,22589100,3659.28,0.31130955,0
1506796301,22589087,3662.90,0.23609833,0
1506796281,22589075,3664.08,0.38329457,0
1506796281,22589074,3664.07,0.01870871,0
1506796241,22589068,3653.50,0.89429602,1
1506796241,22589066,3653.51,0.77446036,1
1506796241,22589065,3654.00,0.12400000,1
1506796124,22589014,3654.71,0.10512002,1
1506796097,22589000,3664.18,0.01361014,0
1506796030,22588967,3664.19,0.00000010,1
1506796030,22588966,3664.19,0.01361000,1
1506796025,22588959,3663.97,0.10719537,0
1506796021,22588951,3652.21,0.13117639,1
1506795984,22588927,3664.09,0.03023189,0
1506795984,22588926,3662.00,0.00088269,0
1506795904,22588853,3651.50,0.01010000,1
1506795854,22588825,3658.00,0.20000000,1
1506795854,22588824,3658.00,0.37170645,1
1506795831,22588800,3662.00,0.00744184,0
1506795830,22588796,3661.99,0.64450478,1
1506795829,22588794,3661.99,0.03028200,0
1506795768,22588763,3658.05,0.01772803,1
1506795724,22588737,3664.10,0.01177862,0
1506795699,22588726,3663.80,1.00000000,0
1506795641,22588703,3664.10,0.07525000,0
1506795629,22588700,3656.00,0.27279550,0
1506795624,22588698,3656.00,0.02730858,0
1506795584,22588690,3656.00,0.01040130,0
1506795578,22588689,3653.00,0.00218779,1
1506795445,22588633,3656.00,0.00272702,0
1506795398,22588629,3655.10,0.04000000,1
1506795395,22588628,3664.10,0.02569484,0
1506795376,22588626,3655.10,0.00139824,1
1506795376,22588625,3664.09,0.00000176,1
1506795375,22588623,3664.09,0.23293915,1
1506795374,22588622,3664.09,0.03496912,0
1506795373,22588620,3664.10,0.16100516,0
1506795364,22588617,3663.90,0.01680159,0
1506795364,22588616,3663.90,0.01000000,0
1506795344,22588610,3664.00,0.01019913,0
1506795344,22588609,3663.99,0.01290900,0
1506795323,22588599,3664.00,0.00326436,0
1506795323,22588597,3663.99,0.01518564,0
1506795306,22588587,3664.00,0.05264408,0
1506795304,22588582,3664.00,0.35081949,0
1506795250,22588493,3656.09,0.02302365,0
1506795246,22588488,3656.09,0.01326165,0
1506795241,22588482,3664.10,0.14327119,0
1506795240,22588481,3664.01,0.02265281,0
1506795240,22588480,3662.29,0.29253536,0
1506795238,22588478,3662.27,0.54974141,0
1506795212,22588456,3655.07,0.55020510,0
1506795201,22588434,3662.29,0.01264950,0
1506795201,22588432,3662.28,0.01400221,0
1506795191,22588417,3662.29,0.02332657,0
1506795185,22588406,3662.29,0.00895052,0
1506795184,22588403,3662.29,0.02252261,0
1506795182,22588400,3662.29,0.05163195,0
1506795182,22588399,3662.29,0.58838349,0
1506795181,22588398,3660.63,0.02267369,0
1506795181,22588397,3660.00,0.03028226,0
1506795181,22588396,3660.00,0.32574516,0
1506795181,22588395,3659.99,0.03291540,0
1506795165,22588370,3660.00,0.47425484,0
1506795165,22588369,3659.99,0.02574516,0
1506795162,22588365,3659.47,0.00717233,1
1506795160,22588363,3659.16,0.01932467,0
1506795130,22588322,3653.07,0.03447786,1
1506795116,22588307,3659.20,0.22321851,0
1506795116,22588306,3659.18,0.17925275,0
1506795116,22588305,3655.00,0.40000000,0
1506795116,22588304,3653.64,0.05073325,0
1506795116,22588303,3653.06,0.03864935,0
1506795116,22588302,3653.03,0.10814614,0
1506795071,22588286,3653.22,0.02681337,0
1506795038,22588279,3645.61,0.17838000,1
1506795033,22588275,3645.56,0.10080076,1
1506795024,22588270,3653.64,0.05308900,0
1506795020,22588268,3653.64,0.02071500,0
1506795020,22588267,3653.64,0.03111008,0
1506795018,22588264,3654.45,0.20579309,1
1506795018,22588262,3653.87,0.27107158,0
1506795016,22588261,3653.64,0.02338533,0
1506795015,22588260,3653.64,0.05391337,0
1506794944,22588235,3642.57,0.03196322,1
1506794905,22588208,3652.93,0.02679281,0
1506794903,22588207,3652.93,0.00921033,0
1506794891,22588202,3652.94,0.01706954,1
1506794891,22588201,3652.94,0.87657941,1
1506794890,22588200,3652.94,0.10000000,0
1506794772,22588165,3637.23,0.00219553,1
1506794744,22588161,3653.82,0.00766304,0
1506794743,22588160,3640.00,0.00142316,0
1506794712,22588154,3653.04,0.02711286,0
1506794709,22588153,3640.13,0.00659300,0
1506794691,22588134,3653.40,2.96760763,0
1506794691,22588133,3653.40,2.31390000,0
1506794691,22588131,3647.70,0.01040000,0
1506794690,22588129,3647.67,0.02234030,1
1506794689,22588128,3647.67,0.14727824,0
1506794674,22588120,3647.67,0.00790916,0
1506794657,22588116,3647.67,0.06772500,0
1506794567,22588071,3649.90,0.02634419,0
1506794565,22588070,3640.03,0.22000000,1
1506794534,22588067,3640.11,0.44091243,0
1506794533,22588066,3641.19,0.11000000,1
1506794533,22588065,3642.37,0.09952677,1
1506794531,22588064,3645.00,0.09883330,1
1506794488,22588050,3645.00,0.00171500,1
1506794444,22588041,3645.00,0.00151378,1
1506794425,22588034,3652.70,1.21224676,0
1506794425,22588033,3652.00,0.12712627,0
1506794418,22588025,3652.00,0.07287373,0
1506794415,22588021,3636.32,0.02000000,0
1506794410,22588017,3636.27,0.00151240,1
1506794404,22588012,3651.99,0.09952677,0
1506794362,22588005,3652.20,0.23833409,0
1506794362,22588004,3650.00,0.05000000,0
1506794354,22588002,3652.49,0.06001042,0
1506794352,22588001,3650.00,0.15521429,0
1506794322,22587995,3650.00,0.25030000,0
1506794304,22587993,3650.00,0.26401102,0
1506794279,22587991,3650.00,0.02704343,0
1506794260,22587990,3652.00,0.03363260,0
1506794153,22587945,3635.73,0.00140000,1
1506794150,22587944,3648.40,1.62000000,0
1506794119,22587939,3648.50,0.06900000,0
1506794119,22587938,3640.00,0.03100000,0
1506794066,22587917,3649.30,0.25915496,0
1506794064,22587916,3632.62,0.43000000,1
1506794052,22587915,3649.30,0.01755066,0
1506794003,22587907,3649.59,0.03956416,0
1506793988,22587906,3649.50,0.02587775,0
1506793987,22587905,3649.50,0.01765705,0
1506793966,22587904,3635.11,0.00219884,1
1506793924,22587892,3649.60,1.53870760,1
1506793924,22587891,3649.00,0.50000000,0
1506793923,22587890,3648.78,0.09000000,0
1506793923,22587889,3648.69,1.12500000,0
1506793922,22587888,3645.00,0.10895158,0
1506793864,22587850,3645.00,0.00203171,0
1506793863,22587849,3644.99,0.01078046,0
1506793831,22587839,3639.20,0.01861218,0
1506793823,22587838,3639.20,0.01939819,0
1506793722,22587828,3638.11,0.00465901,0
1506793715,22587827,3638.11,0.02741808,0
1506793709,22587823,3638.11,0.11563388,0
1506793709,22587822,3635.00,0.00310359,0
1506793641,22587800,3635.00,0.26839529,0
1506793626,22587799,3635.00,0.01545649,0
1506793624,22587797,3635.00,0.02690764,0
1506793622,22587795,3635.00,1.00048952,0
1506793615,22587794,3635.00,0.02982277,0
1506793587,22587788,3637.90,0.01401907,0
1506793581,22587784,3637.90,0.01283251,0
1506793577,22587782,3638.00,0.65585085,0
1506793577,22587781,3637.87,0.34693806,0
1506793515,22587768,3639.17,0.10000000,0
1506793487,22587762,3639.20,0.01863622,0
1506793485,22587760,3639.17,0.11650102,0
1506793483,22587759,3631.26,0.06800000,1
1506793466,22587757,3639.17,0.01401968,0
1506793462,22587753,3639.20,0.05280537,0
1506793434,22587739,3631.84,0.00140000,1
1506793420,22587736,3639.00,0.00257788,1
1506793419,22587735,3639.00,0.00672212,1
1506793407,22587721,3639.00,0.01070000,1
1506793365,22587701,3644.57,0.02800204,0
1506793343,22587684,3644.77,0.11098329,0
1506793305,22587676,3644.77,0.00795180,0
1506793262,22587654,3644.94,0.00820850,0
1506793156,22587580,3643.00,2.31860000,1
1506793156,22587579,3643.00,0.07255096,1
1506793156,22587578,3643.00,0.50000000,1
1506793155,22587577,3644.00,0.49780688,1
1506793155,22587576,3645.00,0.50000000,1
1506793155,22587575,3645.20,3.91000000,1
1506793154,22587573,3645.20,0.09000000,1
1506793152,22587572,3646.00,0.50000000,1
1506793144,22587565,3649.66,0.01800590,0
1506793123,22587561,3649.67,0.02050048,0
1506793057,22587550,3652.77,0.16386468,0
1506793030,22587544,3644.00,0.00219312,1
1506792946,22587536,3642.11,0.00400000,1
1506792924,22587530,3650.47,0.04146000,0
1506792851,22587509,3654.48,0.01458319,1
1506792851,22587507,3652.57,0.04002552,1
1506792849,22587502,3652.57,0.02730953,0
1506792826,22587471,3642.00,0.02392906,1
1506792825,22587470,3642.00,0.00151300,1
1506792792,22587460,3652.89,0.03525439,0
1506792783,22587459,3652.93,0.02512230,0
1506792771,22587455,3641.00,0.00141214,1
1506792764,22587453,3652.86,0.01283075,0
1506792744,22587441,3652.90,0.02576328,0
1506792736,22587432,3652.90,0.18726221,0
1506792735,22587431,3652.67,0.02500000,0
1506792723,22587424,3652.67,0.02512409,0
1506792717,22587416,3641.00,0.05456560,1
1506792717,22587415,3641.03,0.94543440,1
1506792715,22587413,3652.80,0.09324353,0
1506792713,22587411,3650.00,0.18000000,0
1506792710,22587410,3641.00,0.00147130,1
1506792685,22587400,3652.80,0.02376967,0
1506792685,22587399,3650.00,0.00170000,0
1506792621,22587390,3640.90,0.00140000,1
1506792612,22587388,3640.61,0.00632749,0
1506792610,22587387,3645.00,0.02113851,1
1506792565,22587377,3650.05,1.00000000,1
1506792525,22587367,3654.20,0.00768491,0
1506792524,22587365,3654.20,0.00799428,0
1506792511,22587334,3653.39,0.40000000,1
1506792499,22587331,3654.39,0.02256271,0
1506792486,22587328,3654.39,0.10286258,1
1506792484,22587326,3651.66,0.02271535,0
1506792468,22587321,3651.00,0.81020074,1
1506792445,22587316,3650.98,0.00999915,0
1506792445,22587315,3650.92,1.17980011,0
1506792423,22587307,3645.00,0.00150000,0
1506792420,22587292,3650.92,0.08019989,0
1506792420,22587291,3650.05,0.02267421,0
1506792420,22587290,3650.04,0.45161590,0
1506792404,22587239,3650.04,0.10025000,0
1506792382,22587207,3648.00,2.00000000,1
1506792377,22587202,3645.32,1.00000000,0
1506792376,22587201,3645.00,0.00140000,1
1506792362,22587187,3645.00,0.11000000,1
1506792362,22587186,3645.00,0.40000000,0
1506792361,22587185,3644.78,1.00000000,0
1506792361,22587184,3644.43,0.20000000,0
1506792361,22587183,3643.69,1.72411000,0
1506792361,22587182,3641.80,0.81000000,0
1506792361,22587181,3641.00,0.20000000,0
1506792355,22587180,3635.54,0.00140000,1
1506792213,22587090,3640.90,0.05410291,1
1506792211,22587089,3630.34,0.00220163,0
1506792204,22587086,3640.89,0.02274696,0
1506792194,22587084,3631.18,0.49875336,1
1506792163,22587081,3631.81,0.07601310,1
1506792125,22587075,3641.00,0.00765033,0
1506792067,22587048,3641.70,0.07556335,0
1506792067,22587047,3641.58,0.02800000,0
1506792067,22587046,3640.22,0.03972997,0
1506792044,22587030,3640.22,0.01547748,0
1506792014,22587024,3641.60,0.05522954,0
1506792013,22587023,3641.60,0.01068889,0
1506792012,22587022,3640.22,0.01000000,0
1506792011,22587021,3640.00,0.01380158,0
1506791968,22587018,3631.10,0.03000000,1
1506791964,22587015,3631.00,0.01349206,1
1506791964,22587014,3635.00,0.03838314,1
1506791959,22587013,3640.00,0.02128296,0
1506791920,22587006,3640.00,0.08229670,0
1506791912,22586993,3640.00,0.03511745,1
1506791909,22586991,3640.19,0.01483068,0
1506791909,22586990,3640.19,0.02373495,0
1506791894,22586979,3640.10,0.19975755,0
1506791894,22586978,3640.00,0.00004595,0
1506791894,22586976,3640.00,0.08233009,0
1506791885,22586967,3640.19,0.16948354,0
1506791885,22586963,3640.16,0.20000000,0
1506791885,22586962,3640.00,0.08241470,0
1506791843,22586940,3640.46,0.00894504,0
1506791843,22586939,3640.30,0.01163148,0
1506791842,22586938,3640.00,0.03120424,0
1506791833,22586933,3640.30,0.19629205,0
1506791831,22586931,3640.00,0.03266948,0
1506791822,22586928,3635.00,0.01437343,1
1506791761,22586897,3640.00,0.00885301,0
1506791761,22586896,3639.99,0.01002886,0
1506791745,22586887,3640.00,0.02250000,1
1506791664,22586873,3643.29,0.04152921,0
1506791664,22586872,3640.89,0.01172757,0
1506791653,22586869,3640.89,0.00833016,0
1506791579,22586838,3635.00,0.03511417,1
1506791568,22586828,3635.00,0.01212926,1
1506791568,22586827,3635.00,0.02250000,1
1506791568,22586826,3637.00,0.00047941,1
1506791547,22586820,3641.58,0.00410810,0
1506791524,22586816,3641.71,0.03338919,0
1506791485,22586793,3642.90,0.02586173,0
1506791434,22586768,3640.10,0.00981278,1
1506791434,22586766,3640.11,0.02572999,1
1506791434,22586765,3643.69,0.00000248,1
1506791413,22586758,3643.69,0.02573216,1
1506791384,22586748,3643.80,0.08865894,0
1506791384,22586747,3641.63,0.13190561,0
1506791384,22586746,3641.62,0.32889414,0
1506791384,22586745,3640.00,0.21136032,0
1506791383,22586744,3639.99,0.04422355,0
1506791365,22586739,3639.99,0.02298682,0
1506791343,22586731,3637.00,0.00732317,1
1506791304,22586716,3639.99,0.02299098,0
1506791286,22586711,3639.99,0.02521161,0
1506791267,22586702,3639.99,0.05145493,0
1506791263,22586700,3637.00,0.00219742,1
1506791247,22586699,3639.20,0.62986232,0
1506791245,22586698,3639.34,0.56660613,0
1506791124,22586645,3630.00,0.08657632,1
1506791124,22586644,3635.00,0.10000000,1
1506791123,22586643,3636.37,0.02609745,1
1506791123,22586642,3636.37,0.00732623,1
1506791084,22586631,3640.89,0.05242912,0
1506791046,22586624,3642.21,0.03881076,0
1506791045,22586622,3641.58,0.06299978,0
1506791039,22586620,3636.37,0.00300000,1
1506790987,22586607,3643.00,0.01368927,0
1506790964,22586596,3642.97,0.12971635,0
1506790948,22586583,3642.53,0.01000000,0
1506790911,22586569,3643.00,0.02900000,0
1506790908,22586568,3643.00,0.00903925,0
1506790890,22586560,3644.30,0.06842741,1
1506790861,22586557,3643.82,0.00371000,1
1506790844,22586551,3644.75,0.04890000,1
1506790843,22586550,3617.37,0.02818447,1
1506790843,22586548,3620.00,0.10000000,1
1506790843,22586547,3620.17,0.25000000,1
1506790843,22586546,3620.22,0.40000000,1
1506790842,22586545,3621.13,2.17830244,1
1506790842,22586544,3623.62,1.01715000,1
1506790842,22586543,3623.65,0.05000000,1
1506790842,22586542,3627.30,0.00228500,1
1506790842,22586541,3630.00,0.10000000,1
1506790842,22586540,3630.00,0.02800000,1
1506790842,22586539,3630.00,0.80000000,1
1506790841,22586538,3630.01,0.02267421,1
1506790841,22586537,3630.11,0.26000000,1
1506790841,22586536,3630.85,0.01081091,1
1506790841,22586535,3632.00,0.02185136,1
1506790841,22586534,3638.00,0.15596756,1
1506790841,22586533,3638.00,1.99503848,1
1506790841,22586532,3638.10,2.31740000,1
1506790841,22586531,3638.14,0.01494132,1
1506790840,22586530,3638.14,0.24717025,1
1506790796,22586488,3640.00,0.06751858,0
1506790796,22586487,3638.99,0.16361593,0
1506790794,22586483,3638.99,0.01569941,0
1506790793,22586481,3638.99,0.04002800,0
1506790792,22586473,3638.99,0.00997458,0
1506790792,22586471,3638.99,0.06626626,0
1506790792,22586468,3638.00,0.15622213,0
1506790791,22586464,3637.95,0.01033770,0
1506790791,22586455,3637.95,0.02966230,0
1506790780,22586429,3637.87,0.00794971,1
1506790771,22586426,3637.60,0.13710413,0
1506790756,22586423,3632.00,0.04191408,1
1506790750,22586420,3637.97,0.02800000,0
1506790733,22586416,3637.77,0.01885527,0
1506790706,22586413,3637.87,0.02247990,0
1506790691,22586412,3632.00,0.05264433,1
1506790656,22586394,3638.27,0.06164267,1
1506790655,22586393,3638.30,0.01914522,0
1506790655,22586392,3635.00,0.04860733,0
1506790654,22586391,3635.00,0.10777862,0
1506790628,22586385,3635.00,0.02800000,0
1506790604,22586368,3634.99,0.06398568,0
1506790584,22586353,3634.97,0.01510269,0
1506790579,22586352,3632.00,0.08359023,0
1506790576,22586350,3630.10,1.11459420,1
1506790543,22586348,3632.00,0.02655212,0
1506790502,22586344,3632.00,0.87632547,0
1506790502,22586343,3631.99,0.15000000,0
1506790466,22586323,3632.00,0.00368000,1
1506790465,22586322,3632.00,0.00985218,1
1506790456,22586315,3641.88,0.09754776,1
1506790455,22586313,3642.13,0.01385800,0
1506790455,22586311,3641.88,0.17317833,0
1506790443,22586297,3641.99,0.28310000,0
1506790440,22586290,3642.13,0.02765964,0
1506790435,22586252,3632.00,0.00220044,1
1506790406,22586235,3632.00,0.01594738,1
1506790384,22586233,3644.08,0.00783244,0
1506790382,22586230,3644.10,0.02703377,0
1506790362,22586228,3644.86,0.00547346,1
1506790324,22586213,3642.27,0.64294432,0
1506790315,22586209,3630.20,0.00368000,1
1506790305,22586208,3630.10,2.20379662,1
1506790286,22586195,3630.11,0.12281300,1
1506790277,22586191,3630.11,0.00603000,1
1506790271,22586189,3630.11,0.00441000,0
1506790269,22586187,3630.10,0.57824737,1
1506790268,22586184,3630.13,0.11165814,1
1506790266,22586182,3646.64,0.03004354,0
1506790263,22586177,3630.11,0.01322000,1
1506790256,22586172,3646.99,0.05504249,0
1506790244,22586162,3647.37,0.01604237,0
1506790242,22586155,3647.44,0.00439760,1
1506790213,22586131,3640.73,0.02267369,0
1506790204,22586130,3627.00,0.01789348,0
1506790200,22586120,3627.08,0.03394020,0
1506790194,22586114,3615.30,0.00559000,1
1506790188,22586112,3615.30,0.00019717,0
1506790187,22586110,3615.30,0.00708283,0
1506790184,22586109,3625.00,0.01789348,0
1506790184,22586108,3615.00,0.00800032,0
1506790183,22586107,3615.21,0.24807618,1
1506790183,22586106,3615.30,3.67380000,1
1506790178,22586098,3624.99,0.07985776,0
1506790178,22586097,3624.99,0.09901361,0
1506790175,22586095,3624.88,0.03323190,0
1506790166,22586088,3625.00,0.03359340,0
1506790166,22586087,3625.00,0.03653010,0
1506790164,22586086,3621.79,0.22176000,1
1506790163,22586084,3631.39,0.24738647,0
1506790163,22586083,3630.00,0.03096599,0
1506790163,22586082,3630.00,0.07403401,0
1506790157,22586074,3631.37,0.23142664,0
1506790155,22586073,3615.21,0.11205201,0
1506790155,22586072,3615.21,0.02581956,0
1506790155,22586071,3621.76,0.28213016,0
1506790154,22586070,3621.76,0.06302628,0
1506790153,22586069,3621.76,0.33897199,1
1506790153,22586068,3631.60,0.07971098,0
1506790145,22586055,3619.01,0.33897828,1
1506790143,22586050,3623.80,0.03602172,1
1506790143,22586049,3623.80,0.10000000,1
1506790142,22586048,3621.12,0.16397204,0
1506790141,22586043,3614.84,0.19787998,1
1506790141,22586039,3615.00,0.07927862,1
1506790141,22586038,3615.00,0.02072138,1
1506790140,22586037,3615.00,0.45154334,0
1506790140,22586036,3615.01,0.06000000,1
1506790140,22586034,3617.45,0.52900000,1
1506790140,22586033,3617.45,0.02653528,0
1506790139,22586030,3619.00,0.20000000,1
1506790139,22586028,3619.00,0.02000000,1
1506790139,22586024,3621.11,0.31000000,1
1506790138,22586022,3621.11,2.23220000,0
1506790138,22586021,3621.11,0.09000000,0
1506790137,22586019,3623.80,0.02284140,0
1506790134,22586015,3623.42,0.92465783,0
1506790133,22586013,3625.00,0.10000000,1
1506790133,22586012,3625.00,1.00000000,1
1506790133,22586011,3625.00,0.20000000,1
1506790133,22586009,3629.00,0.20000000,1
1506790132,22586007,3629.15,0.05262682,1
1506790132,22586005,3632.01,0.02271535,0
1506790130,22586004,3629.16,0.00150000,1
1506790129,22586002,3629.16,0.09893576,1
1506790129,22586001,3631.44,0.16454065,1
1506790129,22586000,3632.00,0.20000000,1
1506790129,22585998,3632.00,0.21592359,1
1506790127,22585989,3634.27,0.02045731,0
1506790126,22585985,3634.27,0.00220208,1
1506790126,22585984,3635.00,0.10000000,1
1506790126,22585981,3635.00,0.13904728,1
1506790126,22585978,3636.36,0.00220209,1
1506790126,22585976,3638.46,0.00220210,1
1506790122,22585963,3640.56,0.00220211,1
1506790118,22585951,3642.66,0.00220212,1
1506790117,22585949,3642.70,0.02265281,1
1506790117,22585947,3642.90,0.35173806,1
1506790117,22585945,3644.75,0.00219213,1
1506790116,22585943,3645.00,0.10000000,1
1506790115,22585941,3645.00,0.06254980,1
1506790114,22585938,3645.00,0.18508380,1
1506790106,22585890,3645.00,0.15076168,1
1506790105,22585889,3645.01,0.02261432,1
1506790104,22585879,3645.00,0.05102400,1
1506790104,22585878,3645.00,0.42749500,1
1506790092,22585827,3653.90,0.12873373,0
1506790089,22585823,3654.00,0.06454090,0
1506790087,22585817,3654.08,0.02554886,0
1506790085,22585812,3645.11,0.02856391,1
1506790071,22585784,3645.00,1.12308572,1
1506790071,22585783,3645.00,0.10590335,1
1506790047,22585761,3645.00,0.04833213,1
1506790042,22585756,3645.00,0.34576452,1
1506790041,22585755,3646.85,0.00219214,1
1506790041,22585754,3647.03,0.02262590,1
1506790041,22585753,3648.95,0.00219215,1
1506790041,22585752,3650.00,0.04610136,1
1506790036,22585745,3650.00,0.00376043,1
1506790035,22585744,3650.00,0.84703697,1
1506790035,22585743,3650.00,0.04582839,1
1506789984,22585692,3663.80,0.01540316,0
1506789964,22585681,3664.80,0.01635000,0
1506789952,22585677,3652.10,0.00250000,1
1506789951,22585676,3652.13,0.00250000,1
1506789943,22585669,3665.47,0.02562931,0
1506789907,22585653,3657.67,0.26586423,0
1506789879,22585641,3650.10,0.86615975,1
1506789879,22585640,3650.13,0.13384025,1
1506789871,22585639,3654.90,0.48615765,0
1506789871,22585638,3654.35,0.01384235,0
1506789862,22585635,3650.00,0.64225082,1
1506789862,22585634,3650.01,0.05000000,1
1506789862,22585633,3654.35,0.01000037,1
1506789839,22585625,3650.00,9.06488382,1
1506789839,22585624,3650.00,0.00546740,1
1506789838,22585623,3650.00,0.09448300,1
1506789838,22585622,3653.68,0.02258474,1
1506789838,22585621,3654.34,0.02258067,1
1506789836,22585620,3654.35,0.01000037,1
1506789835,22585619,3655.00,0.08650607,0
1506789835,22585618,3654.99,0.05000000,0
1506789827,22585615,3655.00,0.53205584,0
1506789825,22585614,3654.97,0.07586792,0
1506789812,22585610,3655.00,0.04532882,1
1506789798,22585605,3655.55,0.69270194,1
1506789798,22585604,3655.70,2.30660000,1
1506789785,22585599,3655.55,0.01170000,1
1506789776,22585587,3655.55,0.35000000,1
1506789775,22585586,3655.55,1.00000000,1
1506789759,22585554,3655.55,1.94534026,1
1506789757,22585552,3659.00,0.05465974,1
1506789743,22585509,3666.90,0.00762605,0
1506789694,22585500,3659.51,0.94202767,0
1506789694,22585499,3659.51,0.00485698,1
1506789694,22585498,3659.52,0.05311535,1
1506789672,22585490,3668.90,0.05241646,0
1506789671,22585489,3668.89,0.05236894,0
1506789670,22585488,3659.51,0.01768936,1
1506789669,22585487,3659.51,0.51610004,0
1506789669,22585486,3659.51,0.02562931,0
1506789667,22585485,3668.89,0.00761754,0
1506789666,22585484,3668.90,0.03220337,0
1506789665,22585483,3665.00,0.04488308,0
1506789664,22585482,3659.92,0.02812633,1
1506789629,22585467,3659.54,0.33967149,0
1506789627,22585465,3661.66,0.00177359,1
1506789595,22585455,3661.90,0.00218257,1
1506789552,22585426,3668.90,0.03761861,0
1506789523,22585406,3668.90,0.13593993,0
1506789521,22585405,3668.90,0.06697966,0
1506789502,22585397,3661.66,0.02076191,1
1506789498,22585396,3669.00,0.10100000,1
1506789498,22585395,3669.00,0.00543910,1
1506789497,22585394,3669.00,2.09262470,1
1506789497,22585393,3673.00,0.01359593,0
1506789496,22585392,3673.00,0.08147291,0
1506789476,22585388,3672.99,0.12284229,0
1506789474,22585386,3669.00,1.30546826,1
1506789462,22585385,3672.99,0.02715771,0
1506789412,22585373,3669.00,0.02023200,1
1506789350,22585368,3673.00,1.55254390,1
1506789344,22585367,3673.13,0.06524873,0
1506789343,22585366,3673.00,0.86571884,1
1506789336,22585363,3673.13,0.07911236,0
1506789317,22585359,3673.00,0.05671869,1
1506789313,22585343,3673.13,0.02694862,0
1506789300,22585336,3673.00,1.56340000,1
1506789277,22585330,3673.00,0.03500000,0
1506789253,22585325,3673.00,0.26690729,0
1506789241,22585321,3673.00,0.02563985,0
1506789190,22585294,3669.00,0.84168988,1
1506789190,22585289,3669.00,14.69797848,1
1506789189,22585288,3669.01,0.80202152,1
1506789127,22585274,3669.22,0.20538970,1
1506789086,22585259,3670.00,0.02511372,0
1506789085,22585258,3670.00,0.02800000,0
1506789074,22585252,3670.00,0.02225000,0
1506789070,22585250,3670.00,1.00000000,1
1506789070,22585249,3670.00,0.27743734,1
1506789011,22585167,3670.00,0.02544340,1
1506789011,22585165,3670.00,0.00000500,0
1506788960,22585150,3670.00,0.01534500,0
1506788951,22585143,3670.00,0.26701188,0
1506788933,22585133,3669.00,0.03457560,1
1506788932,22585132,3669.00,0.09702160,1
1506788926,22585131,3670.00,0.02564402,0
1506788924,22585130,3670.00,0.02675000,0
1506788912,22585127,3669.00,0.00023214,1
1506788911,22585126,3669.01,0.15000000,1
1506788891,22585121,3670.00,0.01659400,0
1506788885,22585114,3670.00,0.01284500,0
1506788864,22585106,3670.00,0.01865000,0
1506788855,22585093,3671.00,0.07431434,1
1506788855,22585092,3671.40,1.00000000,1
1506788823,22585085,3671.37,0.01320071,0
1506788821,22585083,3671.40,0.10477481,0
1506788816,22585079,3671.00,0.07568566,1
1506788807,22585074,3671.52,0.00291792,0
1506788804,22585067,3671.27,0.02664697,0
1506788770,22585051,3670.90,0.24945374,1
1506788766,22585037,3671.49,0.12497650,1
1506788748,22585025,3670.90,0.85426548,1
1506788741,22585022,3670.90,0.13645813,1
1506788722,22585018,3671.52,0.02565732,0
1506788703,22585002,3671.52,0.06243061,1
1506788701,22584998,3674.80,0.01457440,0
1506788700,22584997,3670.90,0.05982265,1
1506788700,22584996,3672.74,0.00543360,1
1506788700,22584995,3672.74,0.02360742,1
1506788697,22584994,3674.74,0.02442894,0
1506788673,22584986,3674.80,0.02246527,0
1506788666,22584984,3674.80,0.00339646,0
1506788666,22584983,3672.97,0.02259754,0
1506788648,22584980,3672.74,0.00217603,1
1506788641,22584976,3672.74,0.02366844,1
1506788635,22584972,3672.74,0.02794917,1
1506788635,22584971,3672.74,0.02259894,0
1506788628,22584969,3670.00,0.16300000,1
1506788628,22584968,3671.00,0.00571788,1
1506788624,22584963,3670.90,0.34746642,0
1506788600,22584953,3670.90,0.01661722,0
1506788599,22584948,3670.90,0.15000000,0
1506788590,22584940,3670.90,0.00250000,0
1506788580,22584936,3670.00,0.01200000,1
1506788569,22584931,3670.90,0.13203900,0
1506788555,22584921,3669.00,0.02606957,1
1506788554,22584920,3669.00,0.00800000,1
1506788554,22584919,3669.00,0.01685562,1
1506788554,22584915,3669.00,0.01701539,1
1506788548,22584907,3669.03,0.03806029,1
1506788548,22584905,3670.89,0.04896270,1
1506788541,22584894,3670.90,0.07500000,0
1506788523,22584878,3670.90,0.12499659,0
1506788522,22584876,3670.89,0.01903730,0
1506788500,22584862,3669.00,0.02006267,1
1506788496,22584861,3670.90,0.12565340,0
1506788496,22584860,3670.89,0.00657460,0
1506788496,22584859,3670.89,0.00250000,0
1506788494,22584857,3669.03,0.06966898,1
1506788494,22584855,3670.89,0.02900000,0
1506788484,22584844,3670.90,0.02572737,0
1506788478,22584834,3669.00,0.09940000,1
1506788475,22584830,3671.32,0.01305753,0
1506788472,22584828,3671.32,0.05759489,0
1506788472,22584827,3671.31,0.07614921,0
1506788472,22584826,3669.00,0.19880000,1
1506788470,22584825,3669.03,0.06628963,1
1506788467,22584820,3671.32,0.01571914,0
1506788467,22584819,3670.00,0.01253086,0
1506788465,22584811,3670.00,0.05092861,0
1506788464,22584807,3670.00,0.01152053,0
1506788463,22584806,3669.00,0.00255162,1
1506788461,22584795,3669.00,0.00510324,1
1506788460,22584793,3669.00,0.09940000,1
1506788460,22584791,3669.00,2.48136691,0
1506788460,22584790,3668.99,0.15229842,0
1506788431,22584723,3667.78,0.00250000,0
1506788417,22584718,3669.00,0.02249268,0
1506788406,22584715,3669.00,0.01699898,0
1506788406,22584714,3668.50,0.00347129,0
1506788406,22584713,3668.50,0.01915380,0
1506788406,22584712,3668.42,0.02262554,0
1506788406,22584711,3668.00,0.06000000,0
1506788406,22584710,3667.78,0.02262945,0
1506788406,22584709,3667.11,0.00708655,0
1506788404,22584704,3666.13,0.39964624,1
1506788390,22584682,3666.00,0.16340666,1
1506788390,22584680,3666.05,0.01551334,1
1506788389,22584679,3666.05,0.00700600,0
1506788388,22584677,3666.00,1.00000000,1
1506788382,22584667,3666.00,0.27832000,1
1506788377,22584662,3666.00,0.10000000,0
1506788377,22584661,3665.78,0.01000000,0
1506788377,22584660,3665.07,0.02264622,0
1506788377,22584659,3665.00,0.04500000,0
1506788377,22584658,3665.00,1.00000000,0
1506788376,22584657,3664.80,2.30950000,0
1506788376,22584656,3664.60,2.00000000,0
1506788376,22584655,3663.00,0.01526561,0
1506788367,22584650,3663.00,0.02250291,0
1506788366,22584649,3663.00,0.03225203,0
1506788364,22584648,3663.00,0.01533469,0
1506788361,22584647,3663.00,0.01520023,0
1506788361,22584646,3662.60,0.01368427,0
1506788361,22584645,3661.01,0.02267125,0
1506788357,22584643,3661.00,0.02764337,0
1506788356,22584642,3660.40,0.05000000,0
1506788356,22584641,3660.23,0.00250000,0
1506788356,22584640,3660.00,0.85655000,0
1506788356,22584639,3660.00,0.30000000,0
1506788356,22584638,3660.00,0.05000000,0
1506788356,22584637,3660.00,0.05000000,0
1506788355,22584636,3660.00,0.00552000,0
1506788355,22584635,3659.99,0.05000000,0
1506788355,22584634,3659.80,2.30630000,0
1506788355,22584633,3659.80,0.20000000,0
1506788355,22584627,3659.58,0.00221201,0
1506788354,22584621,3659.00,0.03000000,0
1506788354,22584615,3659.00,0.04621124,0
1506788354,22584611,3659.00,0.00562000,0
1506788354,22584610,3659.00,1.72012059,0
1506788344,22584608,3655.08,0.11296758,1
1506788231,22584571,3659.00,0.06815250,0
1506788205,22584564,3659.00,0.02655550,0
1506788135,22584535,3655.08,0.05576075,1
1506788111,22584528,3655.03,0.02499526,1
1506788070,22584514,3658.99,0.00817712,0
1506788057,22584513,3655.00,0.04786047,0
1506787946,22584483,3650.00,0.00250000,1
1506787945,22584482,3650.00,0.00250000,1
1506787928,22584474,3655.00,0.25013953,0
1506787926,22584473,3650.40,0.02280200,0
1506787887,22584453,3655.00,0.38000000,1
1506787874,22584452,3659.00,0.01364773,0
1506787868,22584450,3650.00,0.00051700,1
1506787868,22584449,3650.00,0.01976416,1
1506787868,22584448,3650.00,0.06033390,1
1506787868,22584447,3652.00,0.04599295,1
1506787866,22584446,3653.34,0.00781204,1
1506787864,22584445,3659.00,0.00729116,0
1506787864,22584444,3658.87,0.01220869,0
1506787843,22584441,3659.00,0.08918584,0
1506787841,22584440,3658.87,0.01221416,0
1506787815,22584435,3653.34,0.00218796,1
1506787813,22584434,3658.87,0.13422728,0
1506787808,22584433,3652.00,0.01414215,1
1506787807,22584432,3652.00,0.04000000,1
1506787807,22584430,3652.71,0.01000000,1
1506787775,22584415,3658.87,0.01000000,0
1506787744,22584360,3658.77,0.05285036,0
1506787711,22584346,3658.80,0.10000000,0
1506787695,22584342,3652.00,0.07910430,1
1506787682,22584336,3652.00,0.10000000,1
1506787682,22584335,3658.76,0.01023205,0
1506787680,22584334,3652.00,0.10000000,1
1506787680,22584333,3652.00,0.10000000,1
1506787660,22584299,3652.00,0.02076060,1
1506787660,22584298,3652.68,0.01000000,1
1506787587,22584282,3659.00,0.11013857,0
1506787586,22584279,3652.10,0.02000000,1
1506787585,22584278,3659.00,0.11515691,0
1506787585,22584277,3652.03,0.14247325,1
1506787585,22584276,3652.70,0.01000000,1
1506787582,22584274,3659.00,0.05290785,0
1506787563,22584264,3652.33,0.03044577,1
1506787524,22584205,3658.57,0.03679113,0
1506787467,22584198,3650.43,0.04000000,1
1506787467,22584197,3652.42,0.01000000,1
1506787466,22584196,3658.80,0.10905215,0
1506787464,22584195,3658.80,0.10332273,0
1506787461,22584193,3658.80,0.07758741,0
1506787461,22584192,3658.40,0.02000000,0
1506787461,22584191,3658.00,0.17106099,0
1506787438,22584182,3658.00,0.00545550,0
1506787427,22584179,3658.00,0.01000000,0
1506787411,22584174,3658.00,0.01636139,0
1506787403,22584171,3658.00,0.01721975,0
1506787383,22584166,3658.00,0.12990237,0
1506787377,22584159,3655.00,0.35307308,0
1506787377,22584158,3655.00,0.77952062,0
1506787372,22584156,3650.00,0.04341008,1
1506787372,22584155,3650.00,0.03658992,1
1506787365,22584154,3650.00,0.02810000,1
1506787364,22584153,3655.00,0.00798541,0
1506787332,22584141,3655.00,0.00293814,0
1506787328,22584140,3655.00,0.16374829,0
1506787324,22584136,3655.00,0.01800477,0
1506787318,22584130,3655.00,0.08900000,0
1506787317,22584129,3650.00,0.04900000,1
1506787317,22584128,3650.00,0.04000000,1
1506787315,22584127,3650.50,0.01000000,1
1506787274,22584119,3655.00,0.02704399,0
1506787262,22584113,3655.00,0.20072777,0
1506787248,22584105,3655.00,0.27291382,0
1506787244,22584100,3655.00,0.00814630,0
1506787238,22584095,3655.00,0.30000000,0
1506787227,22584092,3655.00,0.12915748,0
1506787227,22584091,3653.99,0.02292441,0
1506787225,22584088,3653.99,0.26322528,0
1506787206,22584081,3653.99,0.26181312,0
1506787193,22584071,3653.99,0.01000000,0
1506787186,22584064,3653.99,0.02624887,0
1506787185,22584060,3653.99,0.01265939,0
1506787145,22584042,3653.89,0.23663073,1
1506787143,22584035,3653.89,0.01725759,0
1506787123,22584027,3653.80,0.02573581,0
1506787032,22583963,3655.00,0.00081341,1
1506787023,22583961,3658.30,0.12998526,0
1506786984,22583943,3655.00,0.00218659,1
1506786956,22583908,3657.49,0.20000000,0
1506786925,22583898,3658.00,0.02572814,0
1506786920,22583893,3658.10,0.00560896,0
1506786918,22583891,3658.10,0.02852000,0
1506786880,22583879,3658.38,0.23814648,1
1506786879,22583878,3658.38,0.03451519,0
1506786864,22583873,3658.29,0.01776341,0
1506786838,22583859,3658.40,0.00545490,1
1506786824,22583853,3658.40,0.06447915,0
1506786807,22583846,3658.00,0.00818072,1
1506786788,22583842,3658.89,0.02704472,0
1506786781,22583841,3650.00,1.23277672,1
1506786781,22583840,3650.00,0.02000000,1
1506786781,22583839,3650.04,0.00400000,1
1506786781,22583838,3651.38,0.02259894,1
1506786781,22583837,3651.90,0.27692434,1
1506786781,22583836,3652.00,2.30940000,1
1506786772,22583834,3653.99,0.04000000,1
1506786765,22583827,3658.90,0.85000000,0
1506786764,22583826,3658.90,0.07544059,0
1506786761,22583823,3658.50,0.21879634,0
1506786761,22583822,3658.49,0.06970924,0
1506786713,22583808,3658.50,0.02579056,0
1506786713,22583807,3655.43,0.00028020,0
1506786712,22583804,3655.43,1.32971980,1
1506786712,22583802,3655.79,0.01000000,1
1506786666,22583798,3658.99,0.02557897,0
1506786647,22583791,3658.90,0.10930582,0
1506786636,22583780,3658.89,0.08178688,0
1506786633,22583777,3658.90,2.00000000,1
1506786631,22583776,3659.00,0.01000000,0
1506786600,22583764,3655.43,0.04011020,1
1506786598,22583760,3655.43,0.08981450,1
1506786598,22583759,3655.78,0.01000000,1
1506786585,22583755,3659.00,0.02356201,0
1506786584,22583754,3658.90,0.00216536,0
1506786566,22583752,3658.90,0.02554899,0
1506786558,22583750,3655.43,0.45240050,0
1506786537,22583745,3655.43,0.10000000,0
1506786530,22583744,3653.68,0.00065202,0
1506786515,22583739,3651.90,0.99100000,1
1506786513,22583738,3652.24,0.01000000,1
1506786485,22583731,3653.68,0.01313607,0
1506786484,22583730,3653.68,0.01365000,0
1506786464,22583729,3655.43,0.03817273,0
1506786462,22583728,3655.43,0.00968822,0
1506786458,22583727,3652.23,0.00120137,1
1506786458,22583726,3653.00,0.18267796,1
1506786458,22583725,3655.00,0.14000000,1
1506786456,22583724,3655.15,0.01000000,1
1506786452,22583723,3655.43,0.00272486,0
1506786428,22583716,3658.90,0.02800000,0
1506786423,22583714,3658.90,0.15025000,0
1506786423,22583712,3658.90,0.00962815,0
1506786405,22583711,3655.06,0.04000000,0
1506786404,22583710,3655.43,0.01000000,1
1506786377,22583697,3658.90,0.05589120,0
1506786374,22583696,3658.90,0.00561901,0
1506786368,22583694,3658.90,0.02000000,0
1506786365,22583693,3658.90,0.02284672,0
1506786356,22583692,3658.90,0.01000000,0
1506786291,22583662,3658.90,0.27265025,0
1506786285,22583655,3658.90,0.10000000,0
1506786254,22583598,3658.90,0.35440979,0
1506786245,22583590,3658.90,0.08825000,0
1506786236,22583586,3658.90,0.00545410,0
1506786224,22583584,3658.90,0.20025000,0
1506786206,22583569,3658.90,0.04089207,0
1506786206,22583568,3658.90,0.00793606,0
1506786181,22583545,3653.00,0.00270000,1
1506786181,22583544,3653.59,0.01000000,1
1506786150,22583532,3653.00,0.00218779,1
1506786143,22583530,3658.90,0.01000000,0
1506786087,22583507,3658.90,0.08000000,1
1506786082,22583504,3658.90,1.22717757,0
1506786074,22583501,3658.90,0.02344000,0
1506786064,22583500,3658.90,0.05256858,0
1506786046,22583495,3659.00,0.00764696,0
1506786045,22583494,3658.90,0.37948452,0
1506786004,22583485,3658.90,0.01539901,0
1506785983,22583476,3658.90,0.14657137,0
1506785967,22583466,3653.00,0.01583786,1
1506785956,22583455,3653.00,0.02158739,1
1506785954,22583451,3653.00,0.02500900,1
1506785954,22583450,3658.10,0.01000000,1
1506785935,22583438,3659.00,0.95425526,0
1506785932,22583437,3653.53,0.04814500,1
1506785916,22583422,3659.00,1.24295943,0
1506785904,22583421,3659.00,0.18730566,0
1506785904,22583420,3658.11,0.33869782,0
1506785904,22583419,3658.11,0.11588118,0
1506785904,22583418,3658.10,0.01857259,0
1506785900,22583415,3653.30,0.25023153,1
1506785881,22583403,3658.10,0.01451299,0
1506785827,22583388,3658.11,0.54542100,0
1506785823,22583381,3659.00,0.00783041,0
1506785811,22583369,3651.77,0.03498030,1
1506785808,22583367,3658.80,1.94578719,0
1506785808,22583366,3658.60,2.30810000,0
1506785807,22583365,3658.57,0.74611281,0
1506785803,22583358,3658.80,0.02628112,0
1506785783,22583322,3658.77,0.12847620,0
1506785780,22583302,3651.30,0.07947469,1
1506785779,22583295,3651.16,0.13347656,0
1506785764,22583241,3650.81,0.72868448,1
1506785764,22583238,3651.00,0.05000000,1
1506785764,22583236,3651.23,0.62285552,1
1506785764,22583232,3658.77,0.12541099,0
1506785741,22583142,3650.73,0.37714448,1
1506785735,22583102,3650.30,0.11279926,0
1506785716,22583036,3650.30,0.05528392,1
1506785712,22583032,3658.90,0.05389763,0
1506785712,22583031,3658.90,0.00250000,0
1506785708,22583030,3658.90,0.00250000,0
1506785702,22583027,3658.90,0.02254557,0
1506785701,22583026,3658.90,0.12918291,0
1506785694,22583019,3659.00,0.36328362,0
1506785694,22583018,3658.99,0.04000000,0
1506785694,22583017,3658.90,0.02268441,0
1506785694,22583015,3658.85,0.02268476,0
1506785694,22583014,3657.98,0.00704556,0
1506785694,22583013,3657.48,0.00221200,0
1506785693,22583012,3656.85,0.01800452,0
1506785693,22583011,3656.00,0.00800000,0
1506785693,22583009,3654.00,0.01226351,0
1506785693,22583008,3655.70,0.30316577,1
1506785692,22583005,3655.38,0.00221199,0
1506785692,22583004,3655.00,0.95573462,0
1506785691,22583003,3654.80,2.30750000,0
1506785691,22583002,3654.79,0.07050039,0
1506785691,22583001,3654.79,0.01937881,0
1506785645,22582953,3654.80,0.00136259,0
1506785644,22582951,3647.30,0.10137682,1
1506785643,22582949,3654.89,0.02510883,0
1506785638,22582945,3654.50,0.00546070,1
1506785636,22582939,3654.90,0.02194040,0
1506785636,22582938,3654.89,0.04036890,0
1506785636,22582935,3654.55,0.03875762,0
1506785634,22582932,3654.50,0.10145440,0
1506785585,22582872,3650.85,0.01127567,0
1506785584,22582870,3648.94,0.03000000,0
1506785561,22582837,3654.77,0.01335969,0
1506785545,22582829,3645.53,0.10145440,1
1506785544,22582821,3654.81,0.01420029,0
1506785544,22582820,3653.58,0.01259587,0
1506785538,22582813,3655.00,0.04426538,0
1506785538,22582812,3654.90,1.00000000,0
1506785538,22582811,3654.90,0.00701118,0
1506785537,22582810,3654.81,0.00693795,0
1506785537,22582808,3654.73,0.04585400,0
1506785536,22582805,3654.45,0.01000000,0
1506785536,22582804,3654.45,0.10215061,1
1506785536,22582803,3654.00,0.02000000,0
1506785535,22582802,3653.58,0.53095044,1
1506785534,22582801,3653.58,0.41766449,1
1506785509,22582781,3649.53,0.05000000,1
1506785475,22582754,3648.91,0.07140000,1
1506785474,22582753,3650.00,0.02800000,1
1506785399,22582604,3654.06,0.10775297,0
1506785394,22582599,3654.08,0.02729825,1
1506785385,22582589,3654.26,0.00787813,0
1506785383,22582584,3645.20,0.01012830,1
1506785372,22582574,3654.35,0.00250000,0
1506785343,22582553,3644.30,0.02268781,1
1506785337,22582548,3652.77,0.00250000,0
1506785324,22582546,3652.97,0.02580587,0
1506785314,22582544,3643.13,0.00219375,1
1506785310,22582543,3643.20,0.02280262,1
1506785309,22582542,3643.23,0.09252046,1
1506785306,22582539,3653.29,0.02259754,0
1506785303,22582536,3654.45,0.00450626,1
1506785302,22582535,3653.96,0.02271510,0
1506785302,22582532,3653.29,0.00221198,0
1506785301,22582527,3653.20,0.01659154,0
1506785301,22582525,3652.44,0.20000000,0
1506785301,22582523,3651.56,0.02273000,0
1506785300,22582521,3651.19,0.00222197,0
1506785300,22582518,3651.11,0.00274437,0
1506785299,22582514,3650.00,0.04442500,0
1506785299,22582513,3650.00,0.02767300,0
1506785299,22582512,3650.00,0.01400174,0
1506785299,22582510,3650.00,0.00830000,0
1506785299,22582509,3650.00,0.05000000,0
1506785299,22582507,3650.00,0.09409900,0
1506785298,22582506,3650.00,0.01000000,0
1506785298,22582505,3650.00,0.01106666,0
1506785298,22582503,3650.00,0.09785594,0
1506785298,22582502,3650.00,0.02000000,0
1506785298,22582501,3650.00,1.15000000,0
1506785298,22582499,3650.00,0.01388363,0
1506785298,22582498,3650.00,0.02800000,0
1506785298,22582496,3650.00,0.10000000,0
1506785297,22582495,3650.00,0.05500000,0
1506785297,22582493,3650.00,0.15036475,0
1506785297,22582492,3650.00,0.00702253,0
1506785297,22582490,3650.00,0.68958490,0
1506785297,22582489,3649.90,1.00000000,0
1506785295,22582483,3647.87,1.53583880,0
1506785294,22582481,3647.81,0.03785614,0
1506785277,22582479,3647.87,0.04125650,0
1506785250,22582474,3647.87,0.08653476,0
1506785233,22582463,3647.87,0.02330401,0
1506785205,22582456,3647.87,0.00766749,0
1506785203,22582455,3647.87,0.02403422,0
1506785135,22582412,3647.84,0.10769612,1
1506785134,22582407,3647.87,0.15080609,0
1506785134,22582406,3647.71,0.09659786,1
1506785133,22582405,3647.70,0.01688793,0
1506785101,22582402,3647.67,0.05666696,0
1506785067,22582395,3647.10,0.47215847,0
1506785066,22582394,3647.16,0.07691063,0
1506785045,22582386,3647.40,0.06289960,0
1506785044,22582384,3647.87,0.04277356,0
1506785044,22582383,3647.47,0.03377585,0
1506785044,22582382,3647.47,0.01399327,0
1506785043,22582381,3642.90,0.09000000,1
1506785040,22582375,3647.47,0.01695422,0
1506785031,22582374,3646.96,0.04102595,0
1506785006,22582371,3642.90,0.47185748,1
1506784987,22582365,3642.93,0.01310000,1
1506784986,22582364,3649.80,0.04480245,0
1506784985,22582363,3649.80,0.06285823,1
1506784984,22582362,3649.79,0.01805557,0
1506784984,22582361,3649.79,0.09052209,0
1506784970,22582356,3647.87,0.01421926,0
1506784968,22582355,3642.90,0.01000000,1
1506784926,22582344,3648.90,0.10685636,0
1506784874,22582288,3649.40,0.67179379,0
1506784873,22582287,3649.57,0.10025000,0
1506784866,22582286,3649.69,0.02631374,0
1506784865,22582284,3642.90,0.04237663,1
1506784847,22582276,3648.97,0.10595372,0
1506784812,22582258,3642.00,0.10000000,1
1506784800,22582253,3642.01,0.01399092,1
1506784800,22582252,3642.01,0.65569949,1
1506784756,22582245,3649.90,0.05404381,0
1506784755,22582244,3649.90,0.13458710,0
1506784754,22582241,3649.37,0.01637045,0
1506784727,22582236,3649.50,0.03000000,0
1506784684,22582207,3649.30,0.02632340,0
1506784675,22582201,3642.23,0.50000000,1
1506784647,22582200,3650.00,0.02562053,0
1506784646,22582199,3650.00,0.00766764,0
1506784644,22582198,3642.18,0.01434490,1
1506784643,22582197,3650.00,0.18000000,0
1506784643,22582196,3649.97,0.02000000,0
1506784630,22582192,3649.94,0.00335348,0
1506784586,22582181,3650.00,0.01885000,0
1506784584,22582179,3649.97,0.01524597,0
1506784565,22582176,3649.97,0.03262634,0
1506784544,22582170,3641.35,0.26832460,1
1506784504,22582163,3650.00,0.07827693,0
1506784504,22582162,3650.00,0.41000000,0
1506784503,22582161,3650.00,0.01328363,0
1506784503,22582160,3650.00,0.18374216,0
1506784503,22582159,3650.00,0.21900000,0
1506784503,22582158,3649.98,0.01463777,0
1506784503,22582157,3649.09,0.00222196,0
1506784497,22582155,3642.23,0.09327607,1
1506784486,22582150,3643.00,0.17107549,1
1506784486,22582149,3645.00,0.04402105,1
1506784480,22582148,3645.00,0.00219019,1
1506784467,22582130,3649.00,0.03500952,1
1506784465,22582129,3649.00,0.00600000,1
1506784462,22582128,3649.00,0.05906305,1
1506784461,22582127,3649.00,0.07500000,1
1506784457,22582122,3649.00,0.12507537,1
1506784453,22582118,3649.00,0.26160000,0
1506784453,22582117,3649.00,0.03400522,0
1506784453,22582116,3649.00,0.00437218,0
1506784431,22582092,3647.00,0.05689054,1
1506784428,22582086,3649.00,0.02800000,0
1506784427,22582083,3649.00,0.01762782,0
1506784426,22582082,3649.00,0.08237218,0
1506784424,22582079,3649.00,0.05025000,0
1506784419,22582075,3647.00,0.05717568,1
1506784413,22582069,3649.00,0.36901678,0
1506784413,22582068,3648.55,0.03108322,0
1506784408,22582065,3648.55,0.02262554,0
1506784405,22582063,3648.55,0.00347129,1
1506784403,22582059,3649.00,0.10629649,0
1506784403,22582058,3649.00,0.00156934,0
1506784399,22582052,3648.55,0.00250000,0
1506784395,22582036,3648.55,0.00109500,0
1506784395,22582035,3647.62,0.00140500,0
1506784392,22582033,3646.15,0.01381921,0
1506784392,22582032,3646.05,0.02276439,0
1506784392,22582031,3646.00,0.64230000,0
1506784392,22582030,3645.21,0.00500000,0
1506784392,22582029,3645.00,0.50500000,0
1506784392,22582028,3645.00,0.64776939,0
1506784376,22582017,3645.00,0.02262945,0
1506784374,22582015,3645.00,0.02264622,0
1506784372,22582013,3645.00,0.56064334,0
1506784372,22582012,3645.00,0.20753224,0
1506784371,22582011,3645.00,0.13246776,0
1506784371,22582010,3645.00,0.05700000,0
1506784371,22582009,3644.97,0.00698100,0
1506784370,22582008,3644.25,0.02277562,0
1506784370,22582007,3644.00,0.00897211,0
1506784370,22582006,3643.80,0.02277845,0
1506784369,22582005,3643.52,0.02278018,0
1506784369,22582004,3641.74,0.00250000,0
1506784367,22582002,3641.00,0.50000000,0
1506784342,22581995,3640.00,0.02000000,0
1506784341,22581994,3640.00,0.05508000,0
1506784341,22581993,3640.00,0.15000000,0
1506784341,22581992,3640.00,0.10000000,0
1506784341,22581991,3640.00,0.03020679,0
1506784335,22581989,3640.00,0.01979321,0
1506784335,22581988,3640.00,0.10969270,0
1506784332,22581987,3640.00,0.01371707,0
1506784331,22581986,3640.00,0.07659023,0
1506784331,22581985,3640.00,0.19278367,0
1506784319,22581973,3639.37,0.01665199,0
1506784287,22581963,3639.37,0.02586955,0
1506784285,22581962,3639.37,0.02647770,0
1506784282,22581960,3635.00,0.01015025,1
1506784275,22581957,3639.20,0.38050176,0
1506784275,22581956,3639.17,0.99000000,0
1506784245,22581939,3639.90,0.03884936,0
1506784241,22581928,3632.20,0.21003000,1
1506784240,22581927,3632.20,0.75944842,1
1506784240,22581924,3632.71,0.02271510,1
1506784231,22581890,3639.37,0.01000000,0
1506784222,22581881,3632.91,0.74596893,1
1506784164,22581813,3640.00,0.02268357,0
1506784160,22581810,3640.00,0.00424437,0
1506784160,22581809,3639.99,0.01125263,0
1506784145,22581801,3640.00,0.00398076,0
1506784144,22581800,3639.99,0.01461821,1
1506784143,22581799,3639.99,0.02250527,0
1506784126,22581797,3640.00,0.05003722,0
1506784097,22581784,3640.00,0.01981614,0
1506784097,22581783,3639.89,0.02446235,0
1506784097,22581782,3639.80,0.16499836,0
1506784095,22581781,3639.80,0.03500164,0
1506784095,22581780,3639.30,0.06012783,0
1506784061,22581742,3635.26,0.45588512,1
1506784033,22581732,3639.30,0.21953290,0
1506784025,22581730,3639.30,0.00860857,0
1506784024,22581728,3635.21,0.03340527,1
1506784023,22581727,3639.30,0.05223475,0
1506784022,22581726,3638.89,0.00257997,0
1506784002,22581715,3638.89,0.10666003,0
1506783975,22581682,3635.11,0.29176082,1
1506783973,22581680,3638.88,0.27107158,1
1506783965,22581678,3639.30,0.07024016,0
1506783940,22581641,3639.30,0.02268441,0
1506783936,22581635,3639.30,0.05835111,0
1506783935,22581634,3639.30,0.00616125,0
1506783935,22581633,3639.30,0.00742402,0
1506783935,22581631,3639.30,0.02280658,0
1506783935,22581630,3639.09,0.00276940,0
1506783934,22581629,3638.92,0.02280898,0
1506783933,22581628,3638.88,0.00085381,0
1506783919,22581615,3635.00,0.44585700,1
1506783883,22581584,3638.88,0.10620985,0
1506783857,22581562,3638.88,0.25025000,0
1506783856,22581561,3638.88,0.01107409,0
1506783854,22581556,3638.88,0.07060660,0
1506783853,22581553,3638.88,0.25783762,0
1506783849,22581551,3638.88,0.00250000,0
1506783847,22581549,3638.88,0.09830689,0
1506783815,22581541,3638.88,0.02268476,0
1506783814,22581540,3638.88,2.17717638,0
1506783814,22581539,3638.88,0.00250000,0
1506783814,22581538,3638.38,0.00383697,0
1506783813,22581537,3638.24,0.02000000,0
1506783813,22581536,3638.17,0.02281368,0
1506783813,22581535,3638.16,0.02281376,0
1506783812,22581534,3637.76,0.31934070,0
1506783812,22581533,3637.08,0.00277090,0
1506783812,22581532,3637.00,0.02400000,0
1506783811,22581531,3636.28,0.02282555,0
1506783811,22581530,3636.23,0.00140000,0
1506783811,22581529,3635.96,0.00694497,0
1506783809,22581528,3635.66,0.05120082,0
1506783785,22581516,3635.00,0.00722004,0
1506783785,22581515,3634.00,0.12000000,0
1506783782,22581513,3635.00,0.05488308,0
1506783781,22581511,3635.00,0.02267125,0
1506783780,22581510,3635.00,0.00250000,0
1506783777,22581508,3635.00,0.38272563,0
1506783777,22581507,3635.00,0.01331288,0
1506783777,22581506,3634.31,0.02283787,0
1506783776,22581505,3633.88,0.02284060,0
1506783776,22581504,3633.88,0.02284060,0
1506783776,22581503,3633.53,0.00693247,0
1506783775,22581502,3633.29,0.00086630,0
1506783775,22581501,3633.29,0.02197802,0
1506783775,22581499,3633.26,0.02284452,0
1506783773,22581498,3632.00,0.16938592,0
1506783770,22581491,3632.00,0.00223614,0
1506783767,22581488,3632.00,0.00447229,0
1506783766,22581487,3632.00,0.02273000,0
1506783764,22581485,3632.00,0.06866189,0
1506783764,22581484,3632.00,0.73251376,0
1506783763,22581483,3631.95,0.01390815,0
1506783763,22581482,3631.95,0.00894457,0
1506783763,22581481,3630.32,0.05000000,0
1506783762,22581480,3630.31,0.05000000,0
1506783762,22581479,3630.00,0.60000000,0
1506783762,22581478,3630.00,0.20000000,0
1506783762,22581477,3630.00,0.72098920,0
1506783762,22581476,3630.00,0.02800000,0
1506783762,22581475,3630.00,0.10000000,0
1506783761,22581474,3630.00,0.20000000,0
1506783761,22581471,3629.88,0.02761679,0
1506783758,22581463,3629.85,0.00627443,0
1506783758,22581462,3629.00,0.01161472,0
1506783755,22581459,3629.00,0.02274880,0
1506783754,22581458,3629.00,0.03577830,0
1506783753,22581457,3629.00,0.01378698,0
1506783752,22581455,3629.00,0.01607120,0
1506783752,22581454,3628.11,0.00223186,0
1506783752,22581453,3628.10,0.02286761,0
1506783752,22581451,3627.73,0.00212524,0
1506783752,22581449,3627.73,0.01159454,0
1506783751,22581446,3627.73,0.00915955,0
1506783750,22581445,3626.61,0.00825288,0
1506783746,22581441,3626.61,0.00081428,0
1506783746,22581440,3626.17,0.00694398,0
1506783746,22581439,3626.01,0.00223185,0
1506783745,22581438,3625.75,0.01542055,0
1506783745,22581437,3625.75,0.00250000,0
1506783745,22581435,3625.75,0.00497127,0
1506783744,22581433,3625.00,0.02222903,0
1506783741,22581427,3624.99,0.17309626,0
1506783731,22581422,3624.99,0.07155661,0
1506783726,22581421,3624.99,0.25346418,0
1506783725,22581420,3624.99,0.02276439,0
1506783722,22581417,3624.99,0.47911856,0
1506783722,22581414,3624.79,0.00556050,0
1506783721,22581413,3624.64,0.00706296,0
1506783721,22581412,3624.42,0.00890024,0
1506783719,22581411,3623.58,0.05000000,0
1506783706,22581403,3623.00,0.02460865,0
1506783698,22581398,3623.00,0.32538504,0
1506783695,22581397,3623.00,0.54674966,0
1506783694,22581393,3623.00,0.13821143,0
1506783691,22581390,3623.00,0.12397112,0
1506783683,22581338,3623.00,0.31542928,0
1506783682,22581333,3623.00,0.35000000,0
1506783640,22581296,3622.90,0.00220597,1
1506783624,22581292,3623.00,0.13070978,0
1506783622,22581291,3623.00,0.03030000,0
1506783616,22581287,3623.00,0.01404400,0
1506783614,22581283,3623.00,0.03510200,0
1506783585,22581256,3623.00,0.01033155,0
1506783583,22581255,3622.90,0.03114473,1
1506783582,22581254,3623.00,0.16761122,0
1506783582,22581253,3623.00,0.11316091,0
1506783556,22581233,3623.00,1.08678502,0
1506783556,22581232,3623.00,0.26929630,0
1506783525,22581173,3623.00,0.02556512,0
1506783507,22581130,3618.31,0.01000000,1
1506783505,22581128,3623.00,0.02598301,0
1506783504,22581126,3618.20,0.01346984,1
1506783491,22581113,3623.00,0.01376759,0
1506783488,22581110,3617.93,0.03387372,0
1506783488,22581109,3618.07,0.01885000,0
1506783487,22581108,3618.07,0.47058728,1
1506783486,22581106,3623.00,0.00767028,0
1506783425,22581049,3623.00,0.40000000,0
1506783408,22581019,3623.00,0.80553124,0
1506783391,22581008,3623.00,0.05506486,0
1506783364,22581004,3623.00,0.00805127,0
1506783345,22581000,3623.00,0.02043601,0
1506783299,22580978,3617.48,0.11600000,1
1506783278,22580969,3622.90,0.03860710,0
1506783273,22580968,3622.90,0.01111540,0
1506783268,22580965,3622.87,0.16899169,0
1506783238,22580958,3622.74,0.00275206,0
1506783225,22580955,3622.80,0.02253194,0
1506783223,22580954,3617.39,0.03179830,1
1506783196,22580947,3622.90,0.03366639,0
1506783186,22580939,3622.80,0.25606713,1
1506783161,22580925,3622.87,0.14746150,0
1506783141,22580918,3622.90,0.01293983,0
1506783135,22580914,3622.89,0.04311320,1
1506783132,22580913,3616.04,1.26279289,0
1506783131,22580912,3616.10,2.42490000,1
1506783131,22580911,3616.13,0.92220764,1
1506783131,22580910,3622.87,0.01469104,1
1506783129,22580909,3622.89,0.08622642,1
1506783129,22580908,3622.89,0.04871400,1
1506783114,22580900,3622.89,0.03000000,1
1506783112,22580899,3622.90,0.17245283,0
1506783101,22580893,3622.89,0.13000000,1
1506783098,22580891,3622.89,0.02770000,1
1506783081,22580885,3622.90,0.01946244,0
1506783073,22580883,3622.90,0.06815513,0
1506783072,22580882,3622.90,0.26621285,0
1506783071,22580881,3622.90,0.01378012,0
1506783052,22580871,3622.90,0.02536658,0
1506783052,22580870,3622.90,0.32286842,0
1506783051,22580868,3622.90,0.08644849,0
1506783051,22580866,3622.89,0.23641993,0
1506783005,22580829,3622.97,0.06332374,0
1506783000,22580819,3623.00,0.00176188,0
1506782995,22580817,3623.00,0.00352374,0
1506782990,22580816,3623.00,0.00704749,0
1506782986,22580815,3623.00,0.01409499,0
1506782984,22580814,3623.00,0.02599040,0
1506782982,22580811,3622.90,0.02818997,0
1506782977,22580809,3622.87,0.05637994,0
1506782944,22580803,3622.94,0.02532984,0
1506782904,22580797,3623.00,0.00772480,0
1506782896,22580796,3623.00,0.05035000,0
1506782896,22580795,3623.00,0.02731023,0
1506782895,22580794,3623.00,0.00569270,0
1506782895,22580792,3623.00,0.11979339,0
1506782894,22580791,3623.00,0.00400366,0
1506782893,22580789,3622.00,0.01629896,0
1506782884,22580784,3622.00,0.02599112,0
1506782842,22580768,3622.00,0.09783717,0
1506782841,22580767,3622.00,0.05903250,0
1506782807,22580743,3622.00,0.02951405,0
1506782801,22580741,3617.40,0.00220955,0
1506782762,22580726,3621.97,0.00175988,0
1506782757,22580723,3622.00,0.00351976,0
1506782756,22580722,3616.10,0.17829307,1
1506782751,22580720,3621.99,0.00703953,0
1506782748,22580718,3621.99,0.01407905,0
1506782744,22580715,3622.00,0.02815809,0
1506782741,22580707,3621.77,0.05631618,0
1506782704,22580690,3622.00,0.00902678,0
1506782668,22580677,3622.50,0.45672838,1
1506782666,22580676,3623.00,0.05314331,0
1506782651,22580674,3622.50,0.20000000,1
1506782646,22580673,3622.50,0.20000000,0
1506782646,22580672,3622.50,0.19227093,0
1506782623,22580670,3622.50,0.00772907,0
1506782619,22580669,3623.00,0.02252295,0
1506782619,22580668,3622.50,0.20000000,0
1506782585,22580652,3623.00,0.00756298,0
1506782572,22580643,3623.00,0.27119475,0
1506782569,22580642,3623.00,1.00000000,0
1506782566,22580640,3623.00,0.13380250,0
1506782564,22580639,3623.00,0.02469935,0
1506782544,22580630,3623.00,0.50030000,0
1506782536,22580629,3623.00,0.02735512,0
1506782523,22580623,3623.00,0.02532983,0
1506782504,22580618,3618.13,0.25600000,1
1506782498,22580616,3623.00,0.03676748,0
1506782488,22580614,3623.00,0.04489797,0
1506782488,22580613,3623.00,0.02276371,0
1506782479,22580607,3623.00,0.97839552,0
1506782460,22580588,3623.00,0.50000000,0
1506782449,22580583,3623.00,1.77020591,0
1506782449,22580582,3622.99,0.10000000,0
1506782449,22580581,3621.00,0.25000000,0
1506782448,22580580,3620.03,0.02820000,0
1506782448,22580579,3620.00,0.04673171,0
1506782448,22580578,3620.00,0.09513509,0
1506782448,22580577,3620.00,0.15316558,0
1506782428,22580555,3620.00,0.13576650,0
1506782425,22580548,3620.00,0.15872608,0
1506782384,22580536,3620.00,0.02679206,0
1506782372,22580533,3617.00,0.34487627,0
1506782371,22580532,3617.00,0.01313390,0
1506782353,22580513,3617.00,0.05576636,0
1506782352,22580511,3617.00,0.03909939,0
1506782352,22580510,3617.00,0.08540276,0
1506782343,22580506,3617.00,0.06342825,0
1506782326,22580504,3617.00,0.21078665,0
1506782313,22580502,3612.17,0.02269239,1
1506782308,22580501,3612.10,1.00000000,1
1506782284,22580494,3617.00,0.02537186,0
1506782281,22580492,3617.00,0.03933156,0
1506782238,22580477,3619.80,0.01379885,0
1506782238,22580476,3619.80,0.02621647,0
1506782237,22580474,3619.77,0.69690138,1
1506782237,22580473,3618.00,0.34780279,0
1506782236,22580472,3618.00,0.01651123,0
1506782235,22580468,3616.93,0.01315886,0
1506782230,22580467,3616.93,0.00799573,0
1506782210,22580464,3616.79,0.29107205,0
1506782204,22580463,3616.93,0.06794681,0
1506782167,22580457,3616.93,0.10479882,0
1506782147,22580451,3616.93,0.00904073,0
1506782146,22580450,3616.93,0.13590497,0
1506782121,22580417,3617.86,0.01202657,0
1506782062,22580411,3618.00,0.02423925,0
1506782049,22580410,3618.00,0.01500000,0
1506782046,22580409,3618.00,0.26275416,0
1506782032,22580404,3612.51,0.19821273,1
1506781985,22580399,3617.41,0.13798560,0
1506781955,22580393,3611.41,0.00442611,1
1506781945,22580389,3617.41,0.02316848,0
1506781904,22580377,3617.99,0.02268053,0
1506781847,22580360,3618.00,0.06834025,0
1506781825,22580353,3618.00,0.09510326,0
1506781817,22580352,3618.00,0.09180984,0
1506781810,22580351,3618.00,0.02343284,0
1506781786,22580346,3618.00,0.03523663,0
1506781777,22580341,3618.00,0.01381381,0
1506781776,22580338,3618.00,0.03412203,0
1506781707,22580324,3618.00,0.20551409,0
1506781705,22580323,3614.00,0.07026712,0
1506781664,22580313,3614.00,0.02483404,0
1506781642,22580305,3610.51,0.27993257,1
1506781609,22580301,3614.00,14.50000000,0
1506781607,22580300,3614.00,0.50000000,1
1506781607,22580299,3614.00,0.01226182,1
1506781545,22580249,3610.31,0.10100000,1
1506781544,22580245,3613.15,0.12762952,1
1506781540,22580233,3618.00,0.00657456,0
1506781539,22580231,3618.00,0.04001712,0
1506781512,22580199,3618.00,0.01380181,0
1506781482,22580169,3618.00,0.18231758,0
1506781481,22580167,3617.99,0.38396478,0
1506781481,22580165,3617.98,0.10000000,0
1506781481,22580164,3617.98,0.01210800,0
1506781456,22580149,3612.63,1.00000000,1
1506781452,22580117,3617.99,0.02734920,0
1506781445,22580112,3617.99,0.01443602,0
1506781445,22580111,3617.98,0.01211200,0
1506781425,22580103,3617.99,0.03125000,0
1506781404,22580099,3617.90,0.00810195,0
1506781404,22580098,3617.79,0.01430869,0
1506781384,22580094,3617.89,0.00791163,0
1506781342,22580083,3617.80,0.13679682,0
1506781342,22580082,3617.63,0.03652901,0
1506781342,22580081,3617.60,0.39537624,0
1506781300,22580071,3615.67,0.41382372,0
1506781257,22580059,3610.03,0.01520000,1
1506781224,22580051,3617.66,0.00773668,0
1506781219,22580049,3617.70,0.01315575,0
1506781203,22580044,3617.84,0.12682982,0
1506781123,22580009,3617.57,0.05449368,0
1506781110,22580002,3617.90,0.23469046,0
1506781109,22580000,3617.14,0.46530954,0
1506781097,22579989,3617.45,0.10833390,0
1506781065,22579971,3615.57,0.01591599,0
1506781063,22579968,3615.60,0.05324944,0
1506780994,22579958,3617.70,0.06536908,0
1506780973,22579950,3607.73,0.22000000,1
1506780963,22579948,3614.39,0.01296786,0
1506780943,22579906,3615.39,0.03388776,0
1506780916,22579897,3616.70,0.00551608,0
1506780915,22579896,3616.87,0.27108526,1
1506780907,22579895,3607.70,0.49650000,1
1506780894,22579893,3607.77,0.05000000,1
1506780887,22579891,3612.59,0.02708103,0
1506780886,22579890,3612.59,0.00801062,0
1506780865,22579886,3607.71,0.06200000,1
1506780858,22579882,3618.29,0.02735422,1
1506780856,22579879,3612.77,0.27102387,0
1506780855,22579877,3612.80,0.03548549,0
1506780843,22579874,3613.22,0.27725000,0
1506780804,22579871,3614.22,0.00861928,0
1506780768,22579863,3615.47,0.01397605,1
1506780725,22579828,3608.00,0.20266405,1
1506780725,22579827,3608.00,0.02373595,1
1506780693,22579816,3608.00,0.17626405,1
1506780693,22579815,3608.00,0.20000000,1
1506780693,22579814,3608.00,0.20000000,1
1506780693,22579813,3608.00,0.20000000,1
1506780693,22579812,3608.00,0.20000000,1
1506780693,22579811,3608.00,0.06532431,1
1506780691,22579809,3608.10,0.95811929,1
1506780690,22579807,3608.10,0.86924564,1
1506780687,22579806,3608.00,0.78003909,1
1506780686,22579805,3608.00,0.79570735,1
1506780684,22579804,3608.50,0.51392846,1
1506780684,22579803,3608.60,0.01178479,1
1506780684,22579802,3608.63,0.26951952,1
1506780663,22579800,3615.67,0.25656932,0
1506780604,22579784,3618.28,0.01295020,0
1506780584,22579777,3608.60,0.02989521,1
1506780574,22579774,3608.11,0.00832000,0
1506780570,22579773,3608.00,0.35892925,1
1506780514,22579767,3618.37,0.01516152,1
1506780513,22579766,3608.70,0.01326796,1
1506780481,22579751,3608.60,0.01160007,1
1506780481,22579750,3609.09,0.00222196,1
1506780481,22579749,3610.00,0.02770000,1
1506780363,22579719,3610.73,0.71832537,0
1506780362,22579718,3610.73,0.88390345,0
1506780362,22579717,3610.73,0.92736398,1
1506780361,22579716,3619.90,0.01164504,0
1506780347,22579710,3619.90,0.27185821,0
1506780304,22579690,3619.90,0.01265000,0
1506780290,22579687,3619.90,0.36675162,0
1506780288,22579686,3619.90,0.03478968,0
1506780245,22579684,3620.00,2.88230663,0
1506780206,22579660,3620.00,0.00233058,0
1506780206,22579658,3619.99,0.03201150,0
1506780205,22579652,3612.03,0.00221281,0
1506780136,22579619,3619.89,0.00229564,1
1506780129,22579618,3612.00,0.55511408,1
1506780125,22579616,3619.90,0.00920059,0
1506780097,22579615,3619.69,0.13864565,1
1506780096,22579614,3619.69,0.13160435,1
1506780088,22579612,3612.54,0.11600000,1
1506780065,22579606,3611.58,0.01570000,1
1506780015,22579593,3619.90,0.07051460,0
1506780004,22579582,3619.77,0.12676219,0
1506779999,22579567,3619.79,0.03111935,0
1506779998,22579566,3619.50,0.03463624,0
1506779993,22579562,3619.80,0.03465010,0
1506779992,22579561,3619.80,0.02744497,0
1506779991,22579560,3619.50,0.03332483,0
1506779986,22579555,3619.50,0.00063077,0
1506779986,22579554,3619.39,0.05518020,0
1506779984,22579553,3619.36,0.02653525,0
1506779964,22579537,3619.38,0.00227637,0
1506779944,22579533,3619.50,0.01034097,0
1506779926,22579529,3619.47,0.07310395,0
1506779907,22579528,3619.50,0.01284531,0
1506779907,22579527,3612.97,0.13763682,0
1506779904,22579523,3619.38,0.03664313,0
1506779884,22579522,3619.50,0.04285812,0
1506779884,22579521,3619.50,0.08960122,0
1506779884,22579520,3619.47,0.02000000,0
1506779884,22579519,3619.44,0.11361844,0
1506779883,22579518,3619.41,0.12677480,0
1506779872,22579512,3619.15,0.02869075,0
1506779829,22579506,3619.44,0.01395856,0
1506779828,22579505,3613.23,0.01400133,1
1506779825,22579502,3619.44,0.06690527,0
1506779806,22579493,3613.23,0.39203165,1
1506779799,22579492,3619.50,0.01039878,0
1506779799,22579491,3619.50,0.10000000,0
1506779798,22579490,3619.50,0.05224346,0
1506779798,22579489,3619.49,0.10899729,0
1506779765,22579477,3619.47,0.72104976,0
1506779733,22579469,3619.47,0.00225726,0
1506779694,22579465,3619.17,0.08821577,0
1506779623,22579442,3619.26,0.00825000,0
1506779584,22579430,3619.45,0.01949096,0
1506779564,22579424,3619.32,0.09427518,0
1506779547,22579423,3619.50,0.04775654,0
1506779547,22579420,3619.00,0.00953632,0
1506779546,22579419,3619.00,0.09046368,0
1506779546,22579418,3619.00,0.10000000,0
1506779546,22579416,3619.00,0.04165234,0
1506779546,22579415,3619.00,0.03237039,0
1506779546,22579414,3619.00,0.02597727,0
1506779546,22579413,3619.00,0.07295637,0
1506779526,22579384,3619.00,0.02704363,0
1506779521,22579375,3618.97,0.00236744,1
1506779519,22579373,3618.00,0.01143179,0
1506779516,22579371,3618.00,0.08856821,0
1506779516,22579370,3618.00,0.10000000,0
1506779516,22579369,3618.00,0.09558561,0
1506779506,22579363,3617.77,0.05606464,0
1506779485,22579357,3618.00,0.00441439,0
1506779485,22579356,3618.00,0.02971391,0
1506779483,22579355,3611.71,0.18121784,1
1506779482,22579354,3611.77,0.16825649,1
1506779474,22579351,3617.97,0.02734883,0
1506779445,22579338,3618.00,0.07028609,0
1506779412,22579300,3617.77,0.11383260,0
1506779400,22579296,3617.41,0.64417414,0
1506779376,22579289,3617.45,0.24021456,0
1506779359,22579285,3610.10,0.00221379,1
1506779305,22579279,3617.80,0.00785332,0
1506779304,22579278,3610.10,0.02856793,1
1506779264,22579274,3617.46,0.01922174,0
1506779244,22579272,3616.40,0.20341999,0
1506779233,22579270,3616.90,0.01029000,0
1506779206,22579267,3618.00,0.00789323,0
1506779134,22579253,3610.00,0.06756976,1
1506779134,22579252,3610.00,0.10000000,1
1506779134,22579251,3610.00,0.10000000,1
1506779134,22579250,3610.00,0.10000000,1
1506779134,22579249,3610.00,0.10550200,1
1506779133,22579248,3612.50,0.88517895,0
1506779133,22579247,3612.50,0.95599547,0
1506779132,22579245,3612.50,2.33840000,1
1506779112,22579241,3619.90,0.00193688,0
1506779110,22579240,3619.00,0.06602055,0
1506779108,22579239,3611.50,0.09413356,1
1506779107,22579238,3611.40,0.21409000,1
1506779091,22579237,3618.97,0.27563091,0
1506779083,22579234,3610.00,0.03000000,1
1506779063,22579230,3610.11,0.27544905,0
1506779023,22579224,3619.00,0.16085069,0
1506778989,22579216,3619.90,0.24472758,0
1506778964,22579207,3619.90,0.06654699,0
1506778946,22579206,3619.84,0.06791087,0
1506778945,22579204,3619.90,0.13030726,0
1506778944,22579203,3619.90,0.07764495,0
1506778942,22579201,3612.63,0.04500000,1
1506778933,22579197,3619.90,0.56487965,0
1506778924,22579192,3619.90,0.06337744,0
1506778915,22579187,3619.90,0.01346961,0
1506778900,22579183,3611.00,0.00167294,0
1506778899,22579182,3615.00,0.10000000,1
1506778899,22579181,3615.00,0.00303879,1
1506778899,22579180,3617.00,0.10000000,1
1506778899,22579179,3617.00,0.10000000,1
1506778898,22579178,3617.00,0.10000000,1
1506778898,22579177,3617.00,0.10000000,1
1506778898,22579176,3617.00,0.10000000,1
1506778898,22579175,3617.00,0.09750000,1
1506778898,22579174,3617.50,0.10000000,1
1506778898,22579173,3617.50,0.10000000,1
1506778897,22579172,3617.50,0.10000000,1
1506778897,22579171,3617.50,0.10000000,1
1506778897,22579170,3617.50,0.10000000,1
1506778897,22579169,3617.50,0.10000000,1
1506778897,22579168,3617.50,0.10000000,1
1506778897,22579167,3617.50,0.10000000,1
1506778897,22579166,3617.50,0.10000000,1
1506778896,22579165,3617.51,0.13718817,1
1506778886,22579164,3620.00,0.01285907,0
1506778884,22579163,3620.00,0.01885000,0
1506778869,22579155,3617.51,0.01610000,1
1506778868,22579153,3620.00,0.04583977,0
1506778866,22579148,3620.00,0.01441436,0
1506778866,22579147,3620.00,0.23638400,0
1506778866,22579146,3620.00,0.04585400,0
1506778854,22579131,3620.00,0.04585359,0
1506778849,22579125,3620.00,0.19054419,0
1506778845,22579121,3620.00,0.01294984,0
1506778843,22579120,3620.00,0.06625309,0
1506778839,22579118,3620.00,0.19062707,0
1506778838,22579116,3620.00,0.09766022,0
1506778837,22579114,3620.00,0.15039847,0
1506778837,22579111,3620.00,0.04026795,0
1506778826,22579109,3620.00,0.05708280,0
1506778826,22579106,3620.00,0.13756353,0
1506778826,22579105,3620.00,0.09706850,0
1506778820,22579101,3617.01,0.00222849,1
1506778816,22579085,3620.00,0.09368239,0
1506778816,22579084,3620.00,0.19066850,0
1506778808,22579078,3620.00,0.09698618,0
1506778807,22579076,3620.00,0.19075138,0
1506778804,22579070,3620.00,0.09676243,0
1506778804,22579069,3620.00,0.15145610,0
1506778804,22579068,3620.00,0.03935082,0
1506778803,22579067,3620.00,0.02598229,0
1506778798,22579059,3620.00,0.03063804,0
1506778798,22579058,3620.00,0.07500000,0
1506778794,22579057,3620.00,0.28704400,0
1506778790,22579048,3620.00,0.09650000,0
1506778784,22579044,3620.00,0.19054400,0
1506778776,22579041,3620.00,0.07640200,0
1506778775,22579038,3620.00,0.03897790,0
1506778774,22579037,3620.00,0.09464100,0
1506778764,22579035,3620.00,0.02078555,0
1506778763,22579032,3620.00,0.09586150,0
