date,tid,price,amount,type
1506816037,22597412,4325.91,0.00707031,0
1506816033,22597411,4325.91,0.10410000,1
1506816022,22597409,4326.08,0.35653624,1
1506816013,22597407,4326.09,0.56641822,1
1506816011,22597406,4326.09,1.00000000,1
1506816009,22597405,4329.52,0.00574830,0
1506816008,22597404,4326.09,1.00000000,1
1506816006,22597403,4326.09,1.00000000,1
1506816005,22597402,4326.09,0.43358178,0
1506816003,22597401,4326.09,0.56641822,1
1506816003,22597398,4329.52,0.00287187,0
1506816001,22597393,4326.09,1.00000000,1
1506815998,22597391,4326.09,0.10400000,1
1506815998,22597390,4326.09,0.89600000,1
1506815911,22597377,4329.56,0.72945288,0
1506815893,22597376,4330.00,0.51086682,0
1506815885,22597374,4330.00,0.53308314,0
1506815883,22597373,4329.08,0.00828728,0
1506815823,22597368,4329.08,0.06000000,0
1506815811,22597366,4327.95,0.04788687,0
1506815810,22597365,4327.00,0.85650912,0
1506815702,22597361,4325.92,0.01000000,1
1506815682,22597357,4325.92,0.00309699,1
1506815659,22597356,4327.00,0.07897753,0
1506815643,22597354,4327.00,0.00750000,0
1506815597,22597353,4326.98,3.78062946,0
1506815584,22597352,4326.98,0.21439434,0
1506815550,22597346,4326.98,0.00265928,0
1506815532,22597344,4326.98,0.02928211,0
1506815516,22597340,4326.98,0.08531496,0
1506815470,22597336,4326.98,0.06093898,0
1506815371,22597332,4326.98,0.09436886,1
1506815370,22597331,4326.98,0.87150000,0
1506815349,22597330,4326.72,0.06110313,0
1506815331,22597327,4326.77,0.00262225,0
1506815283,22597323,4326.78,0.01541783,0
1506815200,22597315,4324.88,0.20636393,0
1506815171,22597314,4324.10,0.06467242,1
1506815126,22597309,4324.81,0.02075698,0
1506815119,22597308,4324.85,0.01394764,0
1506815114,22597306,4317.52,0.02259000,0
1506815043,22597300,4324.28,0.10611015,0
1506815019,22597297,4321.43,0.14432046,1
1506815018,22597296,4321.43,0.00230000,1
1506814982,22597293,4323.73,1.09584085,0
1506814939,22597279,4323.54,0.00349207,1
1506814936,22597275,4323.54,2.20976277,0
1506814932,22597272,4321.02,0.01158554,0
1506814908,22597261,4321.03,0.02309635,0
1506814863,22597255,4321.03,0.05309382,0
1506814820,22597252,4321.03,0.01207025,0
1506814781,22597243,4325.29,0.01205378,0
1506814719,22597222,4327.00,0.00399278,0
1506814687,22597221,4322.82,1.00000000,0
1506814685,22597219,4324.68,0.56581952,1
1506814684,22597218,4324.68,0.08200500,0
1506814684,22597217,4324.68,0.35217548,0
1506814678,22597216,4324.65,0.82519938,1
1506814672,22597215,4323.20,0.02300000,0
1506814664,22597214,4321.56,2.30880000,1
1506814661,22597213,4321.36,1.47070877,0
1506814660,22597212,4321.36,0.68916267,0
1506814658,22597211,4321.27,3.92892981,0
1506814653,22597210,4321.35,1.00000000,0
1506814652,22597208,4321.35,1.00000000,0
1506814562,22597184,4319.42,0.04632860,0
1506814521,22597182,4315.00,3.82840892,1
1506814520,22597181,4315.00,1.98000000,1
1506814518,22597180,4315.08,4.00000000,1
1506814487,22597178,4316.20,0.02861800,0
1506814485,22597177,4316.20,2.00000000,0
1506814384,22597158,4319.22,0.02124660,0
1506814358,22597145,4319.33,0.45000000,0
1506814342,22597134,4318.19,0.90836974,1
1506814263,22597125,4319.44,0.14372646,0
1506814263,22597124,4319.44,0.01026656,0
1506814247,22597114,4319.44,0.00777000,0
1506814242,22597113,4319.44,0.03417432,0
1506814208,22597106,4320.85,0.01100000,0
1506814169,22597103,4320.85,0.06007019,0
1506814143,22597099,4318.19,0.01163026,1
1506814143,22597098,4320.86,0.07000000,0
1506814138,22597093,4320.86,0.02529380,0
1506814083,22597076,4320.85,0.01000000,0
1506814024,22597061,4320.86,0.21667916,0
1506814024,22597060,4320.00,0.71863360,0
1506814000,22597057,4318.20,1.00000000,1
1506813992,22597055,4318.27,1.00000000,1
1506813943,22597053,4320.00,0.02844354,0
1506813902,22597046,4319.97,2.00000000,0
1506813884,22597045,4320.00,0.11268701,0
1506813879,22597044,4320.00,0.06038381,0
1506813879,22597043,4319.21,0.23686008,0
1506813879,22597042,4319.21,0.18179208,0
1506813878,22597041,4318.19,0.49051059,0
1506813878,22597040,4318.20,0.91600000,1
1506813878,22597039,4319.19,0.92100000,1
1506813877,22597038,4319.20,0.17902389,1
1506813869,22597036,4319.20,0.00149500,1
1506813867,22597035,4319.21,2.00000000,0
1506813846,22597033,4319.21,1.00075940,0
1506813844,22597031,4319.21,0.01358350,0
1506813796,22597026,4319.99,0.00941664,0
1506813778,22597025,4320.00,0.07985204,0
1506813763,22597022,4319.20,0.61230000,1
1506813645,22596996,4320.85,0.05731063,0
1506813616,22596992,4319.20,0.00809871,1
1506813560,22596970,4320.85,0.08539941,0
1506813553,22596967,4319.20,0.11508240,1
1506813551,22596961,4320.85,0.03595435,0
1506813519,22596960,4320.86,0.02815560,0
1506813480,22596952,4319.60,0.42494111,1
1506813480,22596951,4320.06,0.02315200,1
1506813480,22596950,4320.06,0.00250000,1
1506813478,22596949,4320.07,0.28238247,1
1506813363,22596933,4320.89,0.07945100,0
1506813323,22596909,4320.90,0.06653241,0
1506813278,22596904,4321.00,0.06791577,0
1506813245,22596903,4320.99,0.00370054,0
1506813244,22596900,4320.99,0.19923093,0
1506813243,22596899,4320.99,0.01546060,0
1506813230,22596897,4320.99,0.05230419,0
1506813183,22596894,4319.21,0.10000000,1
1506813093,22596887,4321.00,0.00941662,0
1506812988,22596877,4321.00,0.00167047,0
1506812988,22596876,4321.00,0.15691140,0
1506812895,22596861,4324.00,0.02803700,0
1506812827,22596856,4319.27,0.09190000,1
1506812798,22596852,4324.67,0.00314829,0
1506812795,22596851,4319.22,0.02758612,1
1506812787,22596849,4324.67,0.02560000,0
1506812768,22596846,4324.68,0.01171726,0
1506812713,22596844,4324.67,0.00348692,0
1506812668,22596843,4322.19,0.05406026,1
1506812668,22596842,4324.19,0.08770974,1
1506812647,22596841,4324.68,0.59121524,0
1506812640,22596840,4324.68,0.28473870,1
1506812513,22596817,4324.99,0.02000000,0
1506812420,22596809,4319.54,0.10652097,1
1506812408,22596808,4325.00,1.00000000,0
1506812384,22596804,4325.00,0.03991376,0
1506812362,22596801,4324.99,0.06033455,0
1506812319,22596794,4324.77,0.00737519,0
1506812319,22596793,4324.71,0.00619789,0
1506812120,22596774,4323.46,0.78177942,0
1506812103,22596769,4323.42,0.02733980,0
1506812101,22596762,4323.42,0.04539000,1
1506812101,22596761,4323.43,0.79930516,1
1506812094,22596746,4323.42,0.04397872,0
1506812086,22596740,4323.46,0.01440906,0
1506812083,22596738,4319.10,0.50000000,1
1506812069,22596737,4322.64,0.00619789,1
1506812049,22596732,4323.08,0.89600000,1
1506812049,22596731,4323.08,0.01171113,1
1506811923,22596726,4327.00,0.05302057,0
1506811870,22596705,4325.76,0.00301663,0
1506811862,22596701,4325.73,0.06300439,1
1506811861,22596700,4325.04,0.66997119,0
1506811856,22596699,4325.77,0.01171113,0
1506811832,22596696,4324.05,0.00723997,0
1506811832,22596695,4322.84,0.00000540,0
1506811777,22596682,4322.84,0.10232100,0
1506811743,22596678,4322.84,0.00529300,0
1506811675,22596672,4322.84,0.12147856,0
1506811592,22596668,4315.81,0.07900000,1
1506811559,22596667,4320.42,0.57250866,0
1506811525,22596649,4320.47,0.01051506,0
1506811517,22596641,4320.47,0.15437605,0
1506811504,22596638,4320.47,0.01508302,0
1506811500,22596637,4320.47,0.01922461,0
1506811464,22596633,4318.65,0.06828728,1
1506811443,22596628,4320.47,0.03225410,0
1506811443,22596627,4320.47,0.09133600,0
1506811394,22596619,4318.65,1.00000000,1
1506811391,22596618,4318.65,1.00000000,1
1506811383,22596616,4322.94,0.05307036,0
1506811333,22596606,4322.99,0.01765883,0
1506811326,22596601,4318.65,0.03788687,1
1506811326,22596600,4318.65,0.01000000,1
1506811324,22596599,4323.00,0.10614157,0
1506811267,22596577,4318.74,1.00000000,1
1506811265,22596576,4318.74,1.00000000,1
1506811265,22596575,4323.08,0.04603200,0
1506811262,22596574,4318.74,1.00000000,1
1506811259,22596571,4318.74,1.00000000,1
1506811257,22596570,4318.75,1.00000000,1
1506811192,22596510,4318.53,0.29656906,0
1506811185,22596509,4327.27,0.00148426,0
1506811185,22596508,4327.27,0.13947620,0
1506811180,22596507,4325.74,0.00723748,0
1506811174,22596506,4318.53,0.14410000,1
1506811121,22596501,4325.75,0.02811802,0
1506811061,22596497,4320.22,1.00000000,1
1506811058,22596496,4320.22,1.00000000,1
1506811056,22596495,4320.22,1.00000000,1
1506811053,22596493,4320.22,1.00000000,1
1506811050,22596491,4319.18,0.08800000,1
1506811050,22596490,4319.20,0.91200000,1
1506811039,22596488,4320.15,1.00000000,1
1506811019,22596484,4327.26,0.00744189,0
1506811015,22596483,4322.14,1.00000000,1
1506811007,22596482,4325.99,0.05610850,1
1506811001,22596481,4326.00,0.88774719,1
1506810979,22596480,4326.00,0.00925281,1
1506810969,22596477,4327.35,0.13217400,0
1506810918,22596465,4330.00,0.07463968,0
1506810908,22596464,4322.06,0.63683106,1
1506810903,22596462,4330.00,0.01321700,0
1506810903,22596461,4330.00,0.13217400,0
1506810900,22596460,4328.00,0.63701000,1
1506810898,22596458,4328.99,0.11503825,1
1506810898,22596455,4330.00,1.00000000,0
1506810895,22596453,4330.00,1.00000000,0
1506810888,22596451,4330.00,0.03447409,0
1506810888,22596450,4329.99,0.02579953,0
1506810887,22596449,4325.65,0.93455426,0
1506810886,22596448,4325.65,0.00809871,1
1506810883,22596447,4325.65,0.00309470,0
1506810879,22596446,4321.93,0.02511216,1
1506810820,22596432,4329.98,3.80658109,1
1506810820,22596431,4329.34,3.99651299,0
1506810818,22596430,4329.32,0.87150000,0
1506810808,22596429,4329.31,0.15835700,0
1506810808,22596428,4327.00,0.04730000,0
1506810795,22596425,4320.90,0.02579953,0
1506810751,22596417,4325.34,1.00000000,0
1506810745,22596416,4325.72,1.69806876,0
1506810744,22596415,4325.00,0.00782897,0
1506810742,22596414,4324.46,3.00000000,0
1506810741,22596413,4324.46,1.00000000,0
1506810735,22596412,4324.00,0.00706577,0
1506810729,22596410,4323.99,0.71715702,0
1506810725,22596409,4323.96,0.83698071,1
1506810725,22596408,4323.96,0.16301929,1
1506810720,22596405,4320.00,0.50000000,0
1506810711,22596404,4314.98,1.00000000,0
1506810711,22596403,4319.55,0.00348701,0
1506810708,22596402,4316.55,0.00400382,0
1506810703,22596400,4314.98,0.00266609,0
1506810703,22596399,4314.98,1.00000000,0
1506810700,22596398,4315.00,1.31320000,1
1506810700,22596397,4315.25,1.00000000,1
1506810699,22596396,4316.38,0.18851601,0
1506810697,22596395,4315.00,2.50000000,0
1506810697,22596394,4315.00,1.64035569,0
1506810695,22596393,4314.99,1.00000000,0
1506810683,22596391,4314.99,0.01536355,0
1506810668,22596387,4314.00,2.58547157,0
1506810667,22596386,4314.00,0.01037954,0
1506810664,22596385,4313.99,0.12787428,0
1506810663,22596384,4313.99,0.02127265,0
1506810663,22596383,4313.99,0.20000000,0
1506810659,22596378,4309.54,0.02127102,1
1506810637,22596373,4314.00,1.00000000,0
1506810635,22596372,4314.00,0.90414889,0
1506810635,22596371,4314.00,0.09585111,0
1506810633,22596370,4314.00,1.00000000,0
1506810628,22596369,4314.00,0.13939236,0
1506810625,22596367,4308.51,0.11980000,1
1506810619,22596366,4313.53,0.09000000,1
1506810612,22596364,4313.53,0.18303726,1
1506810612,22596362,4314.00,0.25696274,1
1506810605,22596360,4315.00,0.05015471,0
1506810604,22596359,4315.00,0.02126767,0
1506810602,22596357,4314.99,0.02650400,0
1506810573,22596353,4315.00,0.18520000,0
1506810568,22596352,4315.00,0.00302193,0
1506810544,22596345,4316.00,0.05315570,0
1506810542,22596343,4314.01,0.05200000,1
1506810458,22596330,4316.55,0.03022872,0
1506810426,22596321,4318.14,0.05312935,0
1506810422,22596319,4318.14,0.04299767,0
1506810422,22596318,4318.14,0.50000000,0
1506810400,22596316,4316.55,0.01202631,0
1506810399,22596315,4316.55,0.00666417,0
1506810303,22596306,4314.95,0.00640600,0
1506810276,22596299,4310.39,0.29829190,1
1506810273,22596297,4314.96,0.01511347,0
1506810268,22596294,4314.96,0.06045424,0
1506810246,22596293,4316.40,0.03005513,0
1506810244,22596292,4315.04,0.02310361,0
1506810202,22596274,4316.41,0.02817934,0
1506810133,22596256,4316.43,0.00330961,0
1506810133,22596255,4316.43,0.30475928,0
1506810079,22596241,4314.43,0.38081081,0
1506810063,22596236,4316.46,0.09000000,0
1506810048,22596221,4315.91,0.19538085,1
1506810046,22596217,4314.44,2.11651915,0
1506810046,22596214,4314.44,4.00000000,0
1506810044,22596213,4314.44,0.08131044,0
1506810039,22596207,4315.68,2.31000000,1
1506810036,22596202,4315.68,1.69000000,1
1506810036,22596201,4315.91,2.31000000,1
1506810032,22596200,4315.90,0.01173972,0
1506810031,22596198,4315.90,1.72900000,1
1506810020,22596191,4318.51,0.04532275,0
1506810008,22596189,4318.52,2.44919553,0
1506810002,22596187,4320.80,0.50230693,1
1506810002,22596186,4320.80,0.17850831,1
1506810002,22596185,4320.80,0.35695752,1
1506810001,22596184,4320.80,0.84978783,1
1506810001,22596183,4320.80,1.81476308,1
1506810000,22596176,4320.80,1.27980544,1
1506809999,22596175,4320.80,0.92340391,1
1506809999,22596174,4320.80,0.11049065,1
1506809999,22596173,4320.80,0.39645434,1
1506809996,22596170,4320.78,0.13182716,0
1506809996,22596169,4320.78,0.08425473,0
1506809996,22596168,4320.78,0.65541811,0
1506809995,22596167,4319.03,1.16016486,0
1506809995,22596166,4319.03,0.27998514,0
1506809995,22596165,4319.03,0.29809486,0
1506809993,22596162,4318.51,0.20089817,0
1506809993,22596160,4318.51,1.84783868,0
1506809991,22596159,4318.51,0.07302773,0
1506809990,22596157,4318.52,0.02310986,1
1506809989,22596156,4319.03,0.27787501,0
1506809988,22596154,4319.03,0.35995471,0
1506809988,22596153,4319.03,0.41622182,0
1506809987,22596151,4319.03,0.47386242,0
1506809984,22596141,4319.03,0.13614503,0
1506809984,22596139,4319.03,0.15697979,0
1506809983,22596137,4318.54,0.54394766,0
1506809983,22596136,4318.52,0.61387421,0
1506809983,22596135,4318.52,0.36648385,0
1506809982,22596133,4318.52,0.10517247,0
1506809981,22596130,4318.52,0.54965960,0
1506809981,22596128,4318.52,0.50143297,0
1506809979,22596122,4318.52,1.35964000,0
1506809979,22596121,4318.52,0.36151900,0
1506809949,22596075,4311.88,0.43731437,1
1506809949,22596074,4311.88,0.92300000,1
1506809949,22596073,4312.88,0.92200000,1
1506809949,22596072,4315.88,0.31060524,1
1506809908,22596052,4318.57,0.08199705,0
1506809883,22596034,4318.58,0.00397600,0
1506809866,22596032,4318.43,0.08842084,0
1506809850,22596027,4318.59,0.07994322,0
1506809848,22596023,4318.45,0.36618109,0
1506809841,22596015,4318.90,0.11305233,0
1506809833,22596007,4318.99,0.01080595,0
1506809832,22596006,4318.46,5.88729273,0
1506809832,22596005,4318.45,0.23753891,0
1506809831,22596003,4318.43,1.00000000,1
1506809824,22595967,4317.73,0.11956022,0
1506809824,22595966,4316.40,1.75804104,0
1506809824,22595965,4316.40,0.54290796,0
1506809824,22595964,4316.40,0.01325100,0
1506809821,22595962,4317.73,0.04676960,0
1506809818,22595957,4317.73,0.00302206,0
1506809812,22595948,4316.42,0.00151300,0
1506809788,22595936,4316.49,0.12443375,0
1506809763,22595929,4316.47,0.03000000,0
1506809735,22595921,4316.47,0.07287867,0
1506809726,22595911,4311.13,0.43485133,1
1506809704,22595910,4308.47,0.92400000,1
1506809704,22595909,4308.47,0.92300000,1
1506809704,22595908,4309.47,0.92300000,1
1506809704,22595907,4310.06,1.68200000,1
1506809704,22595906,4310.47,0.91700000,1
1506809704,22595905,4310.47,0.91400000,1
1506809704,22595904,4312.00,0.04700000,1
1506809704,22595903,4312.01,4.00000000,1
1506809703,22595902,4312.02,2.31240000,1
1506809703,22595901,4312.07,4.00000000,1
1506809703,22595900,4312.47,0.10211500,1
1506809677,22595890,4316.48,0.15591800,0
1506809647,22595881,4318.40,0.04717770,0
1506809646,22595880,4318.36,1.00000000,0
1506809642,22595879,4318.45,0.06947494,0
1506809555,22595855,4312.15,0.43423658,1
1506809555,22595854,4312.18,0.35349342,1
1506809550,22595853,4318.39,0.00174350,0
1506809498,22595829,4315.89,0.00999225,0
1506809492,22595820,4315.89,0.09588516,0
1506809487,22595819,4315.89,0.01174110,0
1506809485,22595817,4315.89,0.06968936,0
1506809465,22595788,4315.89,0.01326300,0
1506809464,22595784,4315.89,0.02500000,0
1506809463,22595783,4315.87,0.55098493,0
1506809443,22595759,4315.89,0.14662756,0
1506809434,22595744,4315.89,0.05373565,0
1506809431,22595738,4315.89,3.27255396,0
1506809431,22595737,4315.88,0.03293908,0
1506809430,22595734,4315.88,0.05381597,0
1506809418,22595719,4315.88,0.05722143,0
1506809418,22595717,4315.88,1.22631045,0
1506809412,22595709,4315.89,0.75146048,0
1506809406,22595690,4315.89,1.40208511,0
1506809405,22595687,4315.89,0.01814611,0
1506809404,22595684,4315.89,0.10631411,0
1506809366,22595618,4315.89,0.05477665,0
1506809338,22595614,4315.89,0.06234826,0
1506809333,22595613,4315.89,0.06102255,0
1506809331,22595612,4315.89,0.07999508,0
1506809315,22595604,4315.89,0.19460735,0
1506809308,22595601,4314.32,0.01174564,0
1506809306,22595598,4314.32,0.02630994,0
1506809306,22595597,4314.22,0.01365936,0
1506809284,22595591,4314.32,0.02127102,0
1506809255,22595586,4314.32,0.48004133,0
1506809255,22595585,4314.32,0.04111717,0
1506809229,22595568,4314.32,1.08605744,0
1506809223,22595566,4314.32,1.21583357,0
1506809223,22595565,4314.32,0.01547594,0
1506809199,22595545,4314.32,0.03201243,0
1506809193,22595542,4315.89,0.01234684,0
1506809188,22595538,4315.89,0.01443435,0
1506809187,22595537,4315.89,0.03023793,0
1506809175,22595519,4315.89,0.06946474,0
1506809169,22595513,4315.89,0.17615999,0
1506809163,22595505,4315.89,0.00529800,0
1506809163,22595504,4315.89,0.10529357,0
1506809160,22595494,4315.89,0.03259999,0
1506809138,22595483,4315.89,0.03174319,0
1506809088,22595453,4317.76,0.72750000,1
1506809087,22595452,4318.99,0.01339405,0
1506809045,22595446,4317.76,0.17250000,1
1506809032,22595442,4320.96,0.01922562,0
1506809002,22595440,4320.00,0.00219868,1
1506808984,22595431,4320.40,0.10620544,0
1506808979,22595429,4320.00,2.16559151,1
1506808977,22595427,4320.00,0.39717458,0
1506808941,22595423,4318.40,0.06052711,0
1506808937,22595416,4318.39,0.08010523,0
1506808927,22595415,4316.55,3.84259883,0
1506808922,22595414,4316.51,1.00000000,0
1506808920,22595413,4316.55,0.55869053,0
1506808919,22595412,4316.51,0.03696041,0
1506808917,22595411,4316.51,1.00000000,1
1506808913,22595409,4316.51,1.00000000,0
1506808881,22595407,4316.48,0.01743514,0
1506808833,22595359,4311.30,0.10127000,1
1506808831,22595358,4311.35,1.00000000,0
1506808828,22595357,4311.35,1.00000000,0
1506808827,22595356,4307.24,2.56514867,0
1506808826,22595355,4307.24,1.00000000,0
1506808825,22595354,4308.00,0.43485133,1
1506808816,22595352,4309.14,1.00000000,0
1506808814,22595350,4309.24,0.12355493,0
1506808812,22595346,4307.00,0.00581524,1
1506808812,22595345,4309.14,0.08000000,1
1506808811,22595344,4309.14,0.92000000,1
1506808810,22595342,4309.24,0.91908208,0
1506808805,22595340,4306.07,4.00000000,0
1506808805,22595339,4306.06,0.76500000,0
1506808804,22595338,4305.00,0.46250000,1
1506808783,22595334,4304.64,3.97880947,0
1506808779,22595333,4304.64,0.02119053,0
1506808771,22595330,4304.65,2.96073051,0
1506808767,22595329,4304.65,0.03900000,0
1506808766,22595328,4304.65,1.28466640,0
1506808751,22595321,4304.64,0.15099142,0
1506808728,22595304,4305.00,0.17250000,1
1506808702,22595300,4306.00,0.20000000,1
1506808700,22595298,4306.45,0.31000000,1
1506808698,22595296,4306.86,0.00186025,1
1506808690,22595294,4307.49,0.32167225,1
1506808690,22595293,4308.11,1.00000000,1
1506808683,22595290,4311.35,0.10642838,0
1506808677,22595286,4310.42,4.00000000,1
1506808673,22595284,4311.02,0.91900000,1
1506808673,22595283,4311.18,4.00000000,1
1506808669,22595282,4310.00,0.91300000,0
1506808669,22595281,4310.00,0.91900000,0
1506808668,22595280,4310.00,1.00000000,1
1506808668,22595279,4310.00,0.00266180,1
1506808668,22595278,4310.05,2.31190000,1
1506808667,22595277,4310.07,0.87150000,1
1506808667,22595276,4313.70,0.01744156,0
1506808664,22595275,4313.04,0.87150000,1
1506808659,22595274,4314.86,4.00000000,1
1506808659,22595273,4315.00,1.00000000,1
1506808631,22595268,4318.62,0.46768315,0
1506808626,22595266,4318.61,0.29816893,1
1506808624,22595265,4318.61,0.24468355,0
1506808615,22595262,4318.61,0.00531645,0
1506808577,22595239,4318.62,0.48501106,0
1506808577,22595238,4317.10,0.01498894,0
1506808576,22595237,4317.10,0.91500000,1
1506808576,22595236,4317.10,0.90100000,1
1506808576,22595235,4317.10,0.26901106,1
1506808527,22595232,4320.98,0.19279722,0
1506808526,22595231,4317.01,0.25000000,1
1506808505,22595229,4320.98,0.21469204,0
1506808503,22595225,4320.98,0.02646000,0
1506808494,22595222,4320.98,0.00754457,0
1506808391,22595167,4322.00,0.01921784,0
1506808283,22595162,4323.91,0.22958413,0
1506808217,22595158,4321.00,1.75925894,1
1506808216,22595157,4321.00,1.74300000,1
1506808215,22595156,4320.68,2.30810000,0
1506808215,22595155,4320.65,0.87150000,0
1506808215,22595154,4320.57,0.87150000,0
1506808215,22595153,4316.64,2.44664106,0
1506808212,22595151,4316.64,0.01146482,0
1506808208,22595148,4316.64,0.11624400,0
1506808204,22595143,4316.91,0.12430000,0
1506808160,22595128,4308.04,0.07300689,1
1506808150,22595124,4314.82,0.00270200,0
1506808147,22595122,4308.01,0.46000000,1
1506808141,22595118,4308.02,0.01011551,1
1506808140,22595117,4314.82,0.06126096,0
1506808126,22595115,4308.03,1.00000000,1
1506808120,22595111,4308.03,0.47369627,1
1506808120,22595110,4308.06,0.46228517,1
1506808118,22595109,4310.00,0.06401856,1
1506808112,22595108,4314.84,0.02462542,0
1506808086,22595097,4308.12,0.52981275,1
1506808083,22595096,4314.92,0.00185952,0
1506808083,22595094,4314.92,0.17441671,0
1506808054,22595091,4316.00,3.04561337,1
1506808051,22595090,4316.00,0.72854607,1
1506808050,22595088,4316.00,0.31654639,1
1506808047,22595087,4316.00,2.31350000,1
1506808046,22595086,4316.00,0.28319417,0
1506808046,22595085,4315.89,2.31260000,0
1506808028,22595083,4315.88,0.00907437,0
1506808003,22595079,4316.00,0.04594571,0
1506807998,22595077,4316.00,0.04638100,0
1506807998,22595076,4316.00,0.06044376,0
1506807964,22595066,4314.87,0.02126831,0
1506807956,22595063,4310.20,0.24241551,0
1506807953,22595062,4310.20,1.00000000,0
1506807937,22595044,4314.90,0.01129103,0
1506807926,22595037,4312.35,0.21878262,0
1506807916,22595035,4310.21,0.00292873,0
1506807915,22595033,4310.10,1.00000000,1
1506807898,22595028,4312.38,0.23557688,0
1506807889,22595022,4312.38,0.36434626,0
1506807889,22595021,4312.38,1.53210885,0
1506807869,22595006,4314.89,3.69030000,0
1506807869,22595005,4314.89,4.00000000,0
1506807869,22595004,4314.88,2.30970000,0
1506807842,22594991,4314.90,0.00557410,0
1506807841,22594989,4314.90,0.51363534,0
1506807827,22594988,4308.93,1.99000000,1
1506807825,22594987,4308.83,0.01115775,1
1506807824,22594986,4308.83,0.92500000,1
1506807824,22594984,4309.83,0.92300000,0
1506807822,22594983,4311.83,0.14084225,1
1506807821,22594982,4310.00,0.77815775,0
1506807821,22594981,4310.00,4.00000000,0
1506807820,22594980,4310.00,0.00184225,1
1506807817,22594979,4312.82,1.65095956,1
1506807817,22594978,4312.82,7.00000000,1
1506807815,22594977,4312.82,12.00000000,1
1506807815,22594976,4312.82,0.10539944,1
1506807815,22594975,4312.82,7.00000000,1
1506807814,22594974,4312.83,0.00635900,1
1506807814,22594973,4312.83,0.01912827,0
1506807814,22594972,4312.83,0.25000000,0
1506807805,22594963,4312.82,22.29364100,1
1506807804,22594962,4313.16,0.00635900,1
1506807775,22594921,4313.18,0.09634609,1
1506807747,22594910,4317.38,0.48000000,0
1506807740,22594904,4317.39,0.00301215,0
1506807732,22594898,4317.39,0.01390921,0
1506807723,22594893,4317.39,0.02657863,0
1506807719,22594892,4317.39,0.01889100,0
1506807713,22594891,4316.00,0.00675600,0
1506807711,22594889,4316.00,2.85099629,1
1506807698,22594884,4319.47,0.99625983,0
1506807697,22594882,4319.47,0.09837517,0
1506807694,22594878,4319.47,0.01045035,0
1506807687,22594868,4321.60,0.49824266,1
1506807665,22594861,4321.60,0.00530000,1
1506807658,22594858,4316.91,0.96000000,0
1506807658,22594857,4319.56,0.02000000,1
1506807657,22594856,4319.60,0.02000000,1
1506807637,22594855,4320.28,0.07857012,0
1506807632,22594854,4321.60,0.38088671,0
1506807629,22594853,4319.34,1.00000000,1
1506807627,22594850,4318.53,0.99233700,0
1506807626,22594849,4320.53,0.00766300,1
1506807624,22594848,4318.56,0.25000000,1
1506807624,22594847,4320.52,0.02081319,1
1506807618,22594846,4318.56,0.00861800,0
1506807617,22594845,4318.56,0.25000000,1
1506807616,22594844,4325.66,0.24907750,0
1506807614,22594843,4318.57,0.00861900,1
1506807613,22594842,4319.52,0.31030711,0
1506807612,22594841,4319.52,0.00862000,0
1506807611,22594840,4319.52,0.25000000,1
1506807608,22594839,4319.52,0.18021547,1
1506807606,22594836,4319.53,0.00973500,0
1506807604,22594833,4319.53,0.01038200,0
1506807604,22594832,4319.53,0.02000000,0
1506807601,22594829,4319.52,0.06978453,0
1506807600,22594828,4319.52,0.40647000,0
1506807599,22594827,4319.52,0.26206847,1
1506807599,22594826,4319.52,0.25000000,1
1506807599,22594825,4319.53,0.01167700,1
1506807592,22594822,4319.58,0.01167700,0
1506807592,22594821,4319.58,0.01376212,0
1506807591,22594818,4319.61,0.01167700,1
1506807588,22594816,4319.58,1.00000000,1
1506807581,22594814,4320.52,0.01314100,0
1506807580,22594813,4320.56,0.01314100,1
1506807543,22594806,4320.07,0.80605444,1
1506807543,22594805,4320.08,0.01390900,1
1506807539,22594803,4327.75,0.13806979,0
1506807536,22594802,4327.72,0.97291473,0
1506807528,22594801,4320.07,1.00000000,1
1506807523,22594797,4320.09,0.01472600,0
1506807493,22594786,4328.68,0.03191915,0
1506807485,22594780,4328.62,0.01652685,0
1506807452,22594773,4328.84,0.00265634,0
1506807390,22594767,4319.50,0.98119400,0
1506807390,22594766,4319.50,0.01880600,1
1506807379,22594763,4319.50,0.80693776,0
1506807379,22594762,4319.64,0.63664524,1
1506807378,22594761,4323.45,4.00000000,1
1506807378,22594760,4323.45,4.00000000,1
1506807378,22594759,4323.46,0.01880600,1
1506807378,22594758,4323.48,0.01880600,1
1506807376,22594757,4323.49,0.01880500,1
1506807368,22594756,4329.49,0.05214285,0
1506807330,22594747,4326.95,0.27323764,0
1506807327,22594746,4326.97,1.48185354,0
1506807326,22594743,4326.97,0.21538337,0
1506807320,22594739,4329.92,0.25512694,0
1506807320,22594737,4329.92,0.31484208,0
1506807320,22594736,4329.92,0.60282918,0
1506807305,22594706,4327.99,0.00490527,0
1506807304,22594705,4324.76,0.00631000,1
1506807303,22594704,4324.76,0.01000000,0
1506807295,22594693,4324.19,0.61639632,1
1506807295,22594692,4324.19,0.72355217,1
1506807289,22594684,4324.19,0.20841620,1
1506807284,22594679,4317.87,0.41744444,1
1506807278,22594670,4321.20,0.06952014,0
1506807277,22594669,4317.79,0.32736111,0
1506807277,22594668,4321.13,1.02494000,1
1506807276,22594666,4321.21,0.89900000,0
1506807276,22594665,4321.22,0.87150000,0
1506807274,22594663,4324.18,3.88389600,1
1506807270,22594661,4324.77,0.20838825,1
1506807265,22594656,4324.77,0.06149013,1
1506807253,22594648,4324.76,0.03500000,0
1506807253,22594646,4324.76,0.27861081,0
1506807242,22594628,4324.18,0.01835986,1
1506807242,22594625,4324.18,0.80774414,1
1506807242,22594624,4324.76,0.00427429,1
1506807241,22594618,4324.76,0.01872571,1
1506807240,22594616,4326.51,0.12057524,1
1506807218,22594585,4327.99,0.00356802,0
1506807201,22594568,4327.99,0.33000000,0
1506807125,22594525,4329.95,0.02119424,0
1506807124,22594523,4329.95,0.21424728,0
1506807085,22594474,4329.97,0.22887202,0
1506807083,22594472,4329.97,0.00265793,0
1506807080,22594469,4329.97,0.04441226,0
1506807072,22594461,4324.53,0.97776180,1
1506807070,22594458,4324.54,0.02223820,1
1506807063,22594455,4329.97,0.00602274,0
1506807058,22594446,4327.11,5.00000000,0
1506807057,22594444,4326.50,2.99185741,1
1506807057,22594443,4326.51,0.08110925,1
1506807056,22594440,4327.11,0.13801559,0
1506807053,22594437,4329.99,0.68369517,0
1506806984,22594379,4329.99,0.01590000,1
1506806957,22594338,4329.99,0.02060000,0
1506806939,22594319,4330.00,0.06021568,0
1506806914,22594298,4325.19,0.00814259,1
1506806900,22594294,4330.00,0.01112532,0
1506806890,22594283,4325.19,0.14579000,0
1506806887,22594282,4325.18,3.97774831,0
1506806881,22594279,4325.18,0.02225169,0
1506806827,22594251,4325.59,3.00000000,1
1506806826,22594250,4325.59,7.00000000,1
1506806826,22594249,4325.62,0.07929500,0
1506806824,22594248,4325.62,0.00750000,0
1506806824,22594247,4325.62,0.00658800,0
1506806823,22594246,4325.62,0.21446174,0
1506806819,22594244,4325.62,0.01505361,0
1506806814,22594243,4325.62,2.51642797,0
1506806814,22594242,4325.61,3.48357203,0
1506806814,22594241,4325.59,4.00000000,0
1506806811,22594240,4325.61,0.47197696,0
1506806811,22594239,4325.61,0.01240328,0
1506806798,22594234,4320.95,1.22075780,1
1506806782,22594231,4325.60,0.02000000,0
1506806779,22594229,4325.60,0.11872745,0
1506806779,22594228,4325.00,0.16245700,1
1506806776,22594227,4325.00,0.83754300,1
1506806776,22594226,4325.01,0.16245700,1
1506806770,22594223,4321.45,0.15509100,1
1506806770,22594222,4321.46,0.16245500,0
1506806768,22594221,4323.01,0.02000000,0
1506806768,22594220,4323.01,0.16245400,1
1506806767,22594219,4325.62,0.32551828,0
1506806767,22594218,4325.62,0.69221672,0
1506806763,22594215,4325.62,0.01743435,0
1506806725,22594203,4329.68,0.03204773,0
1506806718,22594199,4322.99,0.82918700,1
1506806718,22594198,4323.00,0.17081300,1
1506806715,22594197,4322.99,1.00000000,1
1506806713,22594195,4321.65,0.12850000,0
1506806712,22594194,4321.70,0.87150000,1
1506806710,22594193,4321.67,0.08200000,1
1506806709,22594192,4322.65,0.91800000,1
1506806708,22594190,4323.27,0.03826906,0
1506806704,22594179,4323.31,0.98000000,1
1506806704,22594177,4325.65,0.02000000,1
1506806701,22594166,4323.30,0.08500000,1
1506806701,22594164,4323.45,0.91500000,1
1506806700,22594163,4324.45,0.31156771,0
1506806699,22594162,4324.45,0.02484387,0
1506806692,22594158,4325.00,1.00000000,1
1506806692,22594157,4325.01,4.59000000,1
1506806692,22594156,4325.45,0.50000000,1
1506806685,22594148,4326.00,0.17420832,0
1506806683,22594146,4329.69,0.07540132,0
1506806681,22594145,4326.00,1.00000000,1
1506806678,22594143,4327.01,0.22943868,0
1506806678,22594142,4327.01,0.01633828,0
1506806677,22594141,4327.01,0.19490252,0
1506806669,22594134,4326.75,0.91300000,1
1506806669,22594131,4326.75,0.91800000,1
1506806669,22594129,4327.00,1.00000000,1
1506806669,22594127,4327.01,0.90000000,1
1506806665,22594115,4329.20,4.25000000,1
1506806662,22594106,4328.20,4.00000000,1
1506806662,22594105,4328.21,1.10845361,1
1506806662,22594104,4328.75,1.62500000,1
1506806661,22594103,4328.99,4.00000000,0
1506806660,22594102,4329.19,4.86000000,1
1506806657,22594100,4329.67,2.30080000,1
1506806657,22594099,4329.99,0.26572771,1
1506806648,22594093,4330.00,0.01500000,0
1506806597,22594087,4329.99,0.20000000,1
1506806595,22594086,4330.00,0.00699000,0
1506806593,22594085,4330.00,0.02517938,0
1506806591,22594084,4330.00,0.00387064,0
1506806587,22594082,4330.00,0.06549062,0
1506806583,22594081,4330.00,0.02119400,0
1506806568,22594077,4330.00,0.00677555,0
1506806564,22594076,4330.00,0.05981039,0
1506806562,22594075,4330.00,0.01721343,0
1506806562,22594074,4330.00,0.00980000,0
1506806558,22594071,4330.00,0.00903472,0
1506806558,22594069,4330.00,0.06549062,0
1506806553,22594059,4330.00,0.44821499,0
1506806540,22594052,4330.00,0.12530100,0
1506806534,22594050,4330.00,0.19079393,0
1506806527,22594039,4329.99,0.00546800,1
1506806524,22594038,4330.00,0.10596998,0
1506806522,22594036,4330.00,0.20675443,0
1506806517,22594031,4330.00,0.87150000,0
1506806511,22594025,4329.99,0.00173275,1
1506806510,22594020,4330.00,0.08921453,0
1506806505,22594017,4330.00,0.65301479,0
1506806499,22594012,4330.00,0.02679549,0
1506806477,22593987,4330.00,1.34668636,0
1506806476,22593986,4330.00,0.08725425,0
1506806476,22593985,4330.00,1.54816774,0
1506806469,22593977,4330.00,2.33453546,0
1506806469,22593976,4330.00,2.04465516,0
1506806457,22593945,4329.99,0.09155000,1
1506806434,22593939,4330.00,0.05365814,0
1506806409,22593936,4330.00,0.75224767,0
1506806409,22593935,4330.00,0.02340798,0
1506806404,22593912,4330.00,0.87150000,0
1506806397,22593911,4329.99,0.33852154,1
1506806397,22593910,4329.99,0.16147846,1
1506806391,22593899,4330.00,0.08769513,0
1506806390,22593897,4330.00,0.10745060,0
1506806389,22593896,4330.00,0.03756983,0
1506806388,22593895,4330.00,0.02211547,0
1506806385,22593894,4330.00,0.02120000,0
1506806384,22593893,4330.00,2.28570159,0
1506806372,22593886,4330.00,0.05595299,0
1506806359,22593878,4330.00,0.00278026,0
1506806359,22593877,4330.00,0.26151560,0
1506806358,22593876,4330.00,0.73231904,0
1506806345,22593874,4330.00,0.02568113,0
1506806322,22593870,4329.99,0.01000000,1
1506806306,22593864,4330.00,0.02120000,0
1506806280,22593855,4330.00,1.29809647,0
1506806270,22593853,4330.00,0.53718583,0
1506806260,22593846,4330.00,1.00000000,0
1506806260,22593844,4330.00,0.34043875,0
1506806260,22593843,4330.00,0.06660943,0
1506806259,22593842,4330.00,0.08938884,0
1506806259,22593841,4330.00,0.09291350,0
1506806251,22593828,4330.00,0.36169000,0
1506806250,22593827,4330.00,0.00461894,0
1506806250,22593825,4330.00,0.05732363,0
1506806249,22593823,4330.00,0.05782880,0
1506806247,22593818,4330.00,0.04326182,0
1506806241,22593816,4330.00,0.06828775,0
1506806241,22593815,4330.00,0.39019743,0
1506806218,22593802,4330.00,0.11155019,0
1506806218,22593801,4330.00,0.06641345,0
1506806211,22593799,4330.00,0.04626790,0
1506806206,22593795,4330.00,0.04620322,0
1506806136,22593781,4330.00,0.01959810,0
1506806129,22593780,4330.00,1.00000000,0
1506806129,22593779,4330.00,5.00000000,0
1506806127,22593777,4330.00,0.13710552,0
1506806127,22593776,4330.00,5.00000000,0
1506806127,22593775,4330.00,1.00000000,0
1506806127,22593774,4330.00,5.00000000,0
1506806126,22593773,4330.00,7.00000000,0
1506806125,22593772,4330.00,7.00000000,0
1506806124,22593771,4330.00,1.00000000,0
1506806121,22593770,4330.00,1.00000000,0
1506806121,22593769,4330.00,1.00000000,0
1506806120,22593768,4330.00,4.65265010,0
1506806120,22593767,4330.00,2.34734990,0
1506806120,22593766,4330.00,0.45889400,0
1506806119,22593765,4330.00,4.81659617,0
1506806119,22593764,4329.92,0.18340383,0
1506806118,22593763,4329.92,1.00000000,0
1506806118,22593762,4329.92,0.91300000,1
1506806117,22593761,4330.00,1.18435215,0
1506806117,22593760,4330.00,0.80637761,0
1506806117,22593759,4330.00,0.53907986,0
1506806117,22593758,4330.00,0.82171441,0
1506806116,22593757,4330.00,0.01358782,0
1506806116,22593756,4330.00,0.23194492,0
1506806116,22593755,4330.00,0.28554586,0
1506806115,22593754,4330.00,0.48272343,0
1506806115,22593753,4330.00,0.11709617,0
1506806115,22593752,4330.00,0.15822660,0
1506806115,22593751,4330.00,0.21474334,0
1506806114,22593750,4330.00,2.27540358,0
1506806114,22593749,4330.00,2.27540358,0
1506806114,22593748,4330.00,0.06425687,0
1506806113,22593747,4330.00,1.06554203,0
1506806113,22593746,4330.00,0.22280260,0
1506806113,22593745,4330.00,1.24927647,0
1506806113,22593744,4330.00,0.36908263,0
1506806112,22593743,4330.00,0.03989209,0
1506806112,22593742,4329.98,0.87150000,0
1506806109,22593737,4329.99,0.80567302,0
1506806108,22593734,4329.99,0.85703552,0
1506806107,22593733,4329.99,0.16682611,0
1506806103,22593729,4329.93,0.28554586,0
1506806102,22593725,4329.93,0.19185159,0
1506806102,22593724,4328.74,2.08355199,0
1506806102,22593723,4328.74,0.08578698,0
1506806101,22593721,4328.74,0.58624836,0
1506806101,22593719,4328.74,1.24441267,0
1506806090,22593679,4328.71,0.16226900,0
1506806082,22593665,4328.71,1.00000000,0
1506806079,22593664,4328.71,0.12850000,0
1506806079,22593663,4328.69,0.87150000,0
1506806077,22593662,4328.75,0.96140621,1
1506806076,22593661,4328.75,0.03859379,0
1506806042,22593658,4328.72,0.06030071,0
1506806042,22593657,4328.72,0.03572854,0
1506806011,22593646,4328.75,0.00265578,0
1506805992,22593640,4328.75,0.95875043,0
1506805928,22593631,4328.75,0.00265903,0
1506805877,22593615,4326.76,0.52042465,0
1506805866,22593608,4326.76,0.82396989,0
1506805864,22593604,4325.40,0.27119470,0
1506805820,22593558,4325.39,0.17113370,0
1506805736,22593546,4325.36,0.21542992,0
1506805735,22593545,4325.39,0.90400000,1
1506805735,22593544,4325.39,0.91300000,1
1506805735,22593543,4325.39,0.50000000,1
1506805734,22593542,4325.40,0.07868186,0
1506805696,22593504,4323.27,0.03000000,1
1506805694,22593503,4325.40,0.07746309,0
1506805683,22593501,4325.38,0.02121663,0
1506805612,22593484,4325.40,0.00266035,0
1506805509,22593455,4323.23,0.07983470,0
1506805499,22593452,4323.23,0.04500000,0
1506805450,22593442,4325.41,0.23285873,0
1506805440,22593440,4323.26,0.08518049,0
1506805434,22593439,4323.26,0.08338115,0
1506805411,22593425,4316.54,0.10932914,1
1506805393,22593414,4323.27,0.02000000,0
1506805388,22593413,4323.30,0.00905275,0
1506805366,22593396,4323.29,0.01064445,0
1506805340,22593377,4323.46,0.35408404,0
1506805321,22593365,4315.71,0.10000000,0
1506805309,22593364,4323.49,0.02263146,0
1506805272,22593351,4317.98,0.09306894,1
1506805272,22593350,4317.98,0.00693106,1
1506805264,22593342,4321.55,0.54242806,0
1506805229,22593336,4315.88,1.00000000,1
1506805227,22593335,4316.98,0.11098268,1
1506805223,22593332,4316.98,0.00692992,0
1506805221,22593331,4316.98,0.00693684,0
1506805216,22593328,4317.98,0.01973704,1
1506805213,22593324,4317.98,0.01026296,1
1506805203,22593322,4321.57,0.52911500,0
1506805201,22593321,4321.58,0.41551701,0
1506805147,22593313,4323.55,0.01145772,0
1506805129,22593310,4324.60,0.66355349,1
1506805101,22593305,4325.50,0.09926744,0
1506805098,22593302,4325.00,1.30000000,1
1506805096,22593301,4325.49,0.19415677,0
1506805093,22593300,4325.49,0.01994373,0
1506805089,22593299,4325.49,0.01137700,0
1506805075,22593290,4325.50,0.02577620,0
1506805043,22593281,4325.50,0.02000000,0
1506805032,22593279,4325.50,0.01137700,0
1506805023,22593277,4325.50,0.00750000,0
1506805004,22593273,4325.00,0.20000000,1
1506804995,22593251,4325.00,0.20000000,0
1506804989,22593249,4325.50,0.00265947,0
1506804960,22593243,4325.50,0.11136378,0
1506804937,22593238,4325.56,0.01198912,1
1506804934,22593237,4325.53,0.87333894,0
1506804907,22593233,4323.63,0.07977840,0
1506804898,22593232,4320.00,0.10000000,1
1506804893,22593231,4323.83,0.32169546,0
1506804882,22593229,4323.64,0.01400000,0
1506804877,22593223,4318.02,0.12516424,1
1506804876,22593221,4321.38,0.02110849,0
1506804874,22593218,4321.38,0.26521388,0
1506804871,22593216,4321.38,0.32519998,0
1506804861,22593210,4321.35,1.57447556,0
1506804859,22593198,4321.35,0.51871900,0
1506804843,22593185,4321.39,0.02000000,0
1506804836,22593184,4321.39,0.00348819,0
1506804824,22593183,4321.39,0.00265871,0
1506804820,22593182,4321.39,0.03166396,0
1506804811,22593181,4320.21,0.19097806,1
1506804808,22593180,4321.00,0.50000000,1
1506804790,22593177,4319.79,0.12285400,1
1506804789,22593175,4319.79,0.24714600,1
1506804789,22593174,4320.77,0.01430400,1
1506804789,22593173,4320.77,0.01569600,1
1506804726,22593168,4325.75,0.06030096,0
1506804719,22593167,4325.72,0.03298400,0
1506804719,22593166,4325.00,0.00660000,0
1506804712,22593164,4325.00,0.00340000,0
1506804704,22593163,4325.75,0.00265719,0
1506804664,22593158,4324.00,0.05123900,1
1506804664,22593157,4324.00,0.03375598,1
1506804663,22593156,4326.00,0.02500000,0
1506804653,22593154,4326.00,0.01166800,0
1506804653,22593153,4326.00,0.03016589,0
1506804642,22593142,4322.00,0.08500000,1
1506804641,22593140,4324.00,0.91500000,1
1506804628,22593137,4326.01,0.02400000,0
1506804612,22593132,4326.03,0.04521182,0
1506804605,22593131,4326.00,0.01321300,1
1506804583,22593128,4326.03,0.02925851,0
1506804576,22593127,4325.03,0.13800000,1
1506804511,22593122,4328.10,0.06026456,0
1506804485,22593120,4329.96,0.05285200,0
1506804466,22593115,4330.00,0.00342414,0
1506804456,22593114,4329.98,0.03331655,0
1506804422,22593111,4329.37,0.10598308,0
1506804322,22593100,4321.45,0.28273513,1
1506804322,22593099,4321.46,0.71726487,1
1506804285,22593058,4328.53,1.00000000,0
1506804281,22593057,4330.00,0.07962937,0
1506804278,22593056,4328.54,0.16621935,0
1506804278,22593055,4326.47,0.01029095,0
1506804266,22593053,4320.02,0.00185811,0
1506804259,22593050,4320.02,0.00216000,0
1506804251,22593031,4317.02,0.00272685,1
1506804248,22593026,4320.02,0.15751534,0
1506804245,22593022,4320.02,0.10621478,0
1506804245,22593021,4320.02,0.02124296,0
1506804236,22593013,4320.02,0.04258867,0
1506804236,22593012,4320.02,0.29942866,0
1506804230,22593009,4320.02,0.04403945,0
1506804229,22593007,4320.02,0.03855086,0
1506804227,22593003,4320.02,0.22439000,0
1506804225,22593000,4320.02,0.04814217,0
1506804223,22592995,4320.02,0.01386900,1
1506804222,22592993,4323.95,0.14516800,0
1506804220,22592985,4320.02,0.15902988,0
1506804219,22592981,4316.02,0.15650636,0
1506804219,22592979,4319.60,0.60798248,1
1506804218,22592977,4320.00,0.95000000,1
1506804218,22592975,4320.05,0.01013414,0
1506804217,22592974,4322.30,0.47390951,0
1506804215,22592972,4320.00,0.05000000,1
1506804210,22592967,4323.65,0.03000000,1
1506804210,22592966,4323.94,0.00706577,1
1506804206,22592963,4324.00,0.03710000,1
1506804206,22592962,4324.00,0.91500000,1
1506804201,22592959,4324.58,0.91500000,0
1506804200,22592958,4325.00,0.02763005,1
1506804200,22592956,4325.00,2.00000000,1
1506804199,22592955,4325.00,4.61041040,1
1506804199,22592954,4326.00,0.90500000,1
1506804199,22592953,4326.00,0.21285533,1
1506804195,22592952,4327.00,0.71712477,1
1506804194,22592951,4327.00,0.16417523,1
1506804194,22592950,4327.64,0.71712477,1
1506804193,22592949,4327.64,1.00000000,0
1506804188,22592948,4327.00,0.11870000,1
1506804187,22592947,4327.64,0.01906754,1
1506804184,22592946,4328.01,0.18081500,0
1506804184,22592945,4328.01,0.05300036,0
1506804175,22592939,4330.00,0.51457966,1
1506804169,22592938,4330.80,0.31826014,0
1506804154,22592929,4330.00,0.48542034,1
1506804153,22592928,4330.00,0.51457966,1
1506804151,22592927,4330.00,0.48542034,1
1506804151,22592926,4330.00,0.51457966,1
1506804148,22592925,4330.00,0.80933000,1
1506804148,22592924,4330.01,0.19067000,1
1506804142,22592922,4330.99,0.10232092,1
1506804133,22592919,4333.47,0.01288278,0
1506804130,22592918,4330.99,0.02907580,1
1506804121,22592914,4333.47,0.01590000,0
1506804107,22592902,4331.00,0.05000000,1
1506804061,22592889,4335.19,0.00800000,0
1506804031,22592887,4335.28,0.02045058,0
1506804003,22592883,4335.29,0.07915400,0
1506803998,22592881,4330.99,0.02118372,1
1506803987,22592878,4335.29,0.03767567,0
1506803963,22592871,4330.99,0.00160253,1
1506803959,22592869,4335.41,0.23586466,0
1506803943,22592862,4336.77,0.21390937,0
1506803936,22592858,4336.89,0.01060794,0
1506803917,22592851,4336.91,0.00899999,0
1506803886,22592845,4336.96,0.03960700,0
1506803884,22592844,4336.98,0.01451200,0
1506803878,22592840,4337.00,0.00265053,0
1506803870,22592836,4335.01,0.00200000,1
1506803861,22592835,4335.01,0.03054048,1
1506803842,22592830,4337.89,0.00583694,0
1506803830,22592829,4337.85,0.04280101,0
1506803828,22592828,4338.00,0.00395800,0
1506803823,22592824,4337.96,0.01846400,0
1506803777,22592810,4337.55,0.03008737,0
1506803764,22592804,4337.60,0.00451538,0
1506803763,22592803,4337.60,0.01000000,0
1506803703,22592793,4337.94,0.02433688,0
1506803687,22592789,4337.98,0.04500645,0
1506803644,22592780,4337.01,0.54049449,0
1506803643,22592779,4337.01,0.01848200,0
1506803606,22592753,4337.08,0.00300775,0
1506803576,22592730,4334.42,0.00796386,0
1506803571,22592729,4334.42,0.05313203,0
1506803550,22592713,4328.01,0.04891526,1
1506803544,22592710,4328.01,0.04891525,1
1506803540,22592705,4328.01,0.15000000,1
1506803530,22592686,4337.28,0.02108816,0
1506803509,22592668,4328.01,0.08286997,1
1506803509,22592666,4328.03,0.10585678,1
1506803508,22592664,4328.04,0.21432800,1
1506803508,22592663,4328.05,0.11147222,1
1506803498,22592650,4328.05,0.10285678,1
1506803494,22592649,4328.01,0.60066623,1
1506803493,22592648,4328.01,0.46116196,1
1506803491,22592647,4328.00,0.36550939,1
1506803487,22592646,4328.01,0.46116089,1
1506803484,22592644,4328.02,0.01670778,1
1506803484,22592643,4328.02,0.60066623,1
1506803481,22592640,4328.00,0.31512778,1
1506803480,22592639,4328.00,0.36921793,1
1506803478,22592634,4328.01,1.99882047,1
1506803476,22592633,4328.02,0.21419517,1
1506803476,22592632,4328.18,1.48818051,1
1506803475,22592627,4328.02,0.01904283,1
1506803472,22592617,4328.16,0.00067287,1
1506803466,22592605,4328.16,0.01904283,1
1506803465,22592602,4334.63,0.10585678,0
1506803461,22592587,4328.17,0.13547273,1
1506803460,22592584,4328.17,0.01904287,1
1506803454,22592565,4328.16,0.03650168,1
1506803452,22592563,4328.16,0.23790862,1
1506803450,22592551,4328.00,0.97037720,1
1506803450,22592549,4328.00,0.92284116,1
1506803450,22592547,4328.00,0.40175095,1
1506803450,22592546,4328.00,0.07798772,1
1506803450,22592545,4328.00,0.11935772,1
1506803450,22592543,4328.18,0.29412700,1
1506803449,22592541,4328.21,0.17277381,1
1506803448,22592529,4328.00,0.85004910,1
1506803448,22592527,4328.03,0.06466922,1
1506803448,22592525,4328.03,0.08962318,1
1506803448,22592524,4328.03,0.17290960,1
1506803442,22592515,4328.08,0.01095090,1
1506803441,22592513,4328.08,0.17298903,1
1506803424,22592442,4328.01,0.33639700,0
1506803422,22592440,4328.01,0.66360300,0
1506803421,22592438,4328.02,0.33640100,0
1506803420,22592437,4328.02,0.66359900,0
1506803417,22592436,4328.12,0.02650549,0
1506803414,22592434,4328.00,0.03059318,1
1506803414,22592433,4328.12,0.03033923,0
1506803413,22592432,4332.12,0.00397518,0
1506803407,22592430,4332.11,0.02650117,0
1506803407,22592429,4329.11,0.76557700,0
1506803405,22592428,4329.11,0.06826900,1
1506803403,22592427,4329.12,0.00500000,0
1506803399,22592422,4329.11,1.00000000,1
1506803397,22592421,4329.11,0.17856300,1
1506803397,22592420,4329.12,0.82143700,1
1506803388,22592419,4330.00,0.17108262,1
1506803386,22592418,4330.00,0.82891738,1
1506803386,22592417,4330.00,0.17108262,1
1506803378,22592412,4332.13,0.02651142,0
1506803377,22592411,4330.00,0.82891738,1
1506803377,22592410,4330.23,0.17108262,0
1506803374,22592409,4332.13,0.98148027,0
1506803373,22592407,4332.13,0.02873731,0
1506803372,22592406,4331.15,0.00642759,0
1506803371,22592405,4331.15,1.10357241,1
1506803367,22592404,4331.16,0.00002500,0
1506803366,22592403,4331.16,1.24686200,1
1506803366,22592402,4331.18,1.24684400,1
1506803366,22592400,4331.20,1.23648100,1
1506803366,22592399,4331.78,0.72318800,1
1506803366,22592398,4331.80,0.90400000,1
1506803354,22592395,4331.78,0.51329200,1
1506803353,22592394,4331.80,0.23670800,1
1506803352,22592393,4331.80,1.00000000,1
1506803312,22592380,4331.85,0.01107096,1
1506803306,22592378,4337.99,2.00000000,0
1506803298,22592376,4337.99,0.07958831,0
1506803283,22592373,4338.27,0.01452200,0
1506803278,22592372,4337.96,0.75118199,0
1506803263,22592368,4331.49,0.03000000,1
1506803239,22592362,4331.15,0.14326659,1
1506803230,22592361,4338.12,0.04041300,0
1506803224,22592360,4338.10,0.21384477,0
1506803223,22592358,4338.13,0.02115428,0
1506803222,22592356,4338.13,1.37880725,0
1506803218,22592353,4340.80,0.00601340,0
1506803214,22592352,4340.83,0.02173822,0
1506803201,22592348,4330.99,0.01300857,0
1506803197,22592345,4330.99,0.05003403,0
1506803190,22592341,4330.99,0.02120120,0
1506803179,22592338,4334.93,0.02650117,0
1506803178,22592337,4334.93,0.02405345,0
1506803177,22592336,4328.07,0.96494480,1
1506803176,22592335,4328.08,1.82021300,0
1506803176,22592334,4328.08,2.00021000,1
1506803176,22592333,4328.53,2.00022400,1
1506803174,22592332,4328.52,2.00017600,1
1506803174,22592331,4328.56,2.00021800,1
1506803172,22592330,4334.83,0.03975801,0
1506803169,22592329,4328.55,1.00000000,1
1506803168,22592328,4328.51,7.00000000,1
1506803167,22592327,4328.51,1.01700000,1
1506803167,22592326,4328.51,4.12882600,1
1506803167,22592325,4328.54,1.99967400,1
1506803167,22592324,4328.56,0.87150000,1
1506803163,22592323,4330.25,1.00000000,1
1506803155,22592317,4331.00,0.01403000,0
1506803154,22592316,4331.00,0.87150000,1
1506803152,22592315,4331.00,0.12850000,1
1506803151,22592314,4331.36,0.87150000,1
1506803150,22592313,4334.56,3.98300000,0
1506803149,22592311,4332.00,0.08700000,0
1506803149,22592310,4332.34,0.91300000,1
1506803147,22592309,4333.34,4.00000000,1
1506803145,22592307,4332.00,1.00000000,1
1506803143,22592306,4333.00,0.91600000,1
1506803143,22592305,4333.00,0.91900000,1
1506803143,22592304,4333.00,0.91800000,1
1506803142,22592303,4334.55,0.01000000,1
1506803140,22592302,4334.56,4.22000000,1
1506803138,22592301,4335.00,11.00000000,1
1506803137,22592300,4336.00,2.00000000,1
1506803137,22592299,4336.00,1.00000000,1
1506803051,22592262,4335.42,0.15002287,1
1506803051,22592261,4336.42,0.84997713,1
1506803048,22592260,4336.42,1.00000000,1
1506803046,22592258,4336.42,1.00000000,1
1506803046,22592257,4336.42,1.15002287,1
1506803045,22592255,4334.59,0.87150000,1
1506803042,22592252,4334.55,0.67200000,1
1506803042,22592251,4334.55,4.08800000,1
1506803042,22592250,4334.57,0.91200000,1
1506803037,22592248,4335.34,0.03000000,1
1506803032,22592247,4336.40,0.07300000,0
1506803030,22592244,4336.41,0.92700000,1
1506803023,22592243,4336.41,1.94531768,0
1506803021,22592242,4336.51,0.87150000,1
1506803001,22592233,4340.00,0.49751378,1
1506802999,22592232,4340.00,1.00000000,0
1506802999,22592230,4340.00,0.10541386,0
1506802999,22592229,4339.97,1.61401245,0
1506802996,22592228,4339.97,0.06864333,0
1506802988,22592223,4340.00,0.06581100,0
1506802984,22592220,4340.00,0.01333337,0
1506802983,22592219,4340.00,0.02232257,0
1506802983,22592218,4339.70,0.00399443,0
1506802974,22592217,4339.69,0.01333430,0
1506802955,22592209,4335.42,0.57334703,0
1506802954,22592208,4336.30,0.03000000,1
1506802954,22592207,4336.31,0.00474497,1
1506802952,22592206,4336.34,0.12484794,1
1506802938,22592202,4339.69,0.02385133,0
1506802936,22592201,4339.69,0.41150000,0
1506802923,22592200,4339.69,0.06581100,0
1506802922,22592199,4339.69,0.01365308,0
1506802908,22592170,4336.31,0.01427705,1
1506802907,22592169,4338.50,0.01901981,1
1506802884,22592164,4339.69,0.00163243,0
1506802878,22592163,4339.70,0.00600557,0
1506802839,22592157,4340.15,0.79311920,1
1506802804,22592146,4344.34,0.21353761,0
1506802801,22592142,4340.15,0.20688080,1
1506802797,22592141,4338.80,0.90000000,1
1506802795,22592140,4344.65,1.00000000,1
1506802789,22592136,4339.79,0.02836397,1
1506802786,22592133,4340.78,0.00164248,1
1506802784,22592127,4347.92,1.78756208,0
1506802784,22592125,4347.53,0.21243792,0
1506802784,22592124,4340.78,0.57190231,1
1506802781,22592123,4347.53,1.00000000,0
1506802779,22592122,4347.53,0.78756208,0
1506802779,22592121,4347.52,0.01243792,0
1506802778,22592120,4347.52,0.20000000,0
1506802777,22592118,4340.86,0.43071793,1
1506802776,22592117,4347.53,1.00000000,0
1506802775,22592116,4347.53,1.00000000,0
1506802771,22592107,4348.79,1.00000000,1
1506802769,22592105,4346.54,0.28770561,1
1506802768,22592103,4346.54,0.36323145,1
1506802767,22592100,4347.19,0.00024147,1
1506802766,22592099,4347.19,0.01219869,1
1506802727,22591971,4349.00,0.07871066,0
1506802727,22591970,4349.00,0.00805692,0
1506802727,22591969,4349.00,0.02627735,0
1506802727,22591968,4348.97,0.20000000,0
1506802726,22591967,4348.95,0.87150000,0
1506802726,22591966,4348.79,0.00183730,0
1506802726,22591965,4348.20,0.04710000,0
1506802726,22591964,4348.00,0.05200000,0
1506802726,22591963,4348.00,0.08800000,0
1506802725,22591962,4348.00,0.08000000,0
1506802725,22591961,4348.00,0.31000000,0
1506802725,22591960,4348.00,0.02680000,0
1506802725,22591959,4348.00,0.04600000,0
1506802725,22591958,4347.70,0.00190091,0
1506802724,22591957,4347.19,0.00655035,0
1506802723,22591954,4346.83,0.06181686,0
1506802721,22591951,4346.72,0.01909484,0
1506802721,22591950,4346.53,0.01909274,0
1506802721,22591949,4346.50,2.58539975,0
1506802720,22591946,4346.50,2.41460025,0
1506802719,22591945,4346.43,0.00693492,0
1506802719,22591944,4345.00,0.25000000,0
1506802719,22591943,4345.00,2.55157316,0
1506802719,22591942,4345.00,0.48013460,1
1506802717,22591941,4344.99,2.30060000,0
1506802712,22591940,4344.67,0.01721276,0
1506802693,22591933,4339.79,0.04760139,1
1506802668,22591914,4339.99,0.02298392,0
1506802663,22591911,4339.99,0.03000000,0
1506802656,22591910,4342.09,0.59000000,1
1506802655,22591909,4342.09,0.41000000,1
1506802654,22591907,4345.00,6.73929689,0
1506802654,22591906,4345.00,0.93500000,0
1506802654,22591905,4344.79,0.00186025,0
1506802653,22591903,4344.74,0.87150000,1
1506802653,22591902,4344.00,1.00000000,0
1506802653,22591901,4343.18,0.01911039,0
1506802652,22591900,4342.60,0.01911298,0
1506802652,22591899,4342.09,0.00693492,0
1506802650,22591895,4340.00,4.20061649,0
1506802649,22591894,4340.00,0.02827000,0
1506802647,22591893,4340.00,0.19000000,0
1506802572,22591839,4330.73,0.12443300,1
1506802570,22591838,4330.72,0.03010100,1
1506802569,22591837,4330.72,0.00834379,1
1506802568,22591833,4330.70,0.03341542,1
1506802558,22591827,4330.62,0.17033571,1
1506802547,22591824,4339.38,0.50000000,0
1506802518,22591815,4329.55,0.11127624,1
1506802498,22591812,4339.20,0.00928315,0
1506802496,22591809,4329.08,0.18000000,1
1506802478,22591801,4332.90,0.00795314,0
1506802454,22591798,4328.27,0.04219389,0
1506802438,22591795,4334.62,0.01036538,0
1506802422,22591794,4328.32,0.13547995,1
1506802396,22591791,4334.64,0.01873510,0
1506802385,22591785,4328.24,1.00000000,1
1506802384,22591782,4334.72,0.54078003,0
1506802383,22591780,4328.19,0.12850000,0
1506802382,22591779,4328.22,0.87150000,1
1506802380,22591778,4329.15,0.01170511,0
1506802377,22591776,4329.16,0.00164248,0
1506802377,22591775,4329.16,0.02500000,0
1506802372,22591774,4329.16,0.87150000,1
1506802357,22591771,4334.73,0.00164248,0
1506802353,22591768,4329.78,0.09356250,0
1506802350,22591767,4329.78,0.02253651,0
1506802349,22591766,4331.12,0.88390099,1
1506802346,22591765,4329.78,0.97000000,0
1506802346,22591764,4329.78,0.03000000,1
1506802344,22591761,4330.31,0.03000000,0
1506802325,22591758,4332.29,0.50000000,1
1506802325,22591757,4332.29,4.00000000,1
1506802323,22591756,4333.99,0.05000000,0
1506802311,22591753,4337.28,0.00101658,0
1506802311,22591752,4334.00,0.00163439,0
1506802303,22591749,4330.00,0.32431999,0
1506802303,22591748,4330.00,0.26268001,1
1506802303,22591747,4330.05,0.91300000,1
1506802293,22591746,4330.00,0.73731999,1
1506802293,22591745,4330.00,1.98228564,1
1506802293,22591744,4333.00,1.60033072,1
1506802293,22591743,4333.00,1.00000000,1
1506802290,22591742,4334.00,0.99836561,1
1506802265,22591738,4334.00,0.00163439,1
1506802251,22591730,4335.87,1.00500000,1
1506802249,22591729,4336.00,0.90500000,1
1506802236,22591725,4337.00,1.00000000,1
1506802234,22591724,4337.00,1.00000000,1
1506802225,22591720,4337.02,0.92600000,1
1506802213,22591717,4337.02,1.00000000,1
1506802205,22591690,4338.01,0.92500000,1
1506802204,22591689,4339.98,0.02421635,0
1506802199,22591686,4340.00,2.13965871,0
1506802190,22591685,4340.00,1.00000000,0
1506802184,22591678,4340.00,0.62002712,0
1506802184,22591676,4339.99,0.02399259,0
1506802184,22591674,4339.98,0.35598029,0
1506802177,22591671,4339.98,0.03024000,0
1506802175,22591668,4338.01,0.13496000,1
1506802173,22591666,4339.98,0.01658458,0
1506802173,22591665,4338.01,0.08035536,1
1506802152,22591659,4338.00,0.10345858,1
1506802128,22591653,4338.00,0.09832657,1
1506802127,22591646,4338.00,0.05018632,1
1506802116,22591637,4338.00,0.00360266,1
1506802107,22591636,4338.00,0.10094283,1
1506802097,22591632,4338.00,0.06848082,1
1506802087,22591628,4337.14,0.09602989,1
1506802087,22591627,4337.14,0.00663611,1
1506802078,22591621,4336.10,0.01561000,1
1506802074,22591618,4336.10,0.00164981,1
1506802070,22591616,4339.17,0.02324818,0
1506802063,22591611,4335.00,0.15013250,1
1506802060,22591608,4338.46,0.17673844,0
1506802045,22591604,4340.00,0.01902198,0
1506802045,22591603,4340.00,1.20240570,0
1506802045,22591602,4340.00,0.06372571,0
1506802045,22591601,4340.00,0.86447688,0
1506802045,22591600,4340.00,0.12226156,0
1506802043,22591599,4340.00,0.01326156,0
1506802043,22591598,4340.00,0.01000000,0
1506802043,22591597,4339.04,0.00187024,0
1506802041,22591596,4338.70,0.00184159,0
1506802038,22591595,4337.78,0.06290738,1
1506802034,22591592,4337.14,0.01198947,0
1506802018,22591578,4330.19,0.13438981,1
1506802016,22591577,4337.14,0.00714756,0
1506802015,22591576,4337.00,0.00000045,1
1506802014,22591575,4337.00,0.63681955,1
1506802012,22591574,4337.00,0.36318045,0
1506802010,22591573,4337.00,0.01902142,0
1506802008,22591572,4335.00,0.19751751,1
1506802008,22591571,4337.00,0.01848141,0
1506802007,22591570,4335.49,0.01914435,0
1506802007,22591569,4335.00,0.05000000,0
1506802007,22591568,4335.00,4.13300560,0
1506802006,22591567,4335.00,4.89456460,0
1506802006,22591566,4334.38,0.02771190,1
1506802005,22591565,4335.00,0.01904392,0
1506802004,22591564,4335.00,0.35338588,0
1506802004,22591563,4335.00,0.10713560,0
1506802002,22591561,4334.38,1.43947852,0
1506801999,22591560,4334.38,1.00000000,0
1506801998,22591559,4334.38,1.00000000,0
1506801998,22591557,4334.38,5.00000000,0
1506801987,22591555,4334.38,0.10000000,0
1506801985,22591554,4334.38,0.10000000,0
1506801984,22591553,4334.00,1.00000000,0
1506801982,22591551,4330.13,0.90063959,1
1506801982,22591550,4330.13,0.09936041,1
1506801981,22591549,4330.38,1.00000000,0
1506801980,22591546,4330.00,0.82763959,0
1506801979,22591545,4330.00,1.00000000,0
1506801978,22591544,4330.13,0.02736041,1
1506801968,22591535,4334.38,7.90000000,0
1506801967,22591534,4334.00,1.85188090,0
1506801967,22591533,4334.00,0.70575919,0
1506801966,22591532,4334.00,0.10000000,0
1506801964,22591530,4334.00,0.02117443,0
1506801963,22591528,4334.00,0.06601200,0
1506801959,22591527,4334.00,0.10705438,0
1506801949,22591525,4330.13,0.48154922,0
1506801947,22591524,4330.13,0.03028531,0
1506801898,22591516,4327.22,0.06025298,0
1506801878,22591514,4328.72,0.02040000,0
1506801863,22591512,4328.74,0.25000000,0
1506801854,22591506,4326.34,0.03631407,1
1506801854,22591505,4326.76,0.01659539,1
1506801854,22591504,4326.76,0.01659539,1
1506801844,22591502,4328.76,0.01170618,0
1506801812,22591495,4330.15,0.02730000,0
1506801811,22591494,4330.16,0.02000000,0
1506801805,22591492,4330.16,0.00164981,0
1506801800,22591487,4328.76,4.00000000,1
1506801795,22591483,4328.97,0.90900000,1
1506801794,22591482,4328.97,0.92700000,1
1506801792,22591481,4328.97,4.00000000,1
1506801785,22591478,4329.59,0.90800000,1
1506801785,22591477,4329.59,0.92700000,1
1506801773,22591475,4331.59,0.07086918,1
1506801757,22591474,4331.59,0.77617854,1
1506801755,22591473,4331.20,0.14114972,0
1506801735,22591469,4330.36,0.10653714,1
1506801735,22591468,4334.36,0.03215186,1
1506801734,22591467,4334.36,0.03619634,1
1506801727,22591466,4334.38,4.56936171,0
1506801724,22591465,4334.36,0.03576180,1
1506801723,22591462,4334.38,0.09042600,0
1506801721,22591457,4334.38,0.15411000,0
1506801720,22591454,4334.36,0.05000000,1
1506801720,22591453,4331.20,0.00165790,1
1506801718,22591450,4334.38,0.77207259,0
1506801718,22591449,4334.35,0.07381741,0
1506801714,22591447,4334.38,0.28750200,0
1506801714,22591446,4334.36,0.22930722,0
1506801708,22591444,4331.33,0.06879267,1
1506801706,22591443,4334.38,0.22930845,0
1506801704,22591441,4334.36,0.05000000,0
1506801704,22591440,4334.36,0.87150000,0
1506801699,22591439,4331.33,0.01966394,1
1506801697,22591438,4331.33,0.07381741,1
1506801696,22591437,4333.98,0.06554647,1
1506801695,22591436,4333.98,0.15211323,1
1506801695,22591435,4333.98,0.24688655,1
1506801691,22591434,4333.98,0.20350020,1
1506801685,22591430,4333.98,0.33195355,0
1506801682,22591429,4334.38,3.13275735,0
1506801682,22591428,4334.38,0.54049695,1
1506801681,22591427,4334.00,1.03248805,0
1506801681,22591426,4333.98,0.87150000,1
1506801680,22591423,4331.82,2.85945476,0
1506801679,22591422,4331.82,0.12850000,0
1506801678,22591421,4331.80,0.87150000,0
1506801673,22591415,4331.73,0.00694688,0
1506801668,22591412,4330.03,0.19944897,1
1506801667,22591411,4330.03,0.11430637,0
1506801663,22591408,4329.99,0.07876332,1
1506801661,22591407,4329.99,0.07300000,0
1506801658,22591401,4329.99,1.00000000,0
1506801656,22591398,4329.99,1.00000000,0
1506801656,22591396,4330.00,0.92700000,1
1506801651,22591380,4330.00,0.30000000,0
1506801651,22591378,4330.00,0.00309664,0
1506801651,22591376,4330.00,0.14328311,0
1506801648,22591369,4330.00,1.00000000,0
1506801647,22591362,4330.00,0.46659539,0
1506801646,22591358,4330.00,0.46659539,0
1506801645,22591356,4330.00,1.00000000,0
1506801644,22591354,4330.00,0.01659539,0
1506801643,22591353,4330.00,1.00000000,0
1506801640,22591352,4330.00,1.00000000,0
1506801635,22591350,4326.75,1.00000000,0
1506801632,22591349,4326.75,1.00000000,0
1506801630,22591348,4326.75,1.00000000,0
1506801628,22591347,4326.75,1.00000000,0
1506801625,22591346,4330.00,2.30693072,0
1506801624,22591345,4330.00,1.00000000,0
1506801622,22591343,4330.00,1.00000000,0
1506801618,22591339,4327.42,0.19691873,1
1506801618,22591338,4327.42,4.00000000,1
1506801616,22591334,4328.76,0.03955347,1
1506801614,22591332,4325.00,0.84142309,0
1506801613,22591331,4324.77,0.06409127,1
1506801610,22591330,4325.00,0.46138600,0
1506801610,22591329,4325.00,9.40000000,0
1506801610,22591328,4324.98,0.05311400,0
1506801610,22591327,4324.79,0.84150000,0
1506801610,22591326,4324.79,0.01000000,0
1506801609,22591325,4324.79,0.02000000,0
1506801608,22591323,4324.79,1.74300000,0
1506801606,22591322,4324.77,1.00000000,0
1506801606,22591321,4320.00,1.51945086,0
1506801605,22591320,4319.93,0.03954426,0
1506801605,22591319,4318.41,4.00000000,0
1506801605,22591318,4318.07,2.29407449,0
1506801590,22591316,4318.07,0.01652551,0
1506801583,22591312,4318.08,0.00300000,0
1506801568,22591310,4311.73,0.04027910,1
1506801537,22591303,4317.64,0.07016757,0
1506801526,22591301,4317.64,0.01038838,0
1506801499,22591260,4311.70,0.01685006,0
1506801487,22591257,4310.13,2.00000000,1
1506801456,22591250,4311.70,0.02821017,0
1506801450,22591245,4311.70,0.00312754,0
1506801420,22591238,4311.70,0.05972989,0
1506801387,22591228,4311.70,0.01494269,0
1506801372,22591224,4311.70,0.37724100,0
1506801350,22591221,4308.19,0.86263191,1
1506801350,22591220,4308.22,0.95184791,1
1506801348,22591219,4311.69,0.00319741,0
1506801347,22591218,4311.69,0.71400000,0
1506801267,22591207,4311.69,0.00293475,0
1506801259,22591206,4311.69,0.27889927,0
1506801235,22591202,4311.69,0.06963395,0
1506801230,22591201,4311.70,0.00871758,0
1506801229,22591200,4311.70,0.46292645,0
1506801227,22591198,4311.69,0.03028531,0
1506801205,22591195,4311.69,0.04460884,0
1506801176,22591186,4311.68,0.06057062,0
1506801174,22591185,4307.01,0.18100000,1
1506801153,22591182,4307.00,0.05568340,1
1506801134,22591175,4306.78,0.67530554,0
1506801132,22591174,4306.17,0.09500000,1
1506801123,22591170,4306.78,0.10654131,0
1506801097,22591151,4306.78,0.00600000,0
1506801070,22591149,4306.78,0.03000000,0
1506801065,22591148,4306.78,0.01041360,0
1506801037,22591145,4306.78,0.09989400,0
1506801031,22591142,4306.78,0.09110286,0
1506801023,22591137,4306.78,0.01690000,0
1506801011,22591134,4311.73,0.07691576,0
1506800974,22591123,4306.78,0.03843117,1
1506800945,22591108,4311.76,0.10641826,0
1506800945,22591107,4311.76,0.05320797,0
1506800943,22591105,4311.76,0.00397400,0
1506800943,22591102,4309.46,0.01396060,1
1506800942,22591101,4311.46,4.00000000,1
1506800918,22591099,4307.26,1.83469189,0
1506800917,22591098,4307.63,0.92400000,1
1506800917,22591097,4307.64,0.92300000,1
1506800917,22591096,4307.64,0.92400000,1
1506800917,22591095,4307.95,3.00911051,1
1506800917,22591094,4307.97,1.74300000,1
1506800917,22591093,4308.25,0.03000000,1
1506800917,22591092,4308.61,0.92400000,1
1506800916,22591091,4308.63,0.92300000,1
1506800916,22591090,4308.96,0.65428738,1
1506800916,22591089,4308.97,0.00931022,1
1506800916,22591088,4310.63,0.91900000,1
1506800916,22591087,4311.64,2.31110000,1
1506800916,22591086,4311.66,0.87150000,1
1506800896,22591084,4319.06,0.85021046,0
1506800823,22591037,4319.92,0.00611017,0
1506800802,22591031,4319.93,0.06045574,0
1506800798,22591030,4319.94,0.01332454,0
1506800765,22591023,4319.96,0.13202993,0
1506800764,22591022,4315.47,0.08279654,0
1506800723,22591016,4318.45,0.04633593,0
1506800722,22591014,4312.82,0.04706270,1
1506800722,22591013,4315.46,0.01000000,1
1506800717,22591011,4318.45,0.00666250,0
1506800704,22591008,4318.45,0.21481550,0
1506800679,22591001,4318.46,0.00266756,0
1506800645,22590997,4318.49,0.02648000,0
1506800644,22590996,4318.49,0.10625242,0
1506800639,22590993,4318.48,0.53184917,0
1506800638,22590992,4318.48,0.04969446,0
1506800616,22590989,4320.00,0.32587503,0
1506800616,22590988,4319.99,0.67412497,0
1506800610,22590987,4318.50,1.00000000,0
1506800609,22590986,4316.01,0.92900000,1
1506800609,22590985,4316.44,0.91700000,1
1506800609,22590984,4317.44,0.92300000,1
1506800607,22590983,4318.44,0.12850000,0
1506800604,22590982,4318.44,0.87150000,0
1506800593,22590980,4316.00,1.00000000,0
1506800586,22590973,4316.00,0.00263033,0
1506800534,22590964,4313.59,0.01683666,1
1506800533,22590963,4313.74,0.46822996,0
1506800522,22590954,4313.59,0.01934600,0
1506800519,22590953,4313.59,0.06396261,0
1506800513,22590952,4313.63,0.01743504,0
1506800507,22590950,4313.63,0.00860723,0
1506800463,22590944,4311.53,0.21516260,0
1506800457,22590940,4310.00,0.98148027,1
1506800457,22590939,4310.02,0.87150000,1
1506800444,22590934,4312.70,0.00693492,1
1506800444,22590933,4312.70,0.00693492,1
1506800444,22590932,4312.71,0.92700000,1
1506800407,22590925,4312.70,0.60000000,1
1506800389,22590923,4318.53,0.01841136,0
1506800375,22590918,4318.54,0.02741782,0
1506800345,22590903,4318.55,0.02125018,0
1506800344,22590901,4318.55,0.05312431,0
1506800324,22590892,4313.35,0.01811000,1
1506800290,22590887,4317.04,1.31390000,1
1506800289,22590886,4317.04,0.99680000,1
1506800289,22590885,4317.51,0.00320000,1
1506800289,22590883,4317.54,4.00000000,1
1506800288,22590882,4318.55,0.00566710,0
1506800288,22590881,4318.00,0.00000065,0
1506800287,22590880,4318.00,4.00732932,1
1506800287,22590879,4318.04,0.92500000,1
1506800286,22590878,4318.04,1.11042203,1
1506800246,22590865,4319.99,0.00500000,0
1506800242,22590861,4318.03,0.16408409,1
1506800239,22590858,4318.03,0.05312455,1
1506800227,22590857,4320.00,0.00266500,0
1506800223,22590856,4320.00,0.02648900,0
1506800187,22590850,4320.00,0.02346215,0
1506800165,22590848,4320.00,0.05310648,0
1506800164,22590846,4320.00,0.02124074,0
1506800163,22590844,4318.02,0.01875621,1
1506800158,22590841,4318.01,0.87915717,1
1506800155,22590840,4320.00,0.02054542,0
1506800141,22590836,4320.00,0.06121172,0
1506800140,22590835,4320.00,0.02211609,0
1506800140,22590834,4319.99,0.00463492,0
1506800106,22590804,4319.98,0.05310672,0
1506800104,22590803,4318.53,6.44687545,0
1506800103,22590801,4318.53,0.05312455,0
1506800097,22590799,4319.97,0.13314629,0
1506800096,22590797,4319.97,0.06044346,0
1506800056,22590793,4319.99,0.03022184,0
1506800050,22590792,4319.99,0.01154400,0
1506800043,22590790,4319.99,0.00397400,0
1506800029,22590782,4319.98,0.01041463,0
1506800026,22590780,4319.98,0.01306700,0
1506800024,22590778,4319.98,0.01041463,0
1506800018,22590776,4319.98,0.01041463,0
1506800014,22590775,4320.00,2.30000000,0
1506800003,22590769,4315.00,3.58808796,0
1506800001,22590768,4315.02,0.92400000,1
1506800001,22590767,4319.99,0.01189285,0
1506799999,22590766,4320.00,0.02863484,0
1506799994,22590759,4319.99,0.01041461,0
1506799994,22590758,4319.99,0.01046155,0
1506799981,22590747,4319.99,0.01046155,0
1506799981,22590746,4319.99,0.01041461,0
1506799946,22590736,4319.99,0.00290789,0
1506799940,22590733,4319.99,0.01339923,0
1506799940,22590732,4319.99,0.08654124,0
1506799940,22590731,4319.99,0.01041512,0
1506799928,22590727,4315.01,0.07913048,1
1506799905,22590719,4319.98,0.07019477,0
1506799898,22590715,4319.98,0.01755000,0
1506799896,22590714,4319.99,1.30898494,0
1506799878,22590702,4318.67,0.20217039,0
1506799876,22590699,4318.67,1.17797377,0
1506799873,22590680,4318.67,0.02270597,0
1506799872,22590679,4318.67,0.14991317,0
1506799860,22590669,4319.97,0.14987440,0
1506799828,22590644,4313.93,0.00267017,0
1506799818,22590632,4320.00,4.60751157,0
1506799817,22590629,4320.00,0.31197228,0
1506799817,22590628,4320.00,0.07571882,0
1506799816,22590627,4313.15,0.37700000,1
1506799816,22590626,4314.14,0.92300000,1
1506799813,22590625,4319.92,0.51109034,0
1506799813,22590624,4319.92,0.44814344,0
1506799813,22590623,4319.92,0.06375324,0
1506799811,22590621,4319.92,0.30198274,0
1506799811,22590620,4319.92,0.05762058,0
1506799809,22590619,4319.95,0.06107883,0
1506799806,22590617,4314.14,0.10635955,0
1506799805,22590612,4314.14,1.09828378,0
1506799804,22590610,4309.62,2.31230765,0
1506799802,22590607,4309.62,2.17333939,0
1506799802,22590606,4309.61,2.82666061,0
1506799800,22590600,4309.61,1.17333939,0
1506799800,22590599,4308.96,3.82666061,0
1506799798,22590594,4308.96,0.06055039,0
1506799796,22590584,4308.96,0.11278900,0
1506799783,22590578,4309.62,0.02867000,0
1506799776,22590574,4307.55,0.49000000,1
1506799757,22590571,4308.97,3.38847764,0
1506799750,22590569,4307.55,0.00500000,1
1506799750,22590568,4307.55,0.04500000,1
1506799739,22590564,4308.97,0.00667428,0
1506799718,22590557,4307.55,0.01512212,0
1506799699,22590554,4306.71,0.00108409,0
1506799697,22590552,4306.71,0.49709989,0
1506799683,22590544,4306.71,0.00796700,0
1506799682,22590542,4306.71,0.00694688,1
1506799679,22590540,4309.61,0.15406000,0
1506799635,22590531,4309.62,0.01558801,0
1506799587,22590520,4309.62,0.01849153,0
1506799557,22590509,4306.71,1.04851884,1
1506799557,22590508,4307.58,0.20286000,1
1506799549,22590507,4309.62,0.01461869,0
1506799503,22590502,4309.52,0.04080394,0
1506799486,22590497,4309.61,0.20000000,0
1506799467,22590492,4308.83,0.30257000,1
1506799467,22590491,4308.83,0.03000000,1
1506799452,22590489,4309.62,0.87150000,0
1506799451,22590488,4309.94,0.71200404,1
1506799451,22590487,4309.95,0.69605175,1
1506799416,22590464,4313.93,0.00286000,0
1506799413,22590463,4313.93,0.22468726,0
1506799274,22590441,4316.36,0.00185936,0
1506799273,22590440,4316.36,0.17434929,0
1506799187,22590415,4314.18,0.00302037,0
1506799173,22590412,4310.51,0.01700000,1
1506799164,22590408,4316.50,0.09271559,0
1506799159,22590404,4310.45,0.13612922,1
1506798997,22590376,4314.00,0.00266475,0
1506798969,22590374,4313.98,0.00604426,0
1506798963,22590373,4313.98,0.00530800,0
1506798924,22590369,4313.48,0.00970000,0
1506798916,22590367,4313.48,0.02682900,0
1506798897,22590363,4309.97,0.03413357,1
1506798897,22590362,4310.00,0.00309664,1
1506798885,22590360,4312.54,0.06987196,0
1506798882,22590359,4312.54,0.00335301,0
1506798872,22590358,4317.99,0.96669060,0
1506798867,22590357,4316.34,0.07979251,0
1506798867,22590356,4312.00,0.00013901,0
1506798850,22590352,4311.99,0.33565545,0
1506798850,22590351,4311.00,0.02500000,0
1506798845,22590348,4311.99,0.00741806,0
1506798843,22590347,4311.99,0.00452000,0
1506798819,22590337,4312.00,0.09986099,0
1506798760,22590327,4312.27,0.03000000,1
1506798760,22590326,4312.71,0.25810602,1
1506798755,22590322,4314.00,0.02310000,1
1506798752,22590321,4314.84,0.12363043,1
1506798746,22590320,4316.53,3.19604502,1
1506798746,22590319,4316.65,0.92200000,1
1506798746,22590318,4316.67,0.87150000,1
1506798723,22590290,4320.81,0.22209155,0
1506798709,22590286,4319.20,0.03737130,0
1506798704,22590282,4318.43,0.04520000,0
1506798693,22590278,4318.43,0.19982200,0
1506798688,22590273,4318.43,1.00000000,0
1506798668,22590264,4319.23,1.36416263,0
1506798617,22590254,4315.56,0.10252738,0
1506798613,22590253,4314.99,0.21409696,1
1506798594,22590252,4316.25,1.03234796,1
1506798589,22590251,4316.27,0.03323329,0
1506798586,22590246,4323.94,0.02665329,0
1506798578,22590245,4315.56,0.12000009,1
1506798548,22590239,4315.74,0.01370601,1
1506798503,22590235,4314.94,0.10158573,0
1506798500,22590232,4314.94,0.03246238,0
1506798498,22590231,4314.94,0.00165790,0
1506798492,22590227,4315.22,0.23483000,0
1506798490,22590226,4319.20,0.02117000,1
1506798484,22590225,4321.03,0.10618971,0
1506798478,22590221,4319.11,0.04814037,0
1506798478,22590220,4319.00,0.00876057,0
1506798473,22590219,4319.00,0.01720631,0
1506798432,22590211,4319.11,0.52882292,0
1506798426,22590210,4319.11,0.30559077,0
1506798425,22590209,4319.11,1.07768880,0
1506798420,22590205,4318.05,0.46203865,0
1506798419,22590203,4318.05,0.11833573,0
1506798417,22590200,4318.05,0.41962562,1
1506798410,22590196,4317.00,2.30820000,0
1506798410,22590195,4317.00,1.00000000,1
1506798410,22590194,4318.00,1.00000000,1
1506798410,22590193,4318.05,2.30660000,1
1506798407,22590192,4318.94,0.29000000,1
1506798406,22590191,4319.03,0.91900000,1
1506798406,22590190,4319.03,0.92300000,1
1506798406,22590189,4320.00,1.29358071,1
1506798406,22590188,4320.03,0.92200000,1
1506798406,22590187,4320.03,4.00000000,1
1506798376,22590185,4324.00,1.00000000,0
1506798370,22590184,4324.00,0.04042800,0
1506798343,22590183,4324.00,1.00000000,0
1506798337,22590182,4324.00,0.50000000,0
1506798305,22590180,4324.99,1.00000000,0
1506798303,22590178,4324.98,0.01500000,0
1506798302,22590177,4324.98,1.00000000,0
1506798300,22590176,4324.99,1.00000000,0
1506798299,22590175,4318.94,0.01000000,1
1506798297,22590174,4324.99,1.00000000,0
1506798266,22590173,4320.85,0.80368685,1
1506798257,22590171,4325.00,0.00678255,0
1506798256,22590170,4326.84,0.91300000,1
1506798245,22590169,4328.00,0.05300831,0
1506798237,22590166,4326.84,3.14595487,1
1506798233,22590162,4327.00,0.92100000,1
1506798233,22590161,4327.83,0.03000000,1
1506798232,22590160,4328.00,0.92000000,1
1506798232,22590159,4328.00,1.04113208,1
1506798223,22590154,4328.00,0.15524999,1
1506798220,22590151,4328.00,0.00191611,1
1506798203,22590131,4328.00,0.06777060,1
1506798194,22590130,4328.28,0.00691268,0
1506798180,22590128,4330.00,0.02809091,0
1506798167,22590123,4328.28,1.80480585,1
1506798153,22590122,4330.00,0.02399259,1
1506798153,22590121,4330.01,0.68012920,1
1506798137,22590113,4333.64,2.56650601,0
1506798137,22590112,4332.98,0.28590304,0
1506798137,22590111,4330.01,0.14759095,0
1506798125,22590110,4330.00,0.10607069,1
1506798125,22590109,4330.00,0.35830908,1
1506798124,22590108,4332.98,0.21409696,0
1506798123,22590104,4332.99,0.10589685,0
1506798122,22590101,4332.99,0.08038262,0
1506798113,22590085,4330.01,0.06144400,1
1506798113,22590084,4330.01,0.06145058,1
1506798103,22590077,4330.00,0.14660276,1
1506798090,22590072,4330.00,0.06545461,1
1506798074,22590069,4332.97,0.20000000,0
1506798068,22590068,4330.01,0.06199093,1
1506798066,22590067,4330.01,0.43136931,1
1506798063,22590063,4330.00,0.03496998,1
1506798048,22590029,4330.00,1.09339873,1
1506798046,22590026,4333.00,0.14600452,0
1506798041,22590024,4333.64,0.00138438,0
1506798011,22590010,4334.10,0.22379168,0
1506797999,22590006,4334.38,0.04020361,0
1506797991,22590004,4334.38,0.02806252,0
1506797981,22589998,4334.34,1.00000000,0
1506797972,22589990,4325.00,0.14556143,0
1506797966,22589988,4320.00,0.74123336,0
1506797960,22589987,4319.02,0.49749707,0
1506797943,22589982,4319.02,0.00500000,0
1506797940,22589980,4319.02,0.00500000,0
1506797938,22589979,4320.00,0.00500000,0
1506797935,22589978,4320.00,0.00500000,0
1506797934,22589976,4320.00,0.23376664,0
1506797933,22589973,4320.00,0.00500000,0
1506797931,22589972,4320.00,0.00500000,0
1506797929,22589969,4320.00,0.00500000,0
1506797893,22589966,4317.79,1.00000000,0
1506797890,22589965,4317.79,1.00000000,0
1506797887,22589963,4317.75,0.03500666,0
1506797886,22589959,4317.75,0.20984773,1
1506797883,22589955,4317.75,0.00471197,0
1506797857,22589929,4315.00,0.26426443,0
1506797833,22589908,4314.99,0.00506273,0
1506797831,22589907,4314.99,0.01000000,0
1506797824,22589906,4314.99,0.02126772,0
1506797823,22589904,4314.99,0.02818858,0
1506797814,22589901,4314.84,0.00136957,1
1506797793,22589894,4314.99,0.00843794,0
1506797763,22589886,4314.84,0.21501840,0
1506797747,22589881,4314.84,1.25692726,0
1506797734,22589876,4312.71,0.01165490,1
1506797725,22589855,4309.94,0.28019415,0
1506797725,22589853,4309.94,0.07431715,0
1506797695,22589838,4310.23,0.69345255,0
1506797693,22589837,4309.95,0.19645392,0
1506797674,22589828,4305.20,0.79382252,0
1506797672,22589827,4305.20,5.00000000,0
1506797650,22589824,4309.94,0.03978600,0
1506797643,22589823,4309.94,0.02939780,0
1506797623,22589818,4305.24,0.10000000,1
1506797596,22589813,4310.03,0.00753924,0
1506797582,22589805,4305.06,0.44176422,0
1506797581,22589804,4303.62,0.07011000,1
1506797574,22589781,4305.06,0.10464766,0
1506797570,22589752,4307.67,0.38578377,0
1506797567,22589744,4307.67,0.07429964,0
1506797559,22589729,4307.67,0.38603920,0
1506797557,22589728,4307.67,0.38569956,0
1506797552,22589723,4305.07,0.02200100,0
1506797551,22589718,4305.07,0.14034150,0
1506797548,22589702,4305.07,0.10572382,0
1506797547,22589691,4305.07,0.28049718,0
1506797546,22589676,4305.07,0.10000000,0
1506797545,22589666,4304.45,0.00025604,1
1506797543,22589654,4306.45,0.92200000,1
1506797542,22589649,4307.67,2.31510000,0
1506797542,22589644,4308.45,0.92000000,1
1506797541,22589638,4310.15,0.02096617,0
1506797541,22589636,4304.44,0.00170000,0
1506797539,22589635,4306.19,0.03111008,1
1506797539,22589634,4306.44,0.92400000,1
1506797538,22589633,4306.45,2.31170000,1
1506797538,22589632,4308.44,0.92300000,1
1506797538,22589631,4308.45,0.92300000,1
1506797534,22589630,4310.00,2.00000000,1
1506797534,22589629,4312.28,4.00000000,1
1506797533,22589628,4312.38,0.21329199,1
1506797533,22589627,4312.44,1.71329199,1
1506797530,22589625,4312.44,1.71329199,1
1506797530,22589624,4312.44,1.43055798,1
1506797530,22589623,4312.45,1.08470610,1
1506797529,22589622,4313.00,0.92500000,1
1506797529,22589621,4314.00,0.25041050,1
1506797522,22589619,4314.00,0.01958950,1
1506797512,22589617,4312.45,0.06000000,0
1506797472,22589613,4314.00,0.33809280,0
1506797462,22589611,4314.00,0.26535300,0
1506797452,22589606,4314.91,0.00707010,0
1506797452,22589605,4314.01,0.00092661,0
1506797436,22589604,4314.01,0.00907339,0
1506797402,22589596,4312.67,0.20794451,1
1506797343,22589566,4315.57,0.01324600,0
1506797342,22589565,4315.57,0.46801430,0
1506797336,22589563,4315.58,0.00291860,0
1506797294,22589550,4317.75,0.02523154,0
1506797292,22589549,4317.75,0.06808427,0
1506797292,22589548,4315.48,0.11288398,1
1506797291,22589547,4315.48,4.60040801,1
1506797291,22589546,4315.48,2.39959199,1
1506797288,22589545,4315.47,2.31370000,0
1506797287,22589544,4312.44,0.28273401,1
1506797287,22589543,4312.46,3.71329199,1
1506797287,22589542,4313.10,0.00397400,1
1506797285,22589541,4315.49,0.02126526,0
1506797285,22589540,4315.49,0.10632628,0
1506797269,22589535,4312.38,0.07715303,0
1506797262,22589533,4309.98,0.01568293,0
1506797250,22589530,4312.40,0.15422148,0
1506797243,22589525,4307.68,0.00984000,1
1506797225,22589522,4312.47,1.09870909,1
1506797214,22589520,4312.47,0.26515535,0
1506797204,22589514,4310.55,0.30477903,0
1506797204,22589513,4310.00,0.00000574,0
1506797203,22589509,4310.00,0.06629600,0
1506797199,22589500,4310.00,0.38595760,0
1506797199,22589499,4309.94,0.00005117,0
1506797196,22589497,4309.94,0.14300311,1
1506797196,22589496,4310.16,2.18397700,1
1506797196,22589495,4310.17,2.08796872,1
1506797185,22589491,4310.17,0.09600628,1
1506797180,22589489,4312.78,0.09824500,0
1506797170,22589483,4311.16,0.38600876,0
1506797152,22589477,4315.50,4.00000000,0
1506797151,22589476,4314.01,0.10000000,1
1506797147,22589472,4315.23,0.86034199,1
1506797147,22589471,4317.82,0.06365801,1
1506797144,22589469,4317.81,0.01404686,0
1506797144,22589468,4316.79,0.04961115,0
1506797144,22589467,4316.22,3.70000000,1
1506797107,22589462,4315.93,0.30000000,0
1506797104,22589461,4316.79,0.02125885,0
1506797097,22589459,4315.93,0.02880672,1
1506797073,22589454,4315.93,0.28000000,1
1506797067,22589453,4320.22,0.00531897,0
1506797052,22589452,4320.20,0.46278313,0
1506797051,22589451,4315.93,1.00000000,1
1506797047,22589450,4315.93,1.71365605,1
1506797046,22589449,4315.93,1.00000000,1
1506797040,22589446,4312.95,0.10000000,1
1506797040,22589445,4314.99,0.10000000,1
1506797039,22589444,4312.99,0.20650000,1
1506797039,22589443,4312.99,0.92200000,1
1506797039,22589442,4314.01,0.87150000,0
1506797038,22589441,4314.99,0.20137289,1
1506797035,22589438,4314.99,0.71962711,1
1506797034,22589437,4314.99,0.30000000,1
1506797033,22589436,4314.99,0.30000000,1
1506797033,22589435,4314.99,0.30000000,1
1506797031,22589430,4316.81,0.92200000,1
1506797028,22589426,4317.81,0.02494000,1
1506797026,22589423,4317.81,1.00000000,1
1506797017,22589418,4320.32,0.00557162,0
1506797016,22589417,4320.32,0.51525562,0
1506797013,22589413,4318.42,0.57143783,1
1506797010,22589412,4320.44,0.69290612,1
1506797008,22589411,4320.44,0.02368612,1
1506797008,22589410,4320.44,0.20640776,1
1506797008,22589409,4320.44,4.79359224,1
1506796999,22589408,4320.44,0.97000000,1
1506796986,22589407,4319.97,0.23640776,0
1506796948,22589393,4324.95,0.14134000,0
1506796947,22589392,4320.00,2.46002787,0
1506796945,22589391,4320.00,0.52089411,0
1506796943,22589387,4320.00,0.01907802,0
1506796941,22589386,4322.04,0.14032263,0
1506796932,22589385,4322.04,0.01522826,0
1506796929,22589383,4322.04,0.41588694,0
1506796924,22589382,4322.94,0.52089411,1
1506796923,22589381,4322.94,0.02135954,0
1506796914,22589377,4323.00,0.10800000,1
1506796904,22589376,4323.00,1.00000000,1
1506796903,22589375,4321.66,0.89200000,0
1506796903,22589374,4321.66,0.00800000,0
1506796902,22589373,4321.66,0.10000000,1
1506796890,22589369,4322.95,0.85301065,1
1506796885,22589368,4322.95,0.01000000,1
1506796873,22589363,4325.90,0.00265974,0
1506796837,22589357,4326.00,0.00265928,0
1506796832,22589356,4322.95,0.01113714,1
1506796818,22589351,4325.29,0.12992593,1
1506796814,22589350,4326.90,0.03877024,0
1506796814,22589349,4326.90,0.05055186,0
1506796811,22589348,4326.87,0.01000000,0
1506796808,22589347,4322.95,0.00535000,1
1506796807,22589346,4322.95,0.00533000,1
1506796805,22589345,4326.90,0.02120917,0
1506796801,22589341,4323.94,2.30210000,1
1506796800,22589339,4324.00,0.67482956,1
1506796798,22589338,4325.00,2.93893526,1
1506796793,22589337,4326.89,0.92000000,1
1506796793,22589336,4326.89,0.00276642,1
1506796793,22589335,4326.89,0.05004218,1
1506796777,22589333,4326.90,0.00265947,0
1506796768,22589332,4330.00,0.06031777,0
1506796754,22589330,4330.00,0.98452194,0
1506796747,22589329,4326.90,0.12813229,1
1506796744,22589323,4326.90,0.00614596,1
1506796722,22589314,4326.89,0.14062521,1
1506796694,22589300,4326.89,0.01021371,1
1506796693,22589299,4329.47,0.07978629,0
1506796690,22589298,4329.27,0.00544511,1
1506796687,22589297,4332.97,0.27037289,1
1506796687,22589296,4332.97,0.72962711,0
1506796687,22589295,4332.97,0.05000000,0
1506796684,22589294,4333.60,0.09187289,1
1506796683,22589293,4331.27,0.05812711,0
1506796681,22589291,4330.90,0.00387878,0
1506796681,22589290,4330.90,0.00452482,0
1506796677,22589287,4329.14,0.79070000,0
1506796675,22589285,4329.13,0.60042597,1
1506796662,22589245,4329.13,0.13484464,0
1506796661,22589244,4326.90,0.13020205,0
1506796592,22589226,4326.89,0.17290762,1
1506796574,22589212,4326.89,0.01827166,1
1506796569,22589186,4326.89,0.04500000,1
1506796567,22589185,4326.90,0.02800000,0
1506796518,22589168,4326.89,0.14134000,0
1506796517,22589167,4326.89,0.07586459,0
1506796507,22589159,4326.89,0.08572164,0
1506796506,22589158,4326.89,0.00265674,0
1506796504,22589157,4326.90,0.09000000,0
1506796459,22589139,4323.44,0.70150000,1
1506796459,22589138,4323.44,0.87150000,1
1506796444,22589135,4326.89,0.11669606,0
1506796443,22589132,4323.25,1.59690809,1
1506796443,22589130,4323.34,0.92000000,1
1506796443,22589129,4323.36,2.30420000,1
1506796442,22589128,4323.42,0.17889191,1
1506796442,22589127,4326.89,0.48450000,0
1506796441,22589126,4326.89,0.48450000,0
1506796438,22589125,4326.89,1.24639750,0
1506796433,22589123,4326.89,0.76189750,0
1506796415,22589120,4323.14,0.00976269,1
1506796414,22589119,4326.90,0.00800000,0
1506796413,22589118,4323.13,0.00500000,1
1506796394,22589114,4325.08,0.47359349,1
1506796394,22589113,4325.09,2.80271300,1
1506796390,22589112,4326.94,2.09729795,1
1506796389,22589111,4326.94,0.16672235,0
1506796372,22589106,4327.90,0.05990250,1
1506796372,22589105,4327.93,0.05964456,1
1506796372,22589104,4327.94,4.00000000,1
1506796339,22589095,4327.93,0.07153183,1
1506796330,22589092,4330.87,1.00000000,0
1506796312,22589089,4330.87,0.06025638,0
1506796309,22589088,4330.87,1.13213511,0
1506796284,22589076,4330.89,0.00500000,0
1506796276,22589073,4327.99,0.04100000,1
1506796264,22589071,4330.90,0.02120000,0
1506796252,22589070,4330.90,0.03869865,0
1506796235,22589062,4327.98,0.01066459,1
1506796225,22589061,4332.68,0.02827000,0
1506796219,22589059,4332.68,0.00266871,0
1506796213,22589055,4334.11,0.26633784,0
1506796212,22589054,4332.70,0.73366216,0
1506796212,22589053,4332.69,4.00000000,0
1506796182,22589044,4332.70,0.04000000,0
1506796164,22589040,4327.96,0.02340000,1
1506796161,22589039,4327.99,0.20000000,1
1506796118,22589013,4332.70,0.04706022,0
1506796114,22589011,4332.70,1.00000000,0
1506796110,22589009,4332.70,0.51000000,0
1506796099,22589005,4332.70,0.45500000,0
1506796098,22589003,4327.97,0.02710000,1
1506796069,22588992,4332.43,0.20000000,0
1506796068,22588991,4332.43,0.20000000,0
1506796067,22588990,4332.43,1.00000000,0
1506796066,22588988,4332.43,0.10000000,0
1506796064,22588987,4332.43,1.00000000,0
1506796062,22588986,4332.43,1.00000000,0
1506796044,22588976,4332.70,0.01427762,0
1506796044,22588975,4328.00,0.02000000,0
1506796042,22588974,4327.95,0.10100000,1
1506796042,22588973,4327.95,0.89900000,1
1506796037,22588971,4327.96,1.00000000,0
1506796030,22588964,4327.95,1.00000000,0
1506796029,22588963,4327.95,0.05990250,0
1506796029,22588962,4327.95,0.03500000,0
1506796026,22588960,4327.95,0.09900000,0
1506795965,22588893,4328.08,0.30480721,0
1506795964,22588892,4322.83,0.23714465,0
1506795960,22588890,4328.08,0.20000000,0
1506795957,22588889,4328.08,0.00904485,0
1506795949,22588888,4330.83,0.00265808,0
1506795945,22588887,4322.84,0.40599191,1
1506795945,22588886,4322.87,0.59400809,1
1506795943,22588884,4330.83,2.11696459,0
1506795943,22588883,4330.80,0.40599191,0
1506795930,22588877,4321.66,0.61700429,0
1506795929,22588876,4322.78,0.38299571,1
1506795928,22588874,4322.78,0.15000000,1
1506795927,22588873,4321.37,0.67578093,0
1506795926,22588872,4322.34,0.32421907,1
1506795918,22588867,4323.34,0.13096667,1
1506795914,22588866,4323.34,0.01198663,0
1506795913,22588862,4323.34,0.07999464,0
1506795911,22588860,4323.34,0.92000000,1
1506795905,22588854,4330.75,0.59400809,0
1506795903,22588852,4323.34,0.41233774,1
1506795877,22588842,4328.99,0.06046445,0
1506795876,22588840,4328.99,0.04666711,0
1506795875,22588837,4328.99,0.32004265,0
1506795866,22588835,4332.44,0.33870421,0
1506795853,22588823,4322.30,0.38602714,0
1506795852,22588822,4322.33,0.92000000,0
1506795852,22588821,4323.29,4.10787500,1
1506795852,22588820,4323.29,2.30750000,0
1506795851,22588819,4323.30,4.10785900,1
1506795851,22588818,4323.90,0.92000000,1
1506795851,22588817,4323.90,4.00935100,0
1506795850,22588816,4324.30,3.56384973,1
1506795850,22588815,4324.34,2.30750000,0
1506795849,22588814,4324.34,1.00000000,0
1506795849,22588813,4324.34,0.32003813,0
1506795844,22588810,4324.92,1.00000000,1
1506795806,22588790,4330.01,0.01775620,0
1506795806,22588789,4330.01,0.01328125,0
1506795801,22588786,4329.99,0.01294223,0
1506795798,22588785,4330.01,0.01378473,0
1506795797,22588783,4324.31,1.00000000,1
1506795795,22588782,4324.30,0.54403827,1
1506795795,22588781,4324.30,0.45596173,1
1506795777,22588773,4327.00,3.91900000,1
1506795775,22588772,4327.00,0.08100000,1
1506795775,22588771,4327.53,0.91900000,1
1506795756,22588754,4329.52,4.00000000,1
1506795744,22588747,4325.29,0.29100000,1
1506795744,22588746,4327.28,0.91900000,1
1506795739,22588743,4331.27,0.91800000,1
1506795735,22588741,4332.69,0.20162175,0
1506795722,22588735,4332.72,0.34515815,0
1506795715,22588733,4333.94,0.03404816,0
1506795707,22588730,4334.35,0.11652455,0
1506795706,22588728,4334.35,0.55238963,0
1506795693,22588724,4333.26,1.97807976,0
1506795684,22588719,4333.26,0.98097225,0
1506795679,22588718,4334.10,0.05909185,1
1506795677,22588717,4333.27,0.01202442,0
1506795669,22588711,4333.27,0.00797558,0
1506795651,22588709,4334.12,0.01206027,0
1506795648,22588708,4334.12,0.06026671,0
1506795623,22588697,4334.35,0.00282801,0
1506795586,22588691,4331.36,0.06799292,0
1506795568,22588685,4332.17,0.29839184,0
1506795564,22588683,4328.00,0.01106668,0
1506795543,22588678,4328.00,0.02000000,0
1506795503,22588667,4328.00,0.01844005,0
1506795501,22588666,4328.00,0.02654682,0
1506795497,22588665,4328.00,0.02394645,0
1506795491,22588663,4328.00,1.00000000,0
1506795479,22588659,4334.33,0.01138011,0
1506795464,22588640,4329.53,0.37825836,0
1506795464,22588639,4329.24,0.00893591,0
1506795464,22588638,4328.98,0.08882512,0
1506795464,22588637,4328.90,0.02398061,0
1506795365,22588618,4326.16,3.00000000,0
1506795354,22588615,4326.16,1.00130980,0
1506795351,22588613,4325.35,0.03000000,1
1506795351,22588612,4326.01,4.00000000,1
1506795339,22588608,4328.98,0.14099148,0
1506795335,22588607,4330.99,0.01872300,0
1506795334,22588604,4330.99,0.01300000,0
1506795330,22588602,4330.99,5.31042556,0
1506795324,22588601,4331.00,0.01227941,0
1506795323,22588598,4331.00,1.00000000,0
1506795314,22588596,4330.99,0.20780680,0
1506795314,22588595,4330.99,0.07606478,0
1506795307,22588590,4331.37,0.73023083,1
1506795305,22588584,4331.40,0.02118715,0
1506795303,22588577,4331.37,0.05648700,1
1506795298,22588570,4331.37,0.24798223,0
1506795296,22588567,4331.38,0.11778002,0
1506795295,22588566,4331.38,0.16615934,0
1506795277,22588509,4329.42,4.00000000,1
1506795274,22588507,4333.57,0.00160000,0
1506795272,22588506,4333.57,0.27570802,0
1506795272,22588505,4333.57,0.21001158,0
1506795269,22588504,4333.57,0.13712275,0
1506795262,22588502,4329.85,0.91900000,1
1506795262,22588501,4330.85,0.91900000,1
1506795261,22588500,4330.85,9.70133922,1
1506795256,22588499,4333.99,0.01580033,0
1506795252,22588497,4330.85,0.29866078,1
1506795249,22588492,4334.38,15.82599587,0
1506795247,22588490,4334.00,1.82752278,0
1506795245,22588487,4334.00,0.00520522,0
1506795244,22588486,4333.35,0.18746069,1
1506795243,22588485,4333.35,0.37331069,1
1506795243,22588483,4334.00,0.16727200,0
1506795239,22588479,4333.35,0.61950000,1
1506795238,22588476,4333.35,0.82063104,1
1506795235,22588474,4333.35,0.67043680,1
1506795234,22588473,4333.35,0.10000000,1
1506795233,22588472,4333.35,0.11456320,1
1506795229,22588469,4333.35,1.05000000,1
1506795225,22588468,4334.38,0.00500000,0
1506795225,22588467,4330.80,0.00710261,1
1506795224,22588466,4330.80,0.00785400,1
1506795224,22588465,4334.38,0.53900000,0
1506795224,22588464,4330.84,0.26100000,0
1506795224,22588462,4330.84,0.01400000,0
1506795223,22588461,4330.84,0.00500000,0
1506795220,22588460,4330.84,0.00500000,0
1506795218,22588459,4330.84,0.00500000,0
1506795216,22588458,4330.84,0.00500000,0
1506795214,22588457,4330.84,0.00500000,0
1506795212,22588455,4334.38,0.00500000,1
1506795211,22588453,4334.38,1.00000000,0
1506795210,22588452,4334.38,0.03000000,0
1506795209,22588451,4333.34,0.30000000,1
1506795207,22588448,4331.71,0.46093680,1
1506795207,22588445,4334.38,0.00500000,0
1506795205,22588440,4334.38,0.00500000,0
1506795203,22588437,4334.38,6.74672138,0
1506795203,22588436,4333.34,0.12130716,0
1506795200,22588431,4331.01,0.01192950,1
1506795200,22588430,4331.70,0.01964800,1
1506795200,22588429,4333.34,0.00500000,0
1506795199,22588428,4333.34,0.01902986,0
1506795198,22588424,4333.34,0.00500000,0
1506795196,22588423,4333.34,0.00500000,0
1506795194,22588421,4333.34,0.00500000,0
1506795192,22588420,4333.34,2.55966298,0
1506795192,22588419,4333.29,0.00187023,0
1506795192,22588418,4333.15,0.01914588,0
1506795191,22588416,4333.14,0.00694231,0
1506795191,22588415,4333.00,0.05640712,0
1506795190,22588414,4333.00,0.00500000,0
1506795189,22588413,4331.23,1.98500000,0
1506795188,22588412,4331.23,1.00000000,0
1506795186,22588409,4331.23,1.00000000,0
1506795184,22588404,4331.23,0.00500000,0
1506795183,22588402,4331.00,0.10500000,1
1506795183,22588401,4331.23,1.00000000,0
1506795181,22588394,4331.23,0.00500000,0
1506795179,22588392,4331.23,0.00500000,0
1506795177,22588390,4331.00,0.19226856,1
1506795176,22588389,4330.00,0.87245959,0
1506795175,22588387,4330.00,1.00000000,0
1506795174,22588386,4330.00,0.00500000,0
1506795174,22588385,4330.00,0.01348037,0
1506795172,22588383,4330.00,0.00500000,0
1506795171,22588381,4328.53,0.11214024,1
1506795171,22588380,4328.93,0.02854516,1
1506795170,22588379,4330.00,0.00500000,0
1506795168,22588374,4330.00,0.00500000,0
1506795168,22588373,4330.00,0.05944111,0
1506795166,22588371,4330.00,0.00500000,0
1506795164,22588367,4330.00,0.00500000,0
1506795162,22588366,4330.00,0.00500000,0
1506795161,22588364,4330.00,0.00500000,0
1506795159,22588362,4330.00,0.00500000,0
1506795159,22588360,4330.00,8.00961893,0
1506795157,22588358,4328.93,0.02328802,1
1506795156,22588356,4325.04,0.71754869,0
1506795156,22588353,4328.93,0.20000000,1
1506795156,22588352,4329.00,0.01907031,1
1506795156,22588351,4329.00,0.00500000,1
1506795155,22588350,4329.00,0.06838100,1
1506795154,22588349,4329.00,0.32161900,0
1506795154,22588348,4329.00,0.30000000,0
1506795154,22588347,4329.00,0.30000000,0
1506795154,22588346,4329.00,0.01000000,0
1506795153,22588345,4329.00,0.28000000,0
1506795152,22588344,4329.00,0.00500000,0
1506795150,22588343,4329.00,0.00500000,0
1506795147,22588342,4328.92,1.00000000,0
1506795143,22588340,4325.54,0.01918834,0
1506795143,22588339,4323.50,0.01918855,0
1506795141,22588338,4320.00,7.83195842,0
1506795141,22588337,4320.00,0.00500000,0
1506795140,22588336,4320.00,2.00000000,0
1506795140,22588335,4320.00,1.00000000,0
1506795138,22588334,4320.00,4.36527546,0
1506795138,22588333,4320.00,0.00500000,0
1506795138,22588332,4320.00,13.20000000,0
1506795136,22588331,4320.00,0.01407957,0
1506795136,22588330,4320.00,0.00500000,0
1506795135,22588328,4320.00,9.51000000,0
1506795134,22588327,4319.16,2.99000000,0
1506795134,22588326,4319.16,1.00000000,0
1506795131,22588325,4319.16,0.00500000,0
1506795129,22588320,4319.16,0.00500000,0
1506795124,22588318,4320.00,2.40170345,0
1506795124,22588317,4318.46,0.00950000,0
1506795124,22588316,4315.00,0.03294400,0
1506795124,22588315,4315.00,0.08085255,0
1506795123,22588314,4314.99,4.46500000,0
1506795123,22588313,4314.44,0.07100000,1
1506795122,22588312,4314.99,0.00500000,0
1506795122,22588311,4314.99,13.00000000,0
1506795120,22588310,4314.99,0.00500000,0
1506795118,22588309,4314.99,13.00000000,0
1506795117,22588308,4314.99,0.00500000,0
1506795114,22588299,4314.99,0.00500000,0
1506795112,22588297,4314.99,0.00500000,0
1506795109,22588296,4314.99,0.00500000,0
1506795107,22588295,4314.99,0.00500000,0
1506795085,22588292,4314.99,3.00000000,0
1506795084,22588291,4314.99,12.50000000,0
1506795083,22588290,4314.99,7.00000000,0
1506795079,22588289,4314.00,0.50000000,0
1506795079,22588288,4312.98,0.01951817,0
1506795079,22588287,4312.85,0.49302180,0
1506795058,22588284,4310.50,4.12799574,0
1506795050,22588283,4310.50,0.10088700,0
1506795045,22588280,4310.50,0.30000000,0
1506795036,22588278,4310.50,0.00500000,0
1506795036,22588277,4310.50,0.02100000,0
1506795030,22588274,4310.50,0.03028562,0
1506795025,22588271,4310.50,0.06175072,0
1506795014,22588259,4306.19,0.03112253,0
1506794990,22588256,4310.50,0.06833417,0
1506794982,22588255,4310.50,0.02351387,0
1506794975,22588253,4310.50,0.00679613,0
1506794925,22588229,4304.92,0.50135012,0
1506794922,22588228,4304.92,0.64164671,0
1506794920,22588226,4304.92,0.17728500,0
1506794917,22588217,4304.92,0.04712104,0
1506794915,22588212,4304.92,0.75036180,0
1506794914,22588210,4304.92,1.48482533,0
1506794900,22588206,4309.39,0.00832832,0
1506794898,22588205,4307.93,0.00000558,0
1506794883,22588195,4304.96,0.00263980,1
1506794883,22588194,4304.97,0.02236020,1
1506794862,22588191,4307.93,0.07370900,0
1506794853,22588189,4304.95,0.00167239,1
1506794847,22588188,4307.93,0.11341790,0
1506794845,22588187,4307.93,0.01000000,0
1506794823,22588180,4307.92,0.02130262,0
1506794811,22588177,4307.93,0.01589137,0
1506794788,22588172,4307.92,0.04200000,0
1506794782,22588170,4307.92,0.02823484,0
1506794781,22588168,4307.92,0.05000000,0
1506794742,22588159,4307.93,0.00650800,0
1506794739,22588158,4304.83,0.03435012,1
1506794726,22588157,4307.93,0.00717699,0
1506794692,22588136,4307.93,0.07900000,0
1506794685,22588126,4302.16,1.24217513,1
1506794684,22588125,4302.19,1.00000000,1
1506794684,22588124,4304.60,2.31520000,1
1506794684,22588123,4304.64,0.87150000,1
1506794684,22588122,4304.65,0.02236118,1
1506794659,22588118,4307.93,0.23442131,0
1506794642,22588114,4310.50,0.10212941,0
1506794641,22588112,4310.50,0.13926865,0
1506794605,22588107,4311.67,0.01362019,0
1506794590,22588077,4311.50,3.00000000,1
1506794590,22588076,4311.50,7.00000000,1
1506794584,22588075,4311.50,0.00750000,1
1506794580,22588073,4311.52,0.73625879,0
1506794578,22588072,4311.52,0.00454270,0
1506794552,22588069,4312.94,0.04000000,0
1506794524,22588061,4312.98,3.65520000,0
1506794524,22588059,4312.97,4.00000000,0
1506794524,22588058,4312.96,2.31650000,0
1506794523,22588057,4312.96,0.02830000,0
1506794463,22588047,4307.01,0.83426712,0
1506794463,22588046,4307.00,0.10890000,1
1506794462,22588045,4312.96,0.66573288,1
1506794458,22588044,4312.96,0.62266629,0
1506794455,22588043,4312.96,0.03422939,0
1506794415,22588022,4312.98,0.11335913,0
1506794415,22588020,4307.00,0.01000000,1
1506794412,22588018,4312.98,0.00681123,0
1506794407,22588016,4312.98,0.01513808,0
1506794398,22588010,4312.97,0.01409982,0
1506794357,22588003,4312.98,0.02292151,0
1506794345,22587999,4306.18,0.00000537,0
1506794344,22587996,4306.18,0.01802764,0
1506794308,22587994,4312.99,0.04513900,1
1506794226,22587988,4313.00,1.07515650,0
1506794224,22587987,4312.01,0.02342326,0
1506794211,22587983,4311.98,0.02820829,0
1506794197,22587948,4306.04,0.08095000,0
1506794171,22587946,4311.99,0.16262900,0
1506794103,22587936,4312.03,0.02128232,0
1506794080,22587920,4312.20,0.02160702,0
1506794068,22587918,4309.36,0.33930000,0
1506794046,22587913,4309.37,1.03110820,0
1506794044,22587911,4309.37,0.02320525,0
1506794027,22587910,4309.35,0.11723165,0
1506794015,22587908,4307.12,0.05510088,0
1506793955,22587899,4309.40,0.01442666,0
1506793954,22587897,4307.73,0.00406547,0
1506793937,22587894,4307.73,0.00363453,0
1506793924,22587893,4311.00,0.05308900,0
1506793889,22587856,4313.00,0.00334946,0
1506793889,22587855,4313.00,0.30972462,0
1506793887,22587854,4313.00,0.03000174,0
1506793878,22587852,4312.98,0.56928756,1
1506793878,22587851,4312.98,0.01339773,0
1506793862,22587847,4303.66,0.08646333,1
1506793839,22587843,4303.58,0.00999915,1
1506793832,22587842,4303.43,0.00254031,1
1506793807,22587837,4302.79,0.05784359,1
1506793743,22587834,4311.48,0.02661300,0
1506793735,22587831,4311.59,0.02350848,0
1506793726,22587829,4311.44,0.02732396,0
1506793711,22587826,4311.51,0.04205014,1
1506793709,22587824,4311.51,0.35584758,1
1506793706,22587821,4311.51,0.02504698,0
1506793685,22587817,4313.98,0.05142746,1
1506793685,22587816,4313.98,0.87150000,1
1506793683,22587815,4308.16,0.17563168,0
1506793668,22587810,4300.42,0.02877622,0
1506793660,22587808,4300.42,0.00003168,0
1506793659,22587807,4300.42,3.82436832,0
1506793647,22587802,4300.42,0.17563168,0
1506793646,22587801,4300.00,0.00413368,0
1506793622,22587796,4297.62,0.01900615,1
1506793590,22587790,4298.89,0.11869920,0
1506793587,22587786,4298.89,0.23912451,0
1506793523,22587773,4296.91,1.45110000,1
1506793517,22587771,4299.99,0.04386913,0
1506793517,22587770,4298.91,0.01430000,0
1506793503,22587767,4299.99,0.01317923,0
1506793485,22587761,4300.00,0.00675232,0
1506793471,22587758,4300.00,0.00411400,0
1506793464,22587755,4296.90,1.29741480,1
1506793464,22587754,4296.90,0.70258520,1
1506793459,22587752,4296.90,0.52541480,1
1506793459,22587751,4296.90,0.27800000,1
1506793457,22587750,4299.44,0.17020000,1
1506793443,22587748,4302.18,0.00497500,0
1506793437,22587746,4300.20,0.01512860,0
1506793436,22587745,4300.20,1.00000000,1
1506793436,22587744,4300.20,0.00075659,1
1506793436,22587743,4300.25,1.00000000,1
1506793413,22587730,4300.52,1.00000000,1
1506793413,22587729,4300.53,0.91336881,1
1506793413,22587727,4300.53,0.96170000,1
1506793413,22587726,4300.63,1.00000000,1
1506793412,22587725,4300.79,4.00000000,1
1506793405,22587720,4302.20,0.39017713,0
1506793405,22587719,4302.20,0.78702272,0
1506793402,22587718,4302.20,0.04087000,0
1506793387,22587709,4304.50,0.02581668,0
1506793387,22587708,4301.44,0.03469771,0
1506793373,22587703,4301.44,0.00167239,0
1506793367,22587702,4301.44,0.01362990,0
1506793363,22587700,4300.53,0.03830000,1
1506793362,22587699,4300.54,0.89900000,1
1506793362,22587698,4300.96,2.31970000,1
1506793361,22587697,4300.98,0.87150000,0
1506793361,22587696,4301.35,1.00000000,1
1506793359,22587695,4301.40,0.87150000,1
1506793357,22587694,4307.21,2.91755659,0
1506793356,22587693,4306.82,3.95191204,0
1506793356,22587692,4306.82,0.04808796,0
1506793356,22587691,4301.45,0.00999915,0
1506793333,22587683,4307.38,0.01376892,0
1506793324,22587682,4307.38,0.00643085,0
1506793324,22587681,4301.47,0.01999915,0
1506793317,22587678,4300.74,0.25000000,0
