date,tid,price,amount,type
1506815233,22597317,0.06954731,0.20000000,1
1506815171,22597312,0.06971199,1.57724732,1
1506815170,22597311,0.06970166,0.92784620,1
1506815169,22597310,0.06968700,0.50000000,0
1506815018,22597295,0.06964897,7.65300000,0
1506814981,22597290,0.06952200,0.82591922,1
1506814892,22597260,0.06969784,0.19991500,0
1506814591,22597189,0.06967297,1.26626600,0
1506814584,22597187,0.06966700,0.50000000,1
1506814582,22597186,0.06966200,0.50000000,0
1506814582,22597185,0.06965329,2.86000000,0
1506814388,22597159,0.06965029,0.71608187,1
1506814284,22597127,0.06965397,0.16654973,0
1506813871,22597037,0.06955023,0.10574900,1
1506812196,22596782,0.06945011,1.59373400,1
1506812162,22596779,0.06945025,10.00000000,1
1506812138,22596777,0.06945000,17.14000000,0
1506812137,22596776,0.06945027,2.86000000,1
1506812109,22596773,0.06945000,0.57371305,1
1506812103,22596770,0.06945000,0.32900000,1
1506812102,22596767,0.06945000,0.39366163,0
1506812100,22596758,0.06945000,9.11171500,0
1506812100,22596756,0.06945000,1.99462300,0
1506812099,22596753,0.06944997,11.49995988,0
1506812097,22596752,0.06945000,5.00000000,0
1506812097,22596751,0.06946400,0.50000000,1
1506812097,22596750,0.06950000,3.00000000,1
1506812097,22596749,0.06953008,0.00000037,1
1506811818,22596688,0.06953008,1.46931300,1
1506811800,22596684,0.06965785,1.00000000,0
1506811261,22596573,0.06964100,0.50000000,1
1506811261,22596572,0.06964100,0.50000000,0
1506811210,22596562,0.06953900,0.86786943,1
1506811210,22596561,0.06953903,12.87205217,1
1506811210,22596560,0.06963600,4.00707840,1
1506811195,22596511,0.06963600,12.52876900,1
1506811142,22596504,0.06963600,2.50000000,0
1506811140,22596503,0.06961300,0.50000000,0
1506810822,22596433,0.06954500,5.00000000,1
1506810660,22596381,0.06970587,1.00000000,0
1506810520,22596338,0.06970759,2.00071383,0
1506810284,22596305,0.06971000,0.24772018,1
1506810284,22596304,0.06971000,0.21460000,0
1506810053,22596229,0.06957400,3.09452011,0
1506810053,22596228,0.06959000,0.50000000,1
1506810053,22596227,0.06960000,0.32900000,1
1506810052,22596226,0.06961013,0.20931689,1
1506810028,22596194,0.06963901,0.24035998,1
1506810000,22596180,0.06963900,0.98934576,1
1506810000,22596179,0.06965000,0.21460000,1
1506810000,22596178,0.06965400,0.50000000,1
1506810000,22596177,0.06972200,0.33145724,1
1506809993,22596161,0.06972492,2.03547900,1
1506809990,22596158,0.06972492,2.03548800,1
1506809985,22596146,0.06983154,0.04867559,0
1506809985,22596145,0.06980651,0.20000000,0
1506809985,22596144,0.06980000,0.32800000,0
1506809985,22596143,0.06975700,0.50000000,0
1506809984,22596142,0.06972487,2.28754391,0
1506809984,22596140,0.06972200,5.00000000,0
1506809979,22596119,0.06972197,5.18493467,0
1506809945,22596069,0.06958003,0.81317038,1
1506809921,22596062,0.06960506,4.52275215,0
1506809910,22596054,0.06977396,2.35870420,0
1506809819,22595959,0.06973900,1.89411547,0
1506809694,22595899,0.06958300,4.14093300,1
1506809693,22595898,0.06962800,0.50000000,1
1506809683,22595895,0.06972752,1.46448633,1
1506809682,22595894,0.06959900,0.50000000,1
1506809677,22595889,0.06972752,2.23610195,0
1506809481,22595815,0.06973493,4.26009982,0
1506809468,22595799,0.06956700,1.59558042,1
1506809453,22595769,0.06961903,7.86000000,1
1506809450,22595762,0.06963000,0.32800000,1
1506809450,22595761,0.06964900,0.50000000,1
1506809437,22595754,0.06972399,1.32711000,1
1506809435,22595745,0.06972400,0.28670142,0
1506809434,22595743,0.06972399,0.50000000,1
1506809424,22595727,0.06970100,0.15028853,0
1506809424,22595725,0.06968900,0.50000000,0
1506809411,22595708,0.06967899,2.86000000,0
1506809411,22595705,0.06966199,1.69990512,0
1506809400,22595679,0.06965700,0.50000000,0
1506809400,22595677,0.06964569,7.80943769,0
1506809311,22595602,0.06964705,4.29669125,0
1506809194,22595543,0.06962296,1.31351581,0
1506809175,22595520,0.06960547,1.90391856,0
1506809165,22595510,0.06960545,0.81327961,0
1506809162,22595500,0.06960548,1.00000000,0
1506809102,22595457,0.06957300,0.31311700,0
1506808977,22595428,0.06944800,0.71439700,1
1506808838,22595365,0.06956153,0.49999991,0
1506808837,22595363,0.06956153,3.31804009,1
1506808740,22595315,0.06967200,3.72186206,0
1506808580,22595243,0.06949200,3.27915421,1
1506808579,22595242,0.06950000,2.00000000,1
1506808579,22595241,0.06950211,1.94943179,1
1506808400,22595174,0.06959182,2.78478714,1
1506808400,22595173,0.06960100,0.00007786,1
1506808209,22595150,0.06960100,0.25491014,1
1506808022,22595082,0.06962000,3.00000000,1
1506807976,22595069,0.06963114,2.36850300,1
1506807938,22595047,0.06962000,3.00000000,1
1506807928,22595038,0.06967000,0.14000000,1
1506807872,22595007,0.06967000,2.86000000,1
1506807859,22595000,0.06965829,2.17116100,1
1506807859,22594999,0.06966000,3.00000000,1
1506807853,22594996,0.06973281,1.82379000,0
1506807841,22594990,0.06973287,0.30000000,0
1506807770,22594920,0.06967400,0.50000000,1
1506807762,22594919,0.06966001,0.81998800,1
1506807729,22594897,0.06976586,0.19364200,0
1506807608,22594838,0.06971000,2.67999969,1
1506807608,22594837,0.06971001,1.12409131,1
1506807604,22594831,0.06971001,0.32000000,1
1506807544,22594809,0.06971001,3.00000000,1
1506807299,22594697,0.06964503,0.09055000,1
1506807285,22594680,0.06981978,0.11000000,0
1506807282,22594675,0.06981977,0.50000000,0
1506807276,22594667,0.06979900,0.50000000,0
1506807253,22594644,0.06970103,2.32909300,1
1506807253,22594643,0.06973000,3.00000000,1
1506807011,22594415,0.06985454,0.34595860,0
1506806981,22594373,0.06985476,0.63255531,1
1506806976,22594366,0.06985479,0.68776909,0
1506806896,22594291,0.06984517,1.25827664,0
1506806895,22594290,0.06984517,0.31860470,0
1506806894,22594288,0.06984517,1.57764667,0
1506806881,22594280,0.06984518,0.31856157,0
1506806748,22594209,0.06977700,0.82982600,1
1506806738,22594205,0.06977000,0.32800000,1
1506806735,22594204,0.06977803,2.84781692,1
1506806558,22594073,0.06996207,0.54409834,0
1506806558,22594072,0.06996207,0.17776981,0
1506806550,22594058,0.06979303,2.94165300,1
1506806489,22594004,0.06996000,1.74156021,0
1506806489,22594003,0.06993100,0.50000000,0
1506806486,22593998,0.06989094,1.94512968,0
1506806474,22593983,0.06986017,1.12499797,0
1506806394,22593905,0.06979000,0.21400000,0
1506806393,22593904,0.06977000,1.37348923,1
1506806391,22593898,0.06980000,0.83000000,1
1506806232,22593811,0.06982004,2.85000000,1
1506806192,22593789,0.06986577,0.14126754,1
1506806192,22593788,0.06986577,0.52521215,1
1506806107,22593732,0.06986577,0.37352900,1
1506806103,22593730,0.06986576,1.95125885,0
1506806103,22593727,0.06986576,0.13617652,1
1506806103,22593726,0.06986576,0.91256463,1
1506805862,22593602,0.07003400,0.31151200,0
1506805861,22593601,0.07003400,3.30526057,0
1506805851,22593596,0.07000600,2.85000000,0
1506805846,22593591,0.07000592,3.50724450,0
1506805835,22593575,0.06999900,0.50000000,0
1506805834,22593571,0.06995800,5.00000000,0
1506805787,22593554,0.06983301,0.74426600,1
1506805759,22593553,0.06983803,8.16555100,0
1506805759,22593552,0.06983800,0.34088300,1
1506805758,22593551,0.06987000,0.32800000,1
1506805747,22593550,0.06991000,0.21400000,1
1506805742,22593549,0.06990004,0.15722000,1
1506805725,22593539,0.06989104,5.79614400,1
1506805628,22593493,0.06993204,2.45575900,1
1506805621,22593492,0.07009000,1.09989689,0
1506805621,22593491,0.07008999,2.85000000,0
1506805610,22593483,0.06994400,0.50000000,1
1506805598,22593480,0.06995300,2.85000000,1
1506805502,22593454,0.07005962,0.96477475,0
1506805501,22593453,0.07005959,4.03522525,0
1506805406,22593421,0.07006066,0.77252451,0
1506805363,22593395,0.07003097,2.39262119,0
1506805261,22593340,0.06994678,0.20000000,0
1506805130,22593311,0.06981010,0.72050000,1
1506805128,22593309,0.06981001,1.42634800,1
1506805126,22593308,0.06994976,1.42617459,1
1506805016,22593276,0.06984050,0.48887816,1
1506804878,22593224,0.06985001,5.62168300,1
1506804873,22593217,0.06993548,3.79201879,0
1506804867,22593215,0.06993549,0.50000000,0
1506804861,22593207,0.06993547,6.08299181,1
1506804859,22593201,0.06993550,7.41710576,1
1506804643,22593144,0.06992554,0.73276516,1
1506804641,22593141,0.06974503,8.21304900,0
1506804640,22593139,0.06981000,3.00000000,1
1506804604,22593130,0.06987900,1.99999999,0
1506804602,22593129,0.06982000,0.00000001,0
1506804568,22593124,0.06982000,0.81999999,0
1506804391,22593105,0.06983001,3.00000000,0
1506804312,22593096,0.06979201,2.26955500,1
1506804276,22593054,0.06979201,0.12326400,1
1506804257,22593047,0.06979203,3.07757400,1
1506804254,22593043,0.06980000,0.82000000,0
1506804250,22593030,0.06980000,7.77661603,0
1506804248,22593027,0.06980000,1.00000000,1
1506804248,22593024,0.06981000,3.00000000,1
1506804247,22593023,0.06989200,0.50000000,1
1506804239,22593018,0.06988400,3.00000000,1
1506804236,22593011,0.06995199,3.20455000,1
1506804226,22593002,0.07013539,0.18821736,0
1506804226,22593001,0.06996000,0.50000000,0
1506804222,22592991,0.06995199,2.07525189,0
1506804222,22592989,0.06995199,0.19826455,0
1506804220,22592984,0.06995199,2.07519471,0
1506804219,22592983,0.06994000,0.19825400,0
1506804158,22592933,0.06984000,2.99999980,1
1506804158,22592932,0.06984002,0.13239894,1
1506804158,22592931,0.06985460,0.00000026,1
1506804144,22592923,0.06985460,1.07967700,1
1506804138,22592921,0.06987001,0.26376101,1
1506804123,22592915,0.06994000,0.62174600,0
1506803748,22592802,0.06985603,0.49804800,1
1506803741,22592799,0.06993804,0.99996100,1
1506803741,22592798,0.06993805,0.49999500,1
1506803462,22592592,0.06999536,0.20000000,0
1506803382,22592413,0.06999547,0.99996100,0
1506803321,22592387,0.06985460,2.08728891,1
1506803321,22592386,0.06988203,2.31819253,1
1506803320,22592385,0.06990000,6.83200000,1
1506803320,22592384,0.06990000,0.20805722,1
1506803320,22592383,0.06990000,3.42910533,1
1506803319,22592382,0.06990010,5.56125601,1
1506803222,22592357,0.06990010,0.03944147,1
1506803222,22592355,0.06993804,0.20024000,1
1506803160,22592320,0.06999547,0.20024000,0
1506802920,22592198,0.06990013,0.20000000,1
1506802895,22592167,0.06990065,2.24425335,1
1506802772,22592110,0.06992055,5.19677686,0
1506802763,22592089,0.07002097,0.62206051,0
1506802763,22592087,0.07002097,0.17433600,0
1506802762,22592086,0.06992055,0.17788648,0
1506802746,22592056,0.07002098,4.51147740,0
1506802745,22592054,0.07001300,0.50000000,0
1506802745,22592051,0.06992606,6.15421260,0
1506802683,22591927,0.07003300,0.08158156,0
1506802682,22591926,0.07003300,2.76841844,0
1506802682,22591925,0.07003300,0.50000000,1
1506802681,22591924,0.07003999,1.66205090,0
1506802681,22591923,0.07003300,2.85000000,0
1506802650,22591896,0.06993282,0.16871700,1
1506802587,22591858,0.07005756,14.27467828,0
1506802587,22591856,0.07005753,7.07932951,0
1506802387,22591786,0.07003202,0.16871700,0
1506802174,22591667,0.07003099,0.35811500,0
1506801721,22591456,0.06994739,1.42499500,1
1506801721,22591455,0.06994739,0.42841000,1
1506801689,22591432,0.06994738,4.74661700,1
1506801669,22591414,0.06998904,2.85000000,1
1506801653,22591393,0.07003200,0.75965273,0
1506801647,22591363,0.07003000,0.30475510,0
1506801620,22591342,0.07003202,2.81276022,1
1506801618,22591337,0.07005290,0.20000000,1
1506801618,22591336,0.07005290,0.40640612,1
1506801617,22591335,0.07005290,0.30857600,1
1506801483,22591255,0.07014166,0.20000000,0
1506801424,22591240,0.07014166,0.40640612,0
1506801374,22591225,0.07014163,0.30000000,0
1506801302,22591212,0.07014166,0.30857600,0
1506801031,22591141,0.07000628,0.00002978,1
1506801030,22591140,0.07002900,1.29997022,0
1506801029,22591139,0.07002900,0.50000000,1
1506800823,22591036,0.07014097,0.42918830,1
1506800822,22591035,0.07009989,0.47081170,0
1506800786,22591028,0.07009989,0.46812661,0
1506800786,22591027,0.07009000,0.21370000,0
1506800660,22590998,0.07000591,0.91124807,1
1506800641,22590994,0.07011994,1.00000000,0
1506800581,22590971,0.07012998,3.68083000,0
1506800340,22590899,0.07000591,0.02769000,1
1506800340,22590898,0.07002000,0.21370000,1
1506800335,22590894,0.07000592,0.42899600,1
1506800042,22590789,0.07004991,0.15000000,1
1506800041,22590787,0.07004991,2.85000000,0
1506799927,22590726,0.07001114,1.74824800,0
1506799903,22590717,0.07001114,0.25038000,0
1506799803,22590608,0.07001114,0.78620000,0
1506799801,22590605,0.07000000,0.21380000,0
1506799502,22590501,0.07001113,1.10650000,0
1506799166,22590410,0.06994043,0.30061775,0
1506799165,22590409,0.06997000,0.21380000,1
1506798917,22590368,0.07008000,0.38283390,0
1506798903,22590364,0.07009081,1.00000000,1
1506798851,22590353,0.06997503,2.84990376,1
1506798849,22590350,0.06997500,4.32579400,0
1506798849,22590349,0.06997500,0.50000000,1
1506798717,22590288,0.06994900,5.00000000,1
1506798696,22590280,0.07000400,0.50000000,1
1506798684,22590269,0.07000900,0.50000000,1
1506798673,22590266,0.07003724,0.46298400,1
1506798673,22590265,0.07004700,0.50000000,1
1506798663,22590262,0.07003724,3.53701100,1
1506798663,22590261,0.07007700,0.50000000,1
1506798501,22590234,0.07011556,0.46298400,0
1506798432,22590212,0.07011556,3.53701100,0
1506798420,22590206,0.07009273,1.68827400,0
1506798418,22590201,0.07009273,5.98672100,0
1506798261,22590172,0.06995000,2.50000000,0
1506798182,22590129,0.07000000,2.50000000,0
1506798151,22590120,0.07002700,0.47740942,0
1506798123,22590103,0.07001737,0.31196248,0
1506798118,22590098,0.07001738,5.37466334,0
1506798116,22590094,0.07001741,0.19770834,0
1506798116,22590093,0.06998600,0.50000000,0
1506798114,22590086,0.06990006,0.87902643,0
1506798104,22590078,0.06996199,0.50000000,1
1506798103,22590076,0.06996199,2.56980405,1
1506798061,22590062,0.06995399,0.50000000,0
1506798008,22590008,0.06990000,0.50000000,1
1506797992,22590005,0.06990000,2.87965895,1
1506797928,22589968,0.06995001,2.85000000,1
1506797887,22589962,0.06996000,3.00000000,1
1506797881,22589953,0.07003100,0.50000000,1
1506797881,22589952,0.07003100,0.50000000,0
1506797876,22589942,0.07004100,0.25878300,0
1506797872,22589932,0.07004100,0.24121111,0
1506797754,22589882,0.07006999,1.05895200,0
1506797728,22589873,0.06990000,0.25533715,1
1506797728,22589872,0.06990003,11.12238981,0
1506797727,22589870,0.07000100,7.00000000,1
1506797727,22589867,0.07000500,0.50000000,1
1506797727,22589865,0.07000501,15.24300000,1
1506797726,22589864,0.07002000,0.82000000,1
1506797726,22589862,0.07003800,5.00000000,1
1506797726,22589860,0.07005812,0.38004900,1
1506797725,22589856,0.07007901,0.00004293,1
1506797725,22589854,0.07008423,0.15373132,1
1506797724,22589850,0.07009989,0.05927304,1
1506797723,22589846,0.07009989,0.26298600,1
1506797683,22589833,0.07009989,0.15373132,1
1506797588,22589810,0.07012600,0.19124147,0
1506797577,22589791,0.07009997,0.49996637,1
1506797576,22589789,0.07010511,0.00003363,1
1506797576,22589788,0.07012600,0.50000000,1
1506797555,22589726,0.07020940,3.18666976,0
1506797553,22589725,0.07020941,0.31336250,0
1506797551,22589722,0.07020946,5.50094871,1
1506797549,22589706,0.07018343,0.00003363,0
1506797548,22589695,0.07009996,2.00000000,1
1506797503,22589615,0.07017821,0.47599036,0
1506797460,22589610,0.07010511,4.34172994,1
1506797460,22589609,0.07010511,0.94461043,1
1506797460,22589608,0.07010511,0.48863563,1
1506797424,22589603,0.07010514,0.07593400,1
1506797406,22589601,0.07010511,0.20415959,1
1506797406,22589600,0.07010511,0.03366400,1
1506797375,22589593,0.07010511,0.23816677,1
1506797371,22589589,0.07010514,6.17600000,1
1506797297,22589551,0.07010544,1.58000000,1
1506797204,22589512,0.07018343,4.34172995,0
1506797203,22589510,0.07018343,0.94461043,0
1506797201,22589506,0.07018343,0.69279522,0
1506797201,22589505,0.07018341,0.00000578,0
1506797200,22589503,0.07018341,4.80719900,0
1506797172,22589488,0.07018341,2.57479338,0
1506797172,22589487,0.07018339,2.85000000,0
1506797171,22589486,0.07017000,0.07520662,0
1506797135,22589464,0.07018342,0.26300000,0
1506796945,22589390,0.07018343,0.27183077,0
1506796899,22589372,0.07018342,1.38476600,0
1506796832,22589355,0.07019887,0.17728301,0
1506796742,22589322,0.07008423,3.24401903,1
1506796742,22589321,0.07010511,0.00000597,1
1506796741,22589320,0.07010511,1.86675700,1
1506796741,22589319,0.07010511,1.14021800,1
1506796490,22589153,0.07014000,0.07520662,1
1506796490,22589152,0.07018000,0.00003582,1
1506796461,22589140,0.07025962,1.09023474,0
1506796286,22589079,0.07018000,0.26660400,1
1506796100,22589007,0.07018001,0.19424100,0
1506796083,22588999,0.07019000,2.16443023,0
1506796082,22588998,0.07019000,2.85000000,0
1506796081,22588997,0.07019000,2.85000000,0
1506796040,22588972,0.07018002,0.19424000,1
1506795930,22588879,0.07018999,4.61915792,0
1506795930,22588878,0.07015732,0.00000597,0
1506795918,22588868,0.07015732,1.86675700,0
1506795913,22588863,0.07015732,1.14021800,0
1506795875,22588838,0.07018999,4.55966225,0
1506795838,22588809,0.07008423,0.43204100,1
1506795834,22588806,0.07010103,3.34482682,0
1506795834,22588805,0.07010103,0.43204100,0
1506795833,22588804,0.07008423,2.29020900,1
1506795832,22588803,0.07009300,0.50000000,1
1506795832,22588802,0.07009301,1.43291800,1
1506795830,22588795,0.07010103,0.33549000,1
1506795786,22588779,0.07008432,0.25302100,1
1506795770,22588767,0.07018300,0.40215901,0
1506795770,22588766,0.07014688,0.00004293,0
1506795764,22588761,0.07012600,6.12000035,0
1506795756,22588753,0.07012594,3.74128015,0
1506795646,22588706,0.07005812,2.22073689,1
1506795646,22588705,0.07005812,0.49996711,1
1506795645,22588704,0.07005812,0.72990100,1
1506795635,22588701,0.07007901,2.66939535,1
1506795561,22588681,0.07008423,2.60078589,0
1506795547,22588679,0.07008423,0.49996711,0
1506795543,22588677,0.07009797,0.72990100,1
1506795541,22588676,0.07009797,0.27009900,0
1506795479,22588658,0.07007901,0.49987700,1
1506795479,22588657,0.07007901,3.33077700,1
1506795476,22588656,0.07014688,6.50004935,0
1506795309,22588592,0.07011197,0.17693300,1
1506795306,22588586,0.07011197,0.50000000,1
1506795305,22588585,0.07011200,4.99996711,0
1506795305,22588583,0.07009799,0.36781764,0
1506795303,22588578,0.07009797,0.80582932,1
1506795205,22588441,0.06997007,0.20015900,1
1506795187,22588410,0.07000000,0.20000000,1
1506795169,22588378,0.07000107,0.36778200,1
1506795131,22588324,0.07011556,0.49173800,1
1506795027,22588273,0.07011556,0.29576400,1
1506794931,22588231,0.07018999,0.37062013,0
1506794927,22588230,0.07018998,1.68560140,1
1506794921,22588227,0.07018999,2.52578750,0
1506794917,22588221,0.07018999,1.43183445,0
1506794917,22588220,0.07018343,0.78750200,0
1506794917,22588219,0.07018318,2.85000000,0
1506794917,22588218,0.07018317,0.24359200,0
1506794895,22588204,0.07009502,0.24359200,1
1506794887,22588198,0.07018328,0.31851800,0
1506794862,22588192,0.07018340,1.05023395,0
1506794840,22588183,0.07019000,0.37360500,0
1506794829,22588181,0.07019000,0.84653800,0
1506794816,22588178,0.07018998,0.31850200,0
1506794653,22588115,0.07019000,0.59446000,0
1506794638,22588108,0.07019000,0.12109500,0
1506794466,22588048,0.07018989,1.38930400,0
1506794419,22588028,0.07018999,0.28486400,0
1506794417,22588024,0.07019000,0.19987177,0
1506794345,22587997,0.07018990,0.25684100,0
1506794101,22587934,0.07019285,0.20000000,0
1506794076,22587919,0.07005570,3.01219555,1
1506793954,22587896,0.07005107,0.31299500,1
1506793831,22587841,0.07004911,0.26359500,1
1506793408,22587724,0.07019965,0.00063600,1
1506793407,22587723,0.07014000,0.08160400,0
1506793407,22587722,0.07012900,0.50000000,0
1506793301,22587671,0.07009997,2.85876118,1
1506793257,22587652,0.07008100,0.31300000,0
1506793249,22587646,0.07009997,7.40755500,0
1506793249,22587645,0.07007400,0.00000500,0
1506793248,22587644,0.07007400,0.49999500,0
1506792748,22587444,0.06998600,0.20000000,1
1506792747,22587443,0.06998000,0.08160400,1
1506792741,22587435,0.06999800,0.50000000,1
1506792741,22587434,0.07000000,5.64479563,1
1506792740,22587433,0.07002303,0.31069789,1
1506792735,22587430,0.07000000,5.73840919,1
1506792735,22587429,0.07000003,5.95553381,1
1506792732,22587427,0.07002300,0.50000000,1
1506792722,22587421,0.07003300,0.50000000,1
1506792648,22587392,0.07002803,0.08351800,1
1506792630,22587391,0.07004100,0.13200000,1
1506792423,22587305,0.07011000,2.50607000,1
1506792423,22587304,0.07013900,0.50000000,1
1506792422,22587302,0.07017610,0.17252400,1
1506792422,22587301,0.07017610,0.17252400,1
1506792422,22587300,0.07017610,0.17252400,1
1506792420,22587296,0.07017610,0.17252400,1
1506792420,22587295,0.07017610,0.17252400,1
1506792409,22587265,0.07024197,18.88050000,0
1506792409,22587263,0.07022898,2.85000000,0
1506792407,22587254,0.07022895,0.68571160,0
1506792405,22587243,0.07010012,1.35226436,0
1506792404,22587234,0.07010012,2.85000000,0
1506792403,22587228,0.07010012,0.31270464,0
1506792402,22587222,0.07010012,2.85000000,1
1506792385,22587208,0.07025381,1.00754547,0
1506792368,22587188,0.07010007,2.85000000,1
1506792349,22587179,0.07010010,5.57933585,1
1506792349,22587178,0.07013848,3.32104215,1
1506792338,22587175,0.07013848,0.27752225,1
1506792326,22587169,0.07014139,3.17700000,1
1506792284,22587142,0.07014119,2.74318007,1
1506792284,22587141,0.07014119,0.49994141,1
1506791953,22587010,0.07013858,0.22743229,1
1506791895,22586981,0.07026000,9.99992188,1
1506791885,22586969,0.07025996,2.85000000,0
1506791885,22586965,0.07025993,5.09301384,0
1506791810,22586900,0.07013867,0.11956700,1
1506791706,22586879,0.07016503,1.99415600,1
1506791701,22586878,0.07017408,2.85000000,1
1506791641,22586860,0.07031157,2.33992000,0
1506791617,22586852,0.07015300,4.35246054,0
1506791617,22586851,0.07017201,2.85000000,1
1506791616,22586850,0.07017201,0.17257253,0
1506791616,22586849,0.07017201,0.62238782,0
1506791616,22586848,0.07017217,0.21290000,0
1506791615,22586847,0.07019500,0.15808911,0
1506791614,22586846,0.07019500,0.50000000,1
1506791578,22586837,0.07024500,0.49988142,1
1506791567,22586825,0.07023500,0.49987428,1
1506791414,22586759,0.07014707,0.36696700,1
1506791210,22586694,0.07029053,2.20348923,0
1506791171,22586692,0.07013976,0.20000000,1
1506791164,22586690,0.07029113,0.19344398,1
1506791162,22586689,0.07023536,0.10655602,0
1506790904,22586567,0.07021979,0.14205483,0
1506790901,22586566,0.07021000,0.05481089,0
1506790901,22586565,0.07021000,0.15808911,0
1506790847,22586553,0.07013711,4.63108295,1
1506790452,22586307,0.07023536,1.55582100,0
1506790443,22586296,0.07023536,0.78710000,0
1506790443,22586295,0.07023000,0.21290000,0
1506790429,22586244,0.07019400,0.31973900,0
1506790429,22586243,0.07018900,0.50000000,0
1506790243,22586161,0.07019400,0.90154600,1
1506790243,22586160,0.07020000,0.21290000,1
1506790158,22586077,0.07030000,0.43303775,0
1506790158,22586075,0.07030000,2.56696225,0
1506790141,22586042,0.07029666,0.62000000,0
1506790141,22586041,0.07029666,0.81023700,0
1506790141,22586040,0.07029666,1.41747700,0
1506790139,22586031,0.07029666,0.62228600,0
1506790097,22585835,0.07028900,0.50000000,0
1506790086,22585816,0.07029800,3.76371355,0
1506790086,22585815,0.07025000,0.13501800,0
1506790086,22585814,0.07025000,0.32544545,0
1506790086,22585813,0.07024999,2.85000000,0
1506790085,22585810,0.07025000,0.17447080,0
1506790084,22585809,0.07025000,0.36506575,0
1506790084,22585808,0.07024999,2.85000000,0
1506790036,22585746,0.07019000,0.14230000,1
1506790033,22585739,0.07019455,0.01588858,0
1506790033,22585738,0.07019000,0.14230542,0
1506790018,22585711,0.07020481,0.14230000,0
1506789865,22585637,0.07015000,0.14255700,0
1506789777,22585588,0.07011000,0.14000000,1
1506789768,22585572,0.07010000,0.62435943,0
1506789767,22585568,0.07010000,2.98750100,0
1506789766,22585564,0.07010000,3.38813957,0
1506789765,22585563,0.07010000,2.04204000,0
1506789765,22585562,0.07010000,0.88188521,0
1506789661,22585479,0.07010000,0.24600000,0
1506789072,22585251,0.07008783,1.17705419,0
1506789061,22585242,0.07008795,2.84216052,0
1506789059,22585239,0.07001997,8.94595200,0
1506789052,22585234,0.07002000,6.27721832,0
1506789050,22585196,0.07002001,1.73990464,0
1506789050,22585190,0.07002001,0.13546936,1
1506789048,22585186,0.07002001,0.21639200,1
1506789043,22585182,0.07009100,0.52417401,0
1506789043,22585181,0.07008800,0.50000000,0
1506789043,22585180,0.07006620,2.27055024,0
1506789041,22585179,0.07002000,2.48497516,1
1506789041,22585177,0.07002000,0.36502484,0
1506789009,22585163,0.07002000,0.23582349,0
1506788960,22585149,0.07002000,0.21915167,0
1506788891,22585122,0.07004597,0.23690156,1
1506788885,22585115,0.07002000,0.18344758,0
1506788760,22585028,0.06991018,1.00000000,1
1506788647,22584978,0.07005968,1.00000000,0
1506788643,22584977,0.07003597,0.60001000,0
1506788641,22584975,0.06990037,0.39999000,0
1506788540,22584893,0.07004300,0.36967000,1
1506788540,22584892,0.07004300,5.00000000,0
1506788540,22584890,0.07003900,0.50000000,0
1506788539,22584888,0.07003896,0.27155100,0
1506788463,22584804,0.06997000,0.82000000,1
1506788353,22584609,0.06998000,0.18601000,0
1506788231,22584572,0.06997100,0.70124116,0
1506788229,22584570,0.07006397,0.13501800,1
1506788171,22584553,0.07007993,0.84765800,0
1506788171,22584552,0.07007000,0.32700000,0
1506788146,22584541,0.07006989,1.51126700,0
1506788143,22584540,0.07006989,0.84765800,0
1506788135,22584534,0.07006988,0.63484215,0
1506788135,22584533,0.07006986,0.79578795,1
1506788033,22584502,0.07007108,1.01072996,0
1506787901,22584457,0.07006397,0.32544545,1
1506787868,22584451,0.07006397,0.17447080,1
1506787862,22584443,0.07006397,0.36506575,1
1506787784,22584425,0.07001454,0.82552920,1
1506787738,22584359,0.07001455,0.82000000,1
1506787704,22584345,0.07001451,0.12522600,1
1506787700,22584343,0.07001450,0.14247135,0
1506787425,22584177,0.06990160,0.19000000,1
1506787385,22584168,0.07001200,0.04277307,1
1506787384,22584167,0.06993900,0.10253393,0
1506787339,22584147,0.06990027,0.53300000,1
1506787339,22584146,0.06991000,0.32700000,1
1506787339,22584144,0.06994997,0.14000000,1
1506787185,22584062,0.06993900,1.18000000,0
1506787183,22584059,0.06997000,0.82000000,1
1506787175,22584057,0.07008900,0.20000000,0
1506787027,22583962,0.07010000,0.65256222,0
1506786909,22583889,0.07010000,0.30268973,0
1506786886,22583882,0.07010000,0.56340876,0
1506786868,22583874,0.07009994,0.88749657,0
1506786861,22583872,0.07010000,0.03809404,0
1506786861,22583871,0.07009207,0.62958998,0
1506786798,22583844,0.07000004,0.58896600,1
1506786644,22583789,0.07007444,2.08956161,0
1506786644,22583788,0.07007000,0.00000513,0
1506786644,22583786,0.07007000,0.82086600,0
1506786600,22583763,0.06994445,0.02947415,1
1506786600,22583762,0.06997000,0.27200000,1
1506786599,22583761,0.06997003,0.27188453,1
1506786393,22583706,0.07007000,0.27112887,0
1506786316,22583679,0.06997000,0.82000000,1
1506786226,22583585,0.06996039,0.14329000,1
1506786176,22583543,0.06995700,0.10000000,1
1506786173,22583539,0.07009123,5.88300000,0
1506786125,22583520,0.07005000,0.82000000,0
1506785833,22583389,0.07005499,0.59888824,0
1506785810,22583368,0.06997800,0.49987568,1
1506785765,22583250,0.07005400,1.18156600,0
1506785763,22583229,0.07005400,0.83819700,0
1506785763,22583226,0.07004788,2.14204000,0
1506785762,22583212,0.07004789,0.20000000,0
1506785637,22582941,0.06990011,1.44591933,1
1506785558,22582834,0.06999699,0.18303600,1
1506785538,22582814,0.06997799,0.17999760,1
1506785533,22582797,0.06999100,1.47293400,0
1506785515,22582785,0.06992117,0.20000000,0
1506785475,22582756,0.06986012,1.44451421,1
1506785475,22582755,0.06986012,3.96727690,1
1506785473,22582750,0.06986012,5.40876584,1
1506785473,22582747,0.06986012,6.70857800,1
1506785473,22582746,0.06986012,1.44469600,1
1506785472,22582742,0.06986012,3.96195398,1
1506785472,22582741,0.06986012,1.38595800,1
1506785470,22582730,0.06986011,4.87204500,0
1506785457,22582705,0.06986006,1.44469600,1
1506785455,22582702,0.06986006,2.55573100,1
1506785454,22582696,0.06986006,4.87204500,1
1506785454,22582695,0.06986006,0.26986500,1
1506785450,22582693,0.06986004,4.57241200,1
1506785450,22582692,0.06986005,2.85000000,1
1506785448,22582676,0.06986004,7.14840800,1
1506785448,22582674,0.06986004,0.26986500,1
1506785445,22582669,0.06986004,0.85303800,1
1506785426,22582641,0.06990000,0.10000000,1
1506785419,22582634,0.06990000,2.04204000,1
1506785417,22582630,0.06990000,2.68463996,1
1506785416,22582627,0.06991000,0.85796000,1
1506785416,22582626,0.06991000,2.14204000,1
1506785384,22582585,0.06991000,0.20880533,1
1506785369,22582572,0.06991000,0.32700000,0
1506785307,22582541,0.07002725,2.78879178,0
1506785307,22582540,0.06998006,0.09746107,0
1506785303,22582538,0.06992111,0.15013100,1
1506785185,22582448,0.06996557,6.33715500,1
1506785135,22582411,0.06996542,1.33326747,1
1506785135,22582409,0.06997040,0.04748453,1
1506785099,22582401,0.06997041,2.85000000,1
1506785048,22582387,0.06999000,0.10253393,1
1506785041,22582377,0.07003497,0.30300948,0
1506784892,22582292,0.07000008,2.24879100,0
1506784891,22582291,0.07000008,0.83606600,0
1506784827,22582273,0.06998602,0.36053500,0
1506784826,22582272,0.07007300,2.22312891,0
1506784826,22582271,0.07006300,0.50000000,0
1506784825,22582270,0.06998603,5.95883100,0
1506784825,22582269,0.06998602,3.31804009,0
1506784755,22582243,0.06999000,1.79888300,1
1506784691,22582215,0.06999000,0.99999500,1
1506784685,22582208,0.06999000,0.20112200,1
1506784641,22582195,0.07008871,0.07116025,0
1506784470,22582136,0.07008900,0.31000000,0
1506784461,22582124,0.06999907,1.78699881,0
1506784453,22582120,0.07004723,0.50000000,0
1506784450,22582115,0.06999907,0.50000000,0
1506784447,22582112,0.06999907,0.50000000,0
1506784430,22582090,0.06999907,0.50000000,0
1506784240,22581922,0.07001000,3.00000000,1
1506784020,22581725,0.07014895,1.20000000,0
1506783947,22581647,0.07009099,0.90581486,0
1506783916,22581608,0.06997040,0.95251547,1
1506783916,22581607,0.07000000,15.00000000,1
1506783915,22581606,0.07000060,2.85000000,1
1506783915,22581605,0.07001200,5.00000000,1
1506783915,22581604,0.07001500,0.50000000,1
1506783913,22581603,0.07002000,0.32700000,1
1506783910,22581600,0.07002327,0.14406640,0
1506783760,22581468,0.07016000,0.91196000,1
1506783752,22581456,0.07016000,0.19650770,0
1506783743,22581430,0.07015997,1.90859490,0
1506783743,22581429,0.07015997,0.14422748,0
1506783660,22581315,0.07004100,0.12694546,1
1506783660,22581314,0.07007004,0.11214299,1
1506783657,22581312,0.07007004,0.23908845,1
1506783616,22581288,0.07020397,0.20004558,0
1506783614,22581282,0.07020400,0.50000000,0
1506783602,22581265,0.07020397,0.50866798,0
1506783548,22581226,0.07007004,0.23930600,1
1506783195,22580944,0.07021771,0.65865150,0
1506783162,22580926,0.07021833,4.84277305,0
1506783120,22580904,0.07008901,2.82965000,1
1506783055,22580875,0.07020028,1.52106324,1
1506783053,22580874,0.07020028,1.32893676,0
1506783053,22580873,0.07020028,1.52106324,0
1506783051,22580869,0.07020025,8.32830366,0
1506783002,22580822,0.07020100,0.50000000,0
1506783002,22580821,0.07014600,5.00000000,1
1506783001,22580820,0.07011000,0.10000000,0
1506782686,22580685,0.07010997,1.20488400,0
1506782583,22580648,0.07010677,0.50000000,0
1506782021,22580403,0.07011000,0.20000000,0
1506781930,22580386,0.07011000,0.61809742,0
1506781924,22580385,0.07011000,1.97239564,0
1506781585,22580295,0.07000300,0.50000000,0
1506781582,22580292,0.07000499,0.19000000,0
1506781561,22580277,0.06999000,1.89783292,1
1506781556,22580273,0.06999000,1.08255708,1
1506781551,22580263,0.06999000,0.01961000,1
1506781551,22580262,0.07000001,2.85000000,1
1506781549,22580256,0.07000000,2.95863300,1
1506781546,22580250,0.07000000,3.13737100,1
1506781544,22580248,0.07000000,0.90399600,1
1506781544,22580247,0.07000400,0.09000000,1
1506781542,22580242,0.07001000,0.09000000,1
1506781542,22580241,0.07001000,0.43303775,1
1506781542,22580240,0.07001000,2.56696225,1
1506781541,22580239,0.07001000,0.39167075,1
1506781539,22580230,0.07001000,0.24442700,1
1506781531,22580220,0.07001000,0.39816398,1
1506781531,22580219,0.07001001,0.10183602,1
1506781520,22580215,0.07001000,0.20802200,1
1506781518,22580212,0.07001000,1.75771627,1
1506781518,22580211,0.07001194,0.09952573,1
1506781486,22580174,0.07003002,0.26699500,1
1506781485,22580173,0.07003002,0.17293700,1
1506781454,22580147,0.07003001,0.17292200,1
1506780981,22579954,0.07003000,3.00000000,1
1506780981,22579953,0.07003064,8.97875491,1
1506780638,22579796,0.07006009,0.26551038,1
1506780483,22579754,0.07008308,3.05507406,1
1506780481,22579746,0.07008311,3.05507400,1
1506780455,22579731,0.07008313,0.30045700,1
1506780178,22579627,0.07009000,0.33615252,1
1506779982,22579552,0.07019424,0.26600000,0
1506779977,22579545,0.07019418,1.00499136,0
1506779906,22579526,0.07014600,0.13733113,1
1506779796,22579488,0.07006000,0.46567723,1
1506779638,22579450,0.07015936,9.35421793,0
1506779580,22579428,0.07016097,0.96676300,0
1506779517,22579372,0.07016201,0.14882000,0
1506779448,22579339,0.07016457,0.20000000,0
1506779179,22579260,0.07017359,0.20000000,0
1506779065,22579231,0.07004028,1.00000000,1
1506779041,22579227,0.07017573,0.20454700,0
1506778931,22579194,0.07008494,2.82965000,1
1506778908,22579185,0.07014294,0.14260500,1
1506778663,22578922,0.07006005,0.26638621,1
1506778662,22578921,0.07007000,0.14260000,1
1506778662,22578920,0.07007001,0.15673385,1
1506778520,22578828,0.07016797,1.22000000,0
1506778508,22578821,0.07012000,0.15678000,0
1506778487,22578806,0.07006000,3.00000000,1
1506778487,22578805,0.07007000,0.15674582,1
1506778462,22578790,0.07007000,0.01343571,0
1506778461,22578788,0.07007000,0.15678000,0
1506778460,22578786,0.07007000,0.15679000,0
1506778452,22578784,0.07004002,5.03865627,1
1506778452,22578782,0.07005700,0.50000000,1
1506778451,22578781,0.07008600,5.00000000,1
1506778385,22578746,0.07024300,0.20027000,1
1506778368,22578726,0.07020700,0.09873500,1
1506778366,22578724,0.07021600,0.50000000,1
1506778362,22578719,0.07024300,1.46521340,0
1506778359,22578708,0.07024300,2.22313900,1
1506778359,22578707,0.07025601,2.85000000,1
1506778352,22578701,0.07025602,2.27686061,1
1506778348,22578692,0.07028300,0.50000000,1
1506778337,22578690,0.07028000,4.71803700,1
1506778337,22578689,0.07029400,0.50000000,1
1506778326,22578684,0.07029700,1.90428900,1
1506778325,22578683,0.07029700,0.61750200,1
1506778324,22578679,0.07030900,0.50000000,1
1506778316,22578677,0.07032900,0.50000000,1
1506778315,22578675,0.07032906,13.39685794,1
1506778313,22578673,0.07035712,0.12689029,1
1506778114,22578606,0.07039000,0.15674000,1
1506778100,22578586,0.07040100,0.15673000,1
1506778096,22578584,0.07040100,0.15672000,1
1506778091,22578568,0.07039400,0.20000000,1
1506778059,22578525,0.07043600,0.20000000,1
1506778032,22578512,0.07046893,4.84098178,0
1506778030,22578509,0.07046895,4.84000000,0
1506777974,22578482,0.07036000,0.15678000,1
1506777777,22578431,0.07041000,0.21269500,0
1506777777,22578430,0.07040997,0.57143422,0
1506776733,22578078,0.07029000,1.74441034,0
1506776733,22578077,0.07029000,0.21270000,1
1506776721,22578068,0.07035797,0.19995295,0
1506776710,22578053,0.07034300,0.00728350,0
1506776707,22578047,0.07034300,5.90159650,1
1506776700,22578040,0.07034300,0.21940350,0
1506776698,22578034,0.07034300,0.28059650,0
1506776280,22577854,0.07034242,1.00000000,0
1506776111,22577796,0.07028000,2.83430600,0
1506776025,22577773,0.07023503,0.50000000,0
1506776024,22577771,0.07026000,0.82000000,1
1506776012,22577767,0.07028002,0.10892079,1
1506775971,22577754,0.07032843,0.49093156,1
1506775864,22577734,0.07045571,0.36000000,0
1506775861,22577727,0.07045568,0.30000000,0
1506775533,22577630,0.07031700,3.05824078,1
1506775532,22577629,0.07033000,0.32700000,1
1506775532,22577628,0.07033004,0.43384822,1
1506775472,22577574,0.07037101,0.10000000,1
1506775389,22577551,0.07047144,2.63430700,0
1506775265,22577509,0.07047360,1.81040700,0
1506775140,22577481,0.07047542,2.14303718,0
1506774996,22577399,0.07047744,0.66711800,0
1506774896,22577356,0.07047882,0.39460500,0
1506774800,22577331,0.07048016,2.16585200,0
1506774571,22577227,0.07032020,0.46012055,1
1506774409,22577180,0.07039600,1.52999426,0
1506774409,22577179,0.07039600,0.94000000,0
1506774409,22577177,0.07039600,0.38621074,0
1506774368,22577169,0.07039600,1.52671898,0
1506774348,22577164,0.07039600,0.93707028,0
1506774220,22577126,0.07037086,0.32608667,0
1506774160,22577103,0.07037116,0.15000000,0
1506774148,22577099,0.07026027,2.12465500,1
1506773922,22576999,0.07038400,0.58753499,0
1506773922,22576998,0.07033000,0.82000000,0
1506773791,22576920,0.07023027,0.35000000,1
1506773733,22576781,0.07026000,0.16143100,0
1506773642,22576706,0.07036500,0.36000000,0
1506773611,22576698,0.07030000,0.16556329,0
1506773516,22576527,0.07043733,2.58916288,0
1506773350,22576472,0.07030403,0.34811317,1
1506773348,22576471,0.07032404,0.42188683,1
1506773288,22576415,0.07047988,0.09943084,0
1506773131,22576210,0.07053395,2.17527677,0
1506773131,22576209,0.07051200,0.50000000,0
1506773123,22576208,0.07039013,2.00995865,1
1506773123,22576207,0.07039014,0.84004135,1
1506773111,22576194,0.07039012,1.67422321,1
1506773103,22576185,0.07046100,0.18806700,0
1506773100,22576177,0.07039000,0.32700000,1
1506773100,22576176,0.07039000,0.62438500,1
1506773100,22576175,0.07039010,3.87453289,1
1506772871,22576044,0.07039000,0.19561500,1
1506772864,22576042,0.07039006,0.12929000,1
1506772769,22576002,0.07045100,0.27941256,1
1506772769,22576001,0.07045101,0.22093744,1
1506772761,22575987,0.07052771,2.93284308,0
1506772740,22575956,0.07052794,1.07097981,0
1506772729,22575938,0.07052800,0.02021456,0
1506772728,22575937,0.07049500,0.18000000,0
1506772728,22575936,0.07046000,0.00000544,0
1506772688,22575906,0.07038100,0.20000000,0
1506772681,22575898,0.07046000,0.22093200,0
1506772615,22575851,0.07046000,0.59906256,0
1506772382,22575771,0.07036001,0.14997098,1
1506772372,22575769,0.07038013,3.83376723,1
1506772262,22575749,0.07053396,1.00000000,1
1506771996,22575659,0.07036300,5.00000000,1
1506771989,22575640,0.07051000,0.49995026,0
1506771985,22575632,0.07051300,0.50000000,0
1506771980,22575624,0.07034900,0.98400000,1
1506771973,22575611,0.07053214,0.83711000,0
1506771961,22575566,0.07039035,0.98400000,1
1506771916,22575496,0.07053281,2.43065723,0
1506771901,22575445,0.07053289,0.55000000,0
1506771794,22575350,0.07040000,0.52377000,1
1506771794,22575349,0.07040000,0.09108800,1
1506771783,22575343,0.07040001,0.49996080,1
1506771783,22575342,0.07040007,1.47626936,1
1506771754,22575327,0.07050695,2.27689565,0
1506771745,22575324,0.07040009,1.01860000,1
1506771640,22575281,0.07043303,5.00000000,0
1506771638,22575280,0.07043304,6.03506500,0
1506771637,22575275,0.07043304,1.59291300,1
1506771636,22575274,0.07044400,0.50000000,1
1506771636,22575272,0.07043308,6.03506500,1
1506771633,22575266,0.07059901,0.40195636,0
1506771597,22575249,0.07045003,3.37267800,1
1506771580,22575226,0.07046000,0.08905922,1
1506771580,22575225,0.07050000,0.49999978,1
1506771579,22575224,0.07050000,0.32000022,1
1506771579,22575223,0.07050001,0.90493378,1
1506771567,22575212,0.07050100,0.50000000,1
1506771439,22575164,0.07050003,0.49934400,1
1506771362,22575128,0.07063731,0.50000000,0
1506771324,22575113,0.07063765,12.00000000,0
1506771020,22575022,0.07050003,9.01933159,1
1506770720,22574918,0.07054300,1.93116316,1
1506770720,22574917,0.07054500,0.50000000,1
1506770720,22574916,0.07056501,0.13541880,1
1506770703,22574907,0.07067952,0.18000000,1
1506770701,22574906,0.07064000,0.82000000,0
1506770383,22574771,0.07059215,0.21000000,1
1506770383,22574770,0.07059215,2.63820000,1
1506770373,22574764,0.07059215,0.21180000,1
1506770359,22574750,0.07059216,0.19971596,0
1506770316,22574724,0.07063000,0.82000000,1
1506769855,22574485,0.07066400,0.50000000,1
1506769849,22574472,0.07067301,0.14957357,1
1506769703,22574409,0.07082300,0.34399400,0
1506769703,22574408,0.07082299,0.35839100,0
1506769703,22574407,0.07082296,2.29761500,0
1506769666,22574398,0.07076001,2.00000000,1
1506769666,22574397,0.07076000,3.00000000,1
1506769665,22574396,0.07076001,0.29761500,1
1506769626,22574387,0.07079700,3.24000000,1
1506769622,22574382,0.07077800,0.50000000,0
1506769621,22574381,0.07076000,2.56000000,0
1506769620,22574380,0.07075997,2.55900000,1
1506769605,22574377,0.07075996,4.11193000,0
1506769605,22574376,0.07075100,0.50000000,0
1506769579,22574370,0.07073000,0.82000000,0
1506769579,22574369,0.07072000,0.50000000,0
1506769507,22574326,0.07062504,2.85000000,1
1506769504,22574325,0.07075995,1.50000000,0
1506769503,22574324,0.07069200,5.00000000,0
1506769502,22574323,0.07062500,0.50000000,0
1506769445,22574288,0.07060395,1.96499500,1
1506769444,22574287,0.07061000,0.82000000,1
1506769444,22574286,0.07062000,0.21180000,1
1506769436,22574282,0.07067700,0.19992100,0
1506769403,22574270,0.07067000,0.82000000,0
1506769384,22574264,0.07060000,1.30003910,0
1506769378,22574261,0.07060000,0.20000000,0
1506769374,22574259,0.07059000,0.11326094,0
1506769373,22574258,0.07059000,0.09863906,0
1506769364,22574253,0.07060000,0.49996090,0
1506769314,22574222,0.07069900,0.50000000,0
1506769278,22574206,0.07057109,0.24252454,1
1506769278,22574205,0.07057109,0.38609000,1
1506769278,22574204,0.07057109,0.40459700,1
1506769276,22574202,0.07057108,1.81484500,1
1506769276,22574200,0.07058000,0.21190000,1
1506769268,22574187,0.07057011,1.07000000,1
1506769254,22574182,0.07070099,1.99787839,0
1506769245,22574163,0.07054036,0.20005000,1
1506769244,22574160,0.07068700,2.39491400,0
1506769244,22574159,0.07067200,0.50000000,0
1506769243,22574158,0.07066599,2.00000000,0
1506769238,22574144,0.07065100,0.10508633,0
1506769238,22574143,0.07062500,0.50000000,0
1506769230,22574137,0.07054020,0.10000000,1
1506769225,22574130,0.07054017,5.06178500,1
1506769222,22574113,0.07054016,0.50000000,1
1506769219,22574110,0.07054014,0.50000000,1
1506769217,22574109,0.07054013,0.50000000,1
1506769215,22574104,0.07054012,0.50000000,1
1506769212,22574079,0.07054011,0.50000000,1
1506769203,22574069,0.07065100,0.78791000,0
1506769202,22574067,0.07065000,0.21210000,0
1506769201,22574066,0.07052620,0.50000000,1
1506769199,22574065,0.07053700,0.50000000,1
1506769197,22574063,0.07052615,0.50000000,1
1506769194,22574061,0.07052612,0.50000000,1
1506769191,22574055,0.07052610,0.50000000,1
1506769189,22574052,0.07052609,0.50000000,1
1506769186,22574051,0.07053200,0.50000000,1
1506769184,22574048,0.07052606,0.50000000,1
1506769182,22574044,0.07052605,0.50000000,1
1506769180,22574041,0.07052604,0.50000000,1
1506769178,22574038,0.07052603,0.50000000,1
1506769175,22574036,0.07051314,0.50000000,1
1506769173,22574035,0.07051313,0.50000000,1
1506769171,22574034,0.07051312,0.50000000,1
1506769169,22574031,0.07051311,0.50000000,1
1506769167,22574030,0.07055000,0.50000000,1
1506769165,22574029,0.07051310,0.25667476,1
1506769165,22574028,0.07051311,0.24332524,1
1506769163,22574026,0.07051310,0.50000000,1
1506769160,22574022,0.07051310,0.50000000,1
1506769158,22574020,0.07051309,0.50000000,1
1506769155,22574016,0.07057900,0.50000000,1
1506769152,22574012,0.07051302,0.41490601,1
1506769152,22574011,0.07051302,0.08509399,1
1506769150,22574009,0.07051302,0.50000000,1
1506769148,22574003,0.07051302,0.31188000,1
1506769146,22574000,0.07051304,0.31188000,1
1506769144,22573999,0.07053800,0.50000000,1
1506769143,22573997,0.07051300,0.50000000,1
1506769142,22573996,0.07065100,2.05000000,0
1506769139,22573995,0.07051303,0.31188000,1
1506769137,22573994,0.07048607,0.31188000,1
1506769135,22573993,0.07056000,0.50000000,1
1506769131,22573990,0.07053900,0.50000000,1
1506769130,22573989,0.07065100,9.31248200,0
1506769110,22573976,0.07061415,0.31188500,0
1506769107,22573975,0.07061416,0.14248400,0
1506769073,22573960,0.07061416,0.18811500,0
1506769034,22573930,0.07047800,0.26814300,1
1506769032,22573929,0.07049804,0.26814300,1
1506769030,22573927,0.07051004,0.28790000,1
1506769030,22573926,0.07052000,0.21210000,1
1506769027,22573925,0.07051003,0.21210000,1
1506769025,22573923,0.07051003,0.50000000,1
1506769024,22573921,0.07065100,1.84152767,0
1506769018,22573915,0.07049803,0.50000000,1
1506769017,22573912,0.07065100,0.18799400,0
1506769008,22573892,0.07064600,1.55113361,0
1506769008,22573891,0.07061417,0.20000000,0
1506769006,22573887,0.07060000,0.10000000,0
1506769006,22573885,0.07056373,0.60250900,0
1506768995,22573874,0.07056373,1.39749100,0
1506768961,22573860,0.07045173,0.20000000,1
1506768949,22573856,0.07056355,0.19336908,0
1506768646,22573746,0.07056368,0.42695600,0
1506768588,22573725,0.07042600,4.67359566,1
1506768588,22573724,0.07042601,0.32640434,1
1506768587,22573723,0.07042602,6.45095900,1
1506768517,22573651,0.07056256,10.68582546,0
1506768513,22573649,0.07056258,0.38988086,0
1506768500,22573638,0.07056262,4.63468922,0
1506768489,22573629,0.07056266,4.39428607,0
1506768489,22573628,0.07056265,0.24036063,0
1506768462,22573612,0.07056270,2.79667450,0
1506768460,22573608,0.07056271,1.62902974,1
1506768239,22573463,0.07041300,0.30000000,1
1506768234,22573460,0.07043400,0.30000000,1
1506768231,22573459,0.07043406,0.30000000,1
1506768225,22573452,0.07043200,0.17218822,1
1506768225,22573451,0.07043204,0.12781178,1
1506768184,22573376,0.07053600,4.08358902,0
1506768184,22573372,0.07053599,0.14959686,0
1506768176,22573334,0.07047600,5.00000000,0
1506768167,22573327,0.07050000,2.00000000,0
1506768167,22573326,0.07048400,0.50000000,0
1506768166,22573325,0.07046000,0.21270000,0
1506768166,22573324,0.07043500,0.10000000,0
1506768070,22573240,0.07032016,0.02742838,1
1506768070,22573239,0.07033000,0.21270000,1
1506767922,22573164,0.07030107,0.24036063,1
1506767833,22573138,0.07036828,0.99100000,1
1506767602,22573051,0.07043499,1.55629061,0
1506767432,22572949,0.07043497,2.34480000,0
1506767431,22572948,0.07043497,52.73424200,0
1506767430,22572945,0.07043497,73.71792100,0
1506767421,22572940,0.07043496,1.59923669,0
1506766938,22572717,0.07025000,1.00000000,0
1506766901,22572694,0.07021000,2.60985985,0
1506766868,22572682,0.07021000,5.00000000,0
1506766866,22572680,0.07021000,9.95180800,0
1506766865,22572678,0.07020987,11.34223000,0
1506766858,22572674,0.07020987,7.60986000,0
1506766828,22572632,0.07020000,7.00000000,0
1506766827,22572627,0.07017713,17.56166800,0
1506766824,22572624,0.07017713,2.94000000,0
1506766804,22572622,0.07017713,0.08176400,0
1506766796,22572616,0.07017713,2.00000000,0
1506766790,22572609,0.07017726,16.46899000,0
1506766779,22572603,0.07017726,8.53100976,0
1506766721,22572581,0.07003204,3.18999500,1
1506766694,22572573,0.07017796,6.00000000,0
1506766620,22572550,0.07012700,1.42396453,0
1506766596,22572544,0.06997413,0.84494400,1
1506766561,22572525,0.07009187,0.20000000,0
1506766484,22572445,0.06997319,0.24232570,1
1506766336,22572395,0.07007973,7.45200000,0
1506766320,22572393,0.07007987,5.07304437,0
1506766308,22572386,0.07008000,4.99999969,0
1506766307,22572385,0.07007999,0.74225900,0
1506766307,22572384,0.06998036,0.00000031,0
1506766305,22572376,0.06998036,2.39669100,0
1506766188,22572341,0.07000003,0.50482906,0
1506766179,22572339,0.06997118,0.25740000,1
1506766139,22572305,0.07000003,1.92900894,0
1506765662,22572096,0.07009000,0.50000000,1
1506765556,22572047,0.06997049,3.17609700,1
1506765434,22572024,0.06999600,0.50000000,1
1506765422,22572021,0.07013719,0.50000000,0
1506765366,22572008,0.07013749,0.15171000,0
1506765359,22572007,0.07013752,0.14640000,0
1506765355,22572006,0.07013754,0.14431000,0
1506765342,22572003,0.07013762,0.15570000,0
1506765334,22572001,0.07013767,0.14810000,0
1506765327,22572000,0.07013770,0.17635000,0
1506765311,22571993,0.06999010,0.49998012,0
1506765186,22571949,0.07001004,1.67197036,1
1506765184,22571948,0.07010200,0.62328455,0
1506765183,22571947,0.07010199,0.74356300,0
1506765183,22571946,0.07003055,0.00013245,0
1506765181,22571944,0.07002000,0.21350000,0
1506765135,22571933,0.07003055,0.49986755,0
1506765065,22571913,0.06996404,2.40208300,1
1506765063,22571911,0.07012289,2.15000000,1
1506765061,22571910,0.07012289,2.85000000,0
1506765006,22571885,0.07004000,0.21350000,1
1506764909,22571834,0.07011600,5.00000000,0
1506764739,22571751,0.07006988,0.20000000,0
1506764697,22571693,0.07006988,0.44873200,0
1506764677,22571677,0.07006989,5.24458118,1
1506764676,22571674,0.07002000,0.00000582,0
1506764669,22571665,0.07002000,0.20366400,0
1506764643,22571636,0.07002000,0.79633018,0
1506764641,22571635,0.06999884,0.70651522,0
1506764641,22571634,0.06999884,0.49708314,0
1506764641,22571633,0.06999884,1.00007146,0
1506764576,22571602,0.06995000,2.04495011,1
1506764564,22571599,0.06995000,0.83403989,1
1506764503,22571588,0.06995000,0.12101000,1
1506764287,22571538,0.06999957,0.11747843,1
1506764285,22571535,0.06995416,0.00000001,0
1506764269,22571521,0.06993001,2.85000000,1
1506764182,22571507,0.06995416,6.00237829,0
1506764170,22571497,0.06996000,1.99992854,1
1506764170,22571496,0.06997020,1.00000000,1
1506764141,22571484,0.06997036,0.38934165,1
1506764141,22571482,0.06997036,0.21000000,1
1506764140,22571481,0.06997036,0.18000000,1
1506764140,22571480,0.06997036,0.40891135,1
1506764114,22571474,0.06997036,0.42149400,1
1506764101,22571468,0.07003477,0.12944886,0
1506764057,22571459,0.06997036,1.60713465,1
1506764056,22571457,0.06997036,0.21653600,1
1506764054,22571453,0.06997036,0.17592400,1
1506763808,22571398,0.06997012,0.42443300,1
1506763779,22571388,0.07008132,0.07116775,0
1506763743,22571385,0.06997000,0.19999500,1
1506763726,22571376,0.06997000,0.49993500,1
1506763688,22571330,0.06998003,0.99995500,1
1506763578,22571299,0.07008280,4.94819784,1
1506763578,22571296,0.07006600,5.00000000,1
1506763576,22571295,0.06998066,0.59045843,0
1506763553,22571288,0.06998103,0.50000000,0
1506763505,22571273,0.07017415,4.09257863,1
1506763505,22571271,0.07012265,0.14000000,0
1506763505,22571269,0.07011500,0.50000000,0
1506763504,22571266,0.07008300,5.00000000,0
1506763502,22571263,0.06998319,0.26742137,0
1506763248,22571198,0.07011993,1.19196482,0
1506763139,22571172,0.06999203,5.50000000,0
1506762642,22571004,0.07010842,0.96386612,1
1506762641,22571003,0.07010842,2.83000000,1
1506762640,22571002,0.07010842,2.83000000,0
1506762601,22570996,0.07010862,0.50000000,0
1506762544,22570986,0.07011200,6.18186100,1
1506762544,22570984,0.07010200,0.50000000,0
1506762476,22570976,0.07006000,0.61748100,0
1506762473,22570975,0.07006000,1.87000000,0
1506762472,22570974,0.06996151,0.00000022,0
1506762389,22570960,0.06996151,12.43921100,0
1506762372,22570945,0.07004497,0.10032600,0
1506762368,22570941,0.07004500,0.12913800,0
1506762327,22570935,0.07008497,1.13862487,0
1506762313,22570928,0.06996097,2.64228179,1
1506762063,22570828,0.07006300,0.09772957,0
1506762063,22570827,0.07005000,0.14240000,0
1506762061,22570825,0.07005997,0.24012957,0
1506761897,22570765,0.06997800,0.74331400,1
1506761891,22570750,0.06991752,2.83000000,0
1506761890,22570748,0.06991752,0.14233965,0
1506761890,22570746,0.07001800,0.49991618,0
1506761890,22570744,0.06998600,2.49985708,0
1506761889,22570740,0.06998600,2.50007148,1
1506761888,22570739,0.06998600,2.49992852,1
1506761888,22570738,0.07001800,0.50000000,1
1506761888,22570734,0.07005680,0.09338112,1
1506761883,22570707,0.07005680,0.40661888,1
1506761826,22570686,0.07005762,0.76713300,1
1506761783,22570671,0.07005762,1.33349500,1
1506761391,22570491,0.07006975,1.14090000,1
1506761391,22570490,0.07009300,5.00000000,1
1506761391,22570489,0.07019000,0.12910000,1
1506761354,22570458,0.07020999,0.20000000,0
1506761317,22570441,0.07021000,0.20000000,0
1506761276,22570427,0.07019000,0.20000000,0
1506760741,22570233,0.07018383,0.20000000,0
1506760395,22570156,0.07012000,0.21330000,1
1506760344,22570137,0.07022070,2.98339476,0
1506760192,22570089,0.07018956,2.30891075,1
1506760190,22570088,0.07018000,0.21340000,0
1506759861,22569959,0.07011000,0.21340000,1
1506759629,22569877,0.07010006,0.43788654,1
1506759601,22569857,0.07022899,0.50000000,0
1506759586,22569854,0.07019699,2.62083200,0
1506759575,22569850,0.07016199,0.35394300,0
1506759574,22569848,0.07013400,2.65248804,0
1506759572,22569847,0.07015798,2.34751196,1
1506759571,22569846,0.07010000,0.08342604,0
1506759571,22569845,0.07010000,0.15617000,0
1506759571,22569844,0.07010000,0.03372400,0
1506759545,22569826,0.07009141,1.72932178,0
1506759540,22569816,0.07009141,0.42390300,0
1506759536,22569809,0.07009142,2.40609144,0
1506759536,22569808,0.07009141,0.42390356,0
1506759528,22569786,0.07009142,0.20000000,0
1506759519,22569783,0.07009143,0.20000000,0
1506759509,22569769,0.07009171,0.20000000,0
1506759505,22569765,0.07009184,0.20000000,0
1506759497,22569757,0.07009212,0.89493708,0
1506759314,22569701,0.07009716,0.28460664,0
1506759141,22569627,0.07009687,1.85253600,0
1506759123,22569611,0.07003699,6.67465477,1
1506759068,22569598,0.06990000,0.08342604,1
1506759067,22569597,0.06990004,0.79917647,1
1506759067,22569596,0.06990563,4.59506652,0
1506759065,22569595,0.06994999,0.27233097,1
1506758881,22569525,0.07006122,0.20000000,0
1506758821,22569508,0.07006289,0.30000000,0
1506758800,22569482,0.07006346,0.20000000,0
1506758658,22569422,0.06998599,0.19960182,0
1506758658,22569421,0.06998599,0.22023400,0
1506758621,22569397,0.06990000,0.15617000,1
1506758620,22569396,0.06990000,0.03372400,1
1506758619,22569395,0.06990012,0.10000000,1
1506758616,22569390,0.06994199,0.20000000,0
1506758572,22569320,0.06999400,0.00000026,1
1506758542,22569277,0.07001864,1.22903598,0
1506758540,22569273,0.07001864,3.79254685,0
1506758523,22569261,0.06999400,2.01807600,1
1506758468,22569217,0.07002158,0.15652000,0
1506758454,22569206,0.06992214,1.00000000,1
1506758312,22569050,0.06998100,3.81466400,1
1506758310,22569044,0.06998903,0.68533642,1
1506758310,22569043,0.06999700,0.50000000,1
1506758258,22568878,0.07014996,3.76581341,0
1506758241,22568847,0.07012200,0.19989932,1
1506758220,22568801,0.07011300,0.50000000,0
1506758208,22568758,0.07014798,0.29218228,0
1506758201,22568721,0.07014966,38.33170089,1
1506758200,22568708,0.07014966,8.49778324,0
1506758194,22568682,0.06997019,0.10234659,1
1506758167,22568540,0.07008900,0.58533661,0
1506758164,22568522,0.07008900,5.00000000,1
1506758159,22568510,0.07012940,0.96730746,1
1506758080,22568418,0.07021897,1.34967146,0
1506758061,22568411,0.07012940,1.88132225,1
1506757821,22568324,0.07023497,1.33548100,0
1506757717,22568269,0.07012954,2.00000000,1
1506757683,22568248,0.07028400,1.00000000,1
1506757607,22568216,0.07012940,2.17000000,1
1506757606,22568215,0.07016207,2.83000000,1
1506757559,22568190,0.07025684,0.57133237,1
1506757558,22568189,0.07025300,0.50000000,0
1506757382,22568088,0.07021000,0.50000000,1
1506757381,22568087,0.07021000,0.50000000,0
1506757338,22568077,0.07012940,0.10811813,1
1506757338,22568076,0.07012945,0.27553053,1
1506756964,22567998,0.07030600,0.10000000,0
1506756926,22567982,0.07022363,2.83000000,1
1506756764,22567862,0.07038612,0.00010746,1
1506756762,22567860,0.07038612,0.19989254,1
1506756638,22567813,0.07031000,0.21310000,0
1506756629,22567808,0.07030697,1.00004309,0
1506756580,22567783,0.07013100,0.44435577,1
1506756580,22567781,0.07016405,0.26410643,1
1506756580,22567780,0.07017000,0.21310000,1
1506756580,22567779,0.07017764,0.17681400,1
1506756571,22567778,0.07023000,0.21280000,1
1506756561,22567767,0.07024400,0.50000000,1
1506756407,22567668,0.07040488,2.39058857,0
1506756407,22567667,0.07040100,0.50000000,0
1506756357,22567649,0.07026400,0.42843800,1
1506756357,22567648,0.07027000,0.21280000,1
1506756168,22567519,0.07039487,1.00000000,0
1506756126,22567486,0.07036800,2.75093200,0
1506755981,22567380,0.07033364,0.20873910,0
1506755981,22567377,0.07033364,0.00005990,0
1506755980,22567372,0.07033364,17.55594010,0
1506755963,22567353,0.07033369,0.56294000,0
1506755870,22567306,0.07027758,0.80969544,0
1506755798,22567274,0.07017766,0.19027156,1
1506755769,22567258,0.07017764,0.32266000,1
1506755761,22567250,0.07026828,2.50000000,0
1506755554,22567188,0.07017764,0.73614700,1
1506755163,22567030,0.07017764,0.24066900,1
1506755080,22566998,0.07017764,1.08374000,1
1506754913,22566935,0.07017764,0.73845300,1
1506754856,22566878,0.07027500,0.35180600,0
1506754852,22566867,0.07017766,0.29536300,1
1506754850,22566866,0.07017766,0.20458100,1
1506754842,22566849,0.07017766,0.18470300,1
1506754807,22566799,0.07018262,1.71690100,1
1506754788,22566784,0.07018257,1.87477719,1
1506754788,22566783,0.07018259,5.60331681,1
1506754787,22566782,0.07018256,0.16054100,1
1506754689,22566671,0.07028700,1.54929351,0
1506754688,22566670,0.07028699,0.46467249,0
1506754624,22566590,0.07032085,0.75000258,0
1506754623,22566589,0.07032085,7.33896293,1
1506754623,22566588,0.07032084,1.91103449,0
1506754501,22566564,0.07032151,3.00000000,0
1506754413,22566547,0.07032183,0.82390274,0
1506754382,22566527,0.07032197,0.50000000,1
1506754381,22566526,0.07028300,0.50000000,0
1506754299,22566498,0.07020000,0.90000000,1
1506754299,22566497,0.07020000,0.74526453,1
1506754061,22566443,0.07022500,0.50000000,1
1506754055,22566437,0.07023903,2.83000000,1
1506753932,22566405,0.07032400,5.00000000,0
1506753932,22566404,0.07032300,0.50000000,0
1506753928,22566400,0.07025011,1.27941400,0
1506753910,22566391,0.07025008,0.14181400,0
1506753885,22566355,0.07021400,0.19674554,1
1506753883,22566353,0.07025004,5.16330624,0
1506753883,22566351,0.07024300,0.81919976,0
1506753880,22566348,0.07024300,0.97194000,1
1506753880,22566346,0.07024300,0.81929900,1
1506753879,22566344,0.07024300,3.20876100,1
1506753879,22566342,0.07025000,0.50000000,1
1506753877,22566336,0.07025011,5.29216400,1
1506753749,22566292,0.07039293,0.10246100,0
1506753680,22566276,0.07023200,0.74234095,1
1506753679,22566275,0.07020001,0.42815353,1
1506753679,22566274,0.07023200,2.83000000,1
1506753679,22566273,0.07025700,3.85473547,1
1506753677,22566272,0.07023200,0.93246453,0
1506753677,22566271,0.07022000,0.21280000,0
1506753676,22566268,0.07020001,8.10258200,1
1506753675,22566264,0.07023200,2.83000000,0
1506753674,22566263,0.07023200,1.23753547,1
1506753674,22566262,0.07023200,2.83000000,1
1506753674,22566261,0.07023200,0.93246453,1
1506753674,22566260,0.07025000,0.21280000,1
1506753674,22566259,0.07030100,0.50000000,1
1506753451,22566146,0.07031699,0.87208605,0
1506753451,22566144,0.07031699,0.21301795,0
1506753440,22566109,0.07022000,4.42918500,1
1506753438,22566108,0.07021999,1.13100458,0
1506753438,22566107,0.07021999,4.41976801,0
1506753401,22566099,0.07021003,8.36694572,1
1506753395,22566094,0.07021002,7.44786358,0
1506753389,22566091,0.07021001,3.02801109,0
1506753388,22566090,0.07021001,1.86444200,1
1506753387,22566088,0.07021001,3.02814600,0
1506753383,22566085,0.07021001,2.78000000,0
1506753377,22566083,0.07021000,0.21310000,1
1506753366,22566079,0.07021000,1.61442700,1
1506753365,22566075,0.07021000,5.03423662,1
1506753365,22566074,0.07021000,0.21310000,1
1506753364,22566072,0.07022001,4.64257300,1
1506753364,22566071,0.07022001,1.61442700,1
1506753347,22566065,0.07022000,6.64866362,0
1506753347,22566063,0.07022000,0.21310000,1
1506753329,22566051,0.07023111,0.60634623,0
1506753327,22566050,0.07023111,4.33932800,0
1506753327,22566049,0.07022000,0.21260000,0
1506753289,22566038,0.07031400,0.13915100,0
1506753203,22566003,0.07026011,1.19358386,0
1506753195,22565991,0.07034500,0.44158786,0
1506753174,22565954,0.07030200,0.21260000,0
1506753173,22565951,0.07030200,1.33769317,1
1506753173,22565950,0.07030200,2.22281800,1
1506753161,22565929,0.07034097,3.45182959,1
1506753161,22565928,0.07030199,2.58055541,0
1506753160,22565927,0.07030199,1.89158500,0
1506753160,22565926,0.07030199,0.32008500,0
1506753160,22565925,0.07030199,0.21230000,0
1506753160,22565924,0.07026011,1.16340000,0
1506753069,22565866,0.07028003,0.20000000,0
1506753017,22565836,0.07028003,3.09408000,1
1506752836,22565729,0.07025008,0.69334400,1
1506752834,22565727,0.07025004,1.95887800,0
1506752833,22565725,0.07025300,0.50000000,1
1506752811,22565714,0.07039593,0.31856146,0
1506752811,22565713,0.07039590,6.66771154,0
1506752805,22565708,0.07034764,24.00000000,0
1506752805,22565706,0.07034692,0.81431083,0
1506752750,22565671,0.07034717,0.84750192,0
1506752711,22565643,0.07020003,0.51211200,1
1506752699,22565637,0.07030485,2.50372900,0
1506752682,22565625,0.07020009,2.83000000,1
1506752681,22565624,0.07020009,3.55743160,1
1506752681,22565623,0.07020010,2.83000000,1
1506752679,22565620,0.07020008,2.83418184,1
1506752673,22565619,0.07034800,3.73629758,0
1506752673,22565618,0.07030486,6.35100471,0
1506752673,22565617,0.07030485,0.82807171,0
1506752673,22565616,0.07020002,0.69217000,0
1506752578,22565574,0.07022000,0.74647400,0
1506752571,22565568,0.07022000,0.80600000,0
1506752503,22565512,0.07017764,0.60000000,1
1506752472,22565499,0.07022000,8.00000000,0
1506752462,22565493,0.07022000,0.13147100,0
1506752446,22565485,0.07022000,3.89048900,0
1506752428,22565459,0.07017764,1.10151700,1
1506752337,22565404,0.07022000,0.18379204,1
1506752216,22565309,0.07026687,0.13038100,0
1506752187,22565303,0.07026687,0.23959700,0
1506752187,22565302,0.07026687,0.83329900,0
1506752185,22565300,0.07026687,2.71990300,0
1506752185,22565299,0.07026686,2.83000000,0
1506752174,22565289,0.07026689,0.21293700,0
1506752163,22565284,0.07026689,1.75716000,0
1506752101,22565246,0.07022000,0.38800096,1
1506752101,22565245,0.07024000,0.00007118,1
1506752004,22565123,0.07024000,0.49992882,1
1506751995,22565087,0.07022000,0.32820700,1
1506751914,22565040,0.07029300,1.17475100,0
1506751913,22565039,0.07029300,3.82524900,0
1506751913,22565038,0.07022113,1.49804600,0
1506751713,22564712,0.07017780,0.39200680,1
1506751654,22564394,0.07024012,1.67475400,1
1506751650,22564367,0.07019704,7.90278000,1
1506751650,22564366,0.07024012,0.21000000,1
1506751650,22564365,0.07024012,2.61710000,1
1506751643,22564323,0.07024012,0.21290000,1
1506751627,22564255,0.07027000,0.21290000,1
1506751558,22564112,0.07036000,2.76229178,0
1506751558,22564111,0.07035999,0.28337022,0
1506751547,22564094,0.07021003,1.80474700,1
1506751542,22564083,0.07020443,0.80329000,1
1506751541,22564077,0.07035200,0.18908154,1
1506751541,22564076,0.07035197,0.37705746,0
1506751530,22564041,0.07035197,0.37705746,1
1506751530,22564037,0.07035197,0.50000000,1
1506751529,22564034,0.07027027,0.14824454,0
1506751528,22564028,0.07027027,0.13492300,0
1506751347,22563803,0.07032900,0.12938010,0
1506751347,22563801,0.07032000,0.11270000,0
1506751151,22563755,0.07032700,0.14141000,0
1506750820,22563641,0.07028628,2.13415700,1
1506750818,22563639,0.07028631,0.88234600,1
1506750213,22563437,0.07049100,0.07980700,1
1506750211,22563436,0.07048499,0.12019300,0
1506750183,22563418,0.07048500,0.10000000,0
1506750175,22563412,0.07048499,0.20000000,0
1506750109,22563393,0.07048101,0.10896000,0
1506750093,22563392,0.07048100,0.20000000,0
1506750033,22563359,0.07039200,5.00000000,0
1506750032,22563358,0.07034010,0.08000000,0
1506750021,22563355,0.07030000,0.20000000,0
1506749982,22563334,0.07031130,0.10870000,0
1506749824,22563285,0.07034999,11.38200000,0
1506749781,22563228,0.07031131,0.28022900,1
1506749780,22563221,0.07031131,0.11791100,1
1506749667,22563181,0.07031041,0.10000000,1
1506749638,22563170,0.07031023,0.07992000,1
1506749635,22563168,0.07031016,3.77730000,1
1506749635,22563167,0.07032000,0.21270000,1
1506749612,22563151,0.07033020,0.20000000,1
1506749524,22563137,0.07034609,0.60334000,1
1506749150,22562992,0.07038200,4.50000000,0
1506749150,22562991,0.07037799,2.83000000,0
1506749150,22562990,0.07034900,0.50000000,0
1506749115,22562961,0.07031189,1.76619400,0
1506749108,22562957,0.07031189,0.28300000,0
1506749098,22562952,0.07031189,1.89139100,0
1506749097,22562951,0.07031189,1.00848100,0
1506749096,22562950,0.07031189,2.79000000,0
1506749092,22562949,0.07031189,0.28300000,0
1506749086,22562948,0.07031189,0.28300000,0
1506749085,22562947,0.07031189,1.00200000,0
1506749084,22562946,0.07031189,0.25800000,0
1506749080,22562943,0.07031189,0.28300000,0
1506749074,22562941,0.07031189,0.14158300,0
1506749072,22562940,0.07031189,0.21789800,0
1506749069,22562939,0.07031189,0.28300000,0
1506749064,22562938,0.07031188,0.28300000,0
1506749058,22562937,0.07031189,0.27336300,0
1506749054,22562935,0.07031189,0.28300000,0
1506749051,22562934,0.07031189,0.14158300,0
1506749049,22562930,0.07031189,0.28300000,0
1506749043,22562922,0.07031189,0.28300000,0
1506749038,22562919,0.07031189,0.19600000,0
1506749036,22562917,0.07031189,22.52700000,0
1506749024,22562915,0.07031189,0.28300000,0
1506749021,22562914,0.07031189,0.15000000,0
1506749019,22562913,0.07031189,0.28989800,0
1506748999,22562893,0.07031189,0.46735700,0
1506748998,22562892,0.07031189,0.28300000,0
1506748995,22562890,0.07031188,0.30504400,0
1506748988,22562887,0.07031188,0.07174300,0
1506748908,22562868,0.07031188,0.15224500,0
1506748792,22562835,0.07031189,6.43046200,0
1506748791,22562834,0.07031188,2.83000000,0
1506748787,22562833,0.07031188,2.83000000,0
1506748786,22562832,0.07031189,17.61332700,0
1506748785,22562831,0.07031188,2.83000000,0
1506748729,22562812,0.07031189,6.24165000,0
1506748726,22562808,0.07031189,25.50877400,0
1506748710,22562803,0.07031189,1.70593800,0
1506748707,22562802,0.07031189,1.78170300,0
1506748705,22562801,0.07031189,2.67464200,0
1506748689,22562783,0.07031189,0.24024600,0
1506748608,22562769,0.07031189,0.21475727,0
1506748606,22562765,0.07031189,0.21475727,0
1506748446,22562716,0.07031189,0.57050800,0
1506748417,22562712,0.07031189,2.64662200,0
1506748377,22562702,0.07031189,0.82401600,0
1506748377,22562700,0.07031189,0.67674500,0
1506748364,22562696,0.07031189,2.49676200,0
1506748360,22562695,0.07031189,1.99860400,0
1506748359,22562694,0.07031189,0.13321900,0
1506748358,22562693,0.07031189,1.41706600,0
1506748332,22562681,0.07031189,1.39275900,0
1506748277,22562656,0.07031189,0.17108823,0
1506748273,22562655,0.07031189,1.11009700,0
1506748271,22562654,0.07031189,0.17108823,0
1506748269,22562652,0.07031189,0.17108823,0
1506748268,22562651,0.07031189,0.15930200,0
1506748259,22562649,0.07031189,0.38669600,0
1506748257,22562648,0.07031189,0.13578800,0
1506748256,22562647,0.07031189,0.55514100,0
1506748254,22562646,0.07031189,6.29620000,0
1506748246,22562643,0.07031189,0.14159700,0
1506748223,22562637,0.07031189,0.14144300,0
1506748216,22562635,0.07031189,0.13059800,0
1506748215,22562634,0.07031189,0.62310700,0
1506748212,22562632,0.07031189,0.15600000,0
1506748204,22562629,0.07031189,0.22623000,0
1506748189,22562625,0.07031189,0.91046300,0
1506748189,22562624,0.07031189,0.20800000,0
1506748183,22562622,0.07031189,0.28200000,0
1506748177,22562621,0.07031189,0.28200000,0
1506748161,22562616,0.07031189,4.51000000,0
1506748159,22562615,0.07031189,5.00000000,0
1506748158,22562614,0.07031189,0.15596200,0
1506748152,22562613,0.07031189,5.00000000,0
1506748149,22562610,0.07031189,5.00000000,0
1506748142,22562607,0.07031193,5.00000000,0
1506748135,22562606,0.07031190,5.00000000,0
1506748128,22562605,0.07031193,11.88978171,1
1506748128,22562604,0.07031193,5.00000000,1
1506748121,22562601,0.07031196,2.71768900,0
1506748114,22562600,0.07031193,5.00000000,0
1506748107,22562594,0.07031199,4.51000000,0
1506748100,22562592,0.07031197,2.01609500,0
1506748080,22562540,0.07018016,4.82863600,1
1506748078,22562525,0.07018013,0.80328051,1
1506748074,22562487,0.07016299,0.87139900,1
1506748072,22562482,0.07031209,0.67072935,1
1506748072,22562478,0.07017764,0.37871221,0
1506748072,22562475,0.07017000,0.21270000,0
1506748072,22562473,0.06989080,5.42985615,0
1506748072,22562471,0.06989053,0.20407771,1
1506748071,22562469,0.06989068,2.83000000,1
1506748071,22562466,0.07017000,0.58216529,1
1506748069,22562449,0.07017000,0.31783471,1
1506748069,22562447,0.07017765,0.20000000,1
1506748069,22562445,0.07031196,0.72841339,1
1506748068,22562438,0.07031196,0.78797700,1
1506748067,22562430,0.07031196,0.32700000,1
1506748067,22562425,0.07031196,5.20383019,0
1506748067,22562423,0.07026713,2.57124577,0
1506748067,22562421,0.07017765,11.91253365,0
1506748066,22562407,0.07017765,1.84405635,0
1506748065,22562404,0.07017764,11.91253365,0
1506748065,22562392,0.06989053,0.73885800,1
1506748064,22562380,0.06989053,2.03399500,1
1506748064,22562379,0.06991000,3.00000000,1
1506748063,22562376,0.07017762,5.00000000,0
1506748062,22562368,0.06989053,0.19992100,1
1506748062,22562366,0.07033900,0.39567742,1
1506748061,22562365,0.07033900,0.10432258,1
1506748058,22562333,0.06989053,8.98881874,1
1506748058,22562332,0.07019000,1.48227526,1
1506748057,22562324,0.07017765,0.19992120,0
1506748057,22562323,0.06989054,1.31780354,0
1506748056,22562315,0.06989053,0.09045349,1
1506748056,22562314,0.06989053,2.12849568,1
1506748056,22562312,0.06989054,11.91253365,1
1506748056,22562310,0.06989054,0.73979601,1
1506748056,22562306,0.06989054,3.70093311,1
1506748055,22562304,0.07017765,0.20000000,1
1506748055,22562302,0.07031200,0.50000000,1
1506748055,22562298,0.07032200,5.00000000,1
1506748054,22562285,0.07042205,0.23838767,1
1506748054,22562284,0.07043200,0.10000000,1
1506748052,22562270,0.07042205,0.23838767,1
1506748046,22562209,0.07043200,4.51000000,0
1506748044,22562190,0.07026713,0.40438763,1
1506748040,22562139,0.07046197,0.16693474,0
1506748039,22562129,0.07026713,0.98659109,1
1506748037,22562110,0.07046700,0.29269097,0
1506748034,22562098,0.07026713,0.31776073,1
1506748030,22562062,0.07024742,0.20000000,1
1506748030,22562060,0.07028700,0.50000000,1
1506748030,22562058,0.07031000,0.32700000,1
1506748029,22562053,0.07032254,3.16762000,1
1506748027,22562033,0.07032254,2.57563003,1
1506748026,22562027,0.07033000,0.21270000,1
1506748026,22562026,0.07033003,12.43854997,1
1506748023,22561985,0.07032254,0.24546000,1
1506748022,22561969,0.07047478,0.56400000,0
1506748020,22561957,0.07047479,0.28200000,0
1506748002,22561934,0.07047479,0.27161614,0
1506748001,22561933,0.07047478,0.01138386,0
1506747998,22561932,0.07047478,0.28200000,0
1506747991,22561928,0.07047479,0.23700000,0
1506747987,22561925,0.07047479,0.03142512,0
1506747987,22561924,0.07047478,0.25057488,0
1506747983,22561922,0.07047478,0.09800000,0
1506747978,22561920,0.07047479,0.29289100,0
1506747973,22561919,0.07047479,0.00925662,0
1506747972,22561918,0.07047478,0.27274338,0
1506747970,22561917,0.07047478,0.14140500,0
1506747966,22561915,0.07047479,0.28200000,0
1506747962,22561914,0.07047479,0.10100000,0
1506747962,22561913,0.07047479,2.89882952,0
1506747961,22561912,0.07047478,0.10117048,0
1506747957,22561910,0.07047478,0.39088700,0
1506747954,22561909,0.07047479,0.29265700,0
1506747948,22561908,0.07047478,0.28200000,0
1506747943,22561907,0.07047478,0.28200000,0
1506747933,22561906,0.07047473,0.74333700,0
1506747929,22561905,0.07047478,0.28200000,0
1506747924,22561903,0.07047479,0.28200000,0
1506747921,22561901,0.07047479,0.86804174,0
1506747921,22561900,0.07047478,0.46177126,0
1506747919,22561899,0.07047478,0.28200000,0
1506747915,22561898,0.07047476,0.28200000,0
1506747909,22561896,0.07047478,0.75045001,0
1506747904,22561895,0.07047478,0.28300000,0
1506747900,22561892,0.07047478,0.79610001,0
1506747894,22561891,0.07047478,0.28200000,0
1506747887,22561889,0.07047475,0.28200000,0
1506747882,22561888,0.07047478,0.28200000,0
1506747879,22561887,0.07047478,0.20434300,0
1506747875,22561886,0.07030503,1.60467350,1
1506747874,22561885,0.07047479,0.28200000,0
1506747872,22561884,0.07047479,0.13595800,0
1506747871,22561883,0.07047478,0.80840018,0
1506747868,22561882,0.07047478,0.28200000,0
1506747864,22561881,0.07047478,0.28200100,0
1506747862,22561880,0.07047479,2.69137200,0
1506747861,22561879,0.07047479,0.09980000,0
1506747859,22561878,0.07047479,14.76091700,0
1506747855,22561877,0.07047479,0.42340400,0
1506747852,22561875,0.07047479,0.16000000,0
1506747851,22561874,0.07047479,4.86194235,0
1506747851,22561873,0.07047478,1.63057565,0
1506747851,22561872,0.07045700,0.50000000,0
1506747719,22561856,0.07044077,2.04000000,1
1506747677,22561846,0.07047479,0.28200000,0
1506747668,22561844,0.07047479,10.13951439,0
1506747668,22561843,0.07047478,1.93731761,0
1506747665,22561841,0.07047479,0.28200000,0
1506747662,22561840,0.07047479,0.50927951,0
1506747662,22561839,0.07047478,2.01976349,0
1506747661,22561838,0.07047478,0.28200000,0
1506747615,22561825,0.07047478,0.26706700,0
1506747609,22561823,0.07047478,1.50950700,0
1506747576,22561806,0.07047479,0.28200000,0
1506747574,22561805,0.07047479,0.60416567,0
1506747573,22561804,0.07047478,3.06897550,0
1506747573,22561803,0.07047477,0.71361483,0
1506747573,22561802,0.07047477,0.11700000,0
1506747567,22561800,0.07047477,1.46342500,0
1506747560,22561799,0.07046794,0.28200000,0
1506747557,22561798,0.07046794,0.28200000,0
1506747547,22561797,0.07046794,0.17800000,0
1506747542,22561795,0.07046794,0.28200000,0
1506747537,22561794,0.07047479,4.81113073,0
1506747537,22561793,0.07047478,3.64630752,0
1506747537,22561792,0.07046795,3.25506813,0
1506747537,22561791,0.07046795,1.12682462,0
1506747497,22561785,0.07044077,0.50000000,1
1506747492,22561784,0.07041500,0.50000000,0
1506747481,22561782,0.07042900,1.07000000,1
1506747480,22561781,0.07041700,0.50000000,0
1506747467,22561779,0.07042900,0.10000000,0
1506747463,22561778,0.07043400,0.10000000,0
1506747341,22561740,0.07047553,11.66588614,0
1506747308,22561725,0.07038013,5.50749000,1
1506747306,22561724,0.07038013,9.74625500,1
1506747289,22561662,0.07036840,0.00000033,1
1506747288,22561661,0.07036840,3.97899000,1
1506747282,22561641,0.07036840,0.33686996,1
1506747281,22561638,0.07036840,0.12442776,1
1506747281,22561635,0.07036840,0.12442776,1
1506747276,22561621,0.07036840,11.86170807,1
1506747275,22561607,0.07036840,8.57357612,1
1506747268,22561566,0.07036826,14.81985000,1
1506747268,22561564,0.07036826,0.40514574,1
1506747265,22561527,0.07036001,21.44218788,1
1506747265,22561525,0.07036800,0.65883636,1
1506747264,22561522,0.07036813,5.00000000,1
1506747263,22561501,0.07036813,19.75478000,1
1506747261,22561482,0.07036813,0.24522000,1
1506747256,22561442,0.07036800,1.40116364,0
1506747254,22561434,0.07036800,1.27405100,0
1506747254,22561431,0.07036013,0.32700000,1
1506747251,22561413,0.06950000,8.16846154,1
1506747251,22561411,0.06950000,0.43378267,1
1506747251,22561409,0.06950000,2.00000000,1
1506747251,22561407,0.06950001,4.00000000,1
1506747251,22561402,0.06960000,2.22170448,1
1506747250,22561400,0.06990000,0.10000000,1
1506747250,22561398,0.07000000,4.00000000,1
1506747250,22561396,0.07007798,0.20000000,1
1506747250,22561394,0.07009933,0.14959686,1
1506747250,22561391,0.07010000,0.00000011,1
1506747250,22561388,0.07010000,5.21199836,1
1506747250,22561386,0.07010000,0.16000000,1
1506747249,22561383,0.07010000,0.70242353,1
1506747249,22561381,0.07010002,2.83000000,1
1506747249,22561376,0.07036000,4.38249818,1
1506747248,22561368,0.07036000,0.21240000,1
1506747247,22561359,0.07036000,0.40510182,1
1506747245,22561346,0.07036800,5.00000000,1
1506747245,22561344,0.07040000,0.21240000,1
1506747244,22561341,0.07040006,3.25514536,1
1506747243,22561335,0.07045107,1.54830872,1
1506747082,22561268,0.07048101,1.67296000,1
1506747081,22561263,0.07048101,1.55876363,1
1506747063,22561239,0.07056500,11.47926700,1
1506747055,22561217,0.07054497,1.10662200,0
1506747055,22561216,0.07054496,10.66798097,0
1506747050,22561199,0.07056485,1.67295725,0
1506747049,22561188,0.07056486,0.40444768,0
1506747037,22561137,0.07051999,3.37130346,0
1506747037,22561132,0.07054500,0.19255702,0
1506747037,22561130,0.07052000,0.21210000,0
1506747014,22561070,0.07054985,1.79540560,0
1506747010,22561033,0.07036600,5.00000000,1
1506747005,22560967,0.07010001,15.72639587,1
1506747005,22560963,0.07011784,0.20000000,1
1506747005,22560959,0.07020000,0.17722649,1
1506747005,22560956,0.07022000,3.00000000,1
1506747004,22560954,0.07037300,0.50000000,1
1506747004,22560952,0.07040000,4.09684886,1
1506747000,22560914,0.07040000,0.90315114,1
1506746996,22560880,0.07020000,0.00054081,1
1506746996,22560879,0.07020001,0.19056709,1
1506746996,22560877,0.07029400,0.10000000,1
1506746996,22560876,0.07038000,0.50000000,1
1506746996,22560875,0.07040904,64.24400000,1
1506746995,22560874,0.07040905,0.95001897,1
1506746995,22560873,0.07044450,5.70989304,1
1506746994,22560872,0.07044450,0.24491000,1
1506746994,22560870,0.07044450,0.38680602,1
1506746640,22560741,0.07044452,0.98162485,1
1506746640,22560740,0.07044453,0.15377284,1
1506746350,22560588,0.07048500,0.59359100,1
1506746350,22560587,0.07050000,0.21210000,1
1506746350,22560586,0.07050000,0.32700000,1
1506746260,22560560,0.07053200,2.35236417,0
1506746260,22560559,0.07050000,0.14170000,0
1506746230,22560549,0.07053200,0.12980000,0
1506746151,22560532,0.07052000,0.10000000,0
1506746148,22560530,0.07052000,0.10000000,0
1506746146,22560529,0.07053200,0.10000000,0
1506746139,22560527,0.07053200,0.10000000,0
1506746135,22560526,0.07054000,0.21190000,1
1506745796,22560468,0.07056500,0.49999992,1
1506745796,22560467,0.07056502,0.61189308,1
1506744467,22560317,0.07046699,3.12897103,0
1506744394,22560306,0.07046671,2.82352788,1
1506744394,22560304,0.07050000,0.00647212,1
1506744272,22560269,0.07050000,0.63182561,1
1506744271,22560267,0.07050000,1.21000000,1
1506744271,22560266,0.07051000,0.00647212,1
1506744039,22560213,0.07051000,0.31891931,1
1506744010,22560204,0.07051000,1.34900000,1
1506744010,22560203,0.07051003,0.27000000,1
1506743856,22560192,0.07061955,0.18234000,0
1506743677,22560139,0.07051000,0.21200000,0
1506743614,22560137,0.07052012,0.21200000,0
1506743612,22560136,0.07051800,0.71795010,1
1506743610,22560135,0.07051800,4.28197900,1
1506743607,22560131,0.07052009,2.83000000,1
1506743605,22560127,0.07052012,6.17983500,1
1506743049,22560049,0.07062199,1.81378528,0
1506743048,22560047,0.07061000,0.08231372,0
1506742602,22559957,0.07044000,0.10000000,0
1506742422,22559937,0.07050006,0.14867400,1
1506742262,22559909,0.07054800,5.00000000,1
1506742056,22559877,0.07060000,0.19000000,1
1506741800,22559843,0.07060200,3.78474800,0
1506741800,22559842,0.07054075,0.24525200,0
1506741185,22559717,0.07056035,0.18231372,0
1506741149,22559697,0.07056017,0.18231421,1
1506741141,22559689,0.07070292,5.35078700,0
1506741130,22559665,0.07054071,0.18234265,0
1506741122,22559656,0.07070300,5.00000000,0
1506741120,22559652,0.07069786,1.52228700,0
1506740737,22559543,0.07052757,0.48194692,1
1506740736,22559542,0.07052760,6.99014911,1
1506739924,22559379,0.07063193,0.24478317,1
1506739922,22559378,0.07060000,0.05521683,0
1506739863,22559372,0.07060000,0.04478317,0
1506739862,22559371,0.07059875,1.86220683,0
1506739766,22559364,0.07046000,1.00000000,0
1506739747,22559360,0.07059994,0.34774817,0
1506739736,22559351,0.07045951,2.00000000,1
1506739537,22559310,0.07059814,0.06000000,0
1506739537,22559309,0.07059814,2.84000000,0
1506739324,22559229,0.07059884,0.00013122,0
1506739324,22559226,0.07059883,0.15425398,1
1506739322,22559225,0.07059883,0.34561480,0
1506738655,22559125,0.07052400,2.66215913,1
1506738647,22559119,0.07046924,1.19049506,0
1506738647,22559115,0.07046923,0.27909983,0
1506738630,22559114,0.07046924,0.68471800,0
1506738624,22559113,0.07046926,0.73293360,0
1506738624,22559112,0.07046925,0.86770000,0
1506738624,22559111,0.07046925,1.51594640,0
1506738617,22559110,0.07046927,2.63004500,0
1506738617,22559109,0.07046927,13.45337510,0
1506738189,22559033,0.07039900,1.50225500,1
1506738189,22559032,0.07041709,0.86770000,1
1506738189,22559031,0.07041721,2.63004500,1
1506738189,22559030,0.07041721,0.20995500,1
1506738188,22559027,0.07041724,0.20995500,1
1506738067,22559004,0.07041000,0.21230000,0
1506738058,22559001,0.07045000,0.21230000,1
1506737991,22558972,0.07045004,0.38808400,1
1506737895,22558939,0.07057854,7.61701115,0
1506737762,22558891,0.07057896,0.82000000,0
1506737391,22558741,0.07053378,4.77344393,0
1506737391,22558740,0.07053375,3.11649000,0
1506737304,22558701,0.07045781,0.76540588,0
1506737244,22558670,0.07045776,5.95649000,1
1506735947,22558325,0.07030500,0.28026600,1
1506735935,22558311,0.07037000,0.79786600,1
1506735931,22558307,0.07037000,5.00000000,0
1506735931,22558306,0.07036996,0.11881716,0
1506735930,22558304,0.07036997,0.38780300,0
1506735920,22558297,0.07030000,5.00000000,0
1506735920,22558296,0.07029999,0.46190600,0
1506735909,22558282,0.07029400,4.43927600,0
1506735909,22558281,0.07020008,0.56072400,0
1506735904,22558268,0.07020000,0.16163398,1
1506735904,22558267,0.07020001,0.11881716,1
1506735901,22558256,0.07020000,0.28035000,1
1506735899,22558253,0.07020000,0.28024872,1
1506735896,22558244,0.07020008,2.55000000,0
1506735825,22558141,0.07024083,0.27851700,1
1506735755,22558033,0.07034800,0.93685272,1
1506735750,22558028,0.07034800,2.38267800,1
1506735748,22558022,0.07034800,0.66423311,1
1506735748,22558021,0.07037600,0.94333500,0
1506735747,22558019,0.07031030,0.07356139,0
1506735746,22558018,0.07031028,0.18477400,0
1506735746,22558017,0.07031028,0.75790078,0
1506735740,22558016,0.07031028,2.95014194,0
1506735739,22558014,0.07031027,0.14914806,0
1506735738,22558013,0.07023010,3.22577600,1
1506735737,22558007,0.07030023,0.51092200,0
1506735736,22558006,0.07023004,2.38267763,1
1506735736,22558004,0.07030000,0.14914806,1
1506735736,22558002,0.07030023,0.10000000,0
1506735735,22557997,0.07031028,1.84284285,1
1506735734,22557996,0.07031027,0.23725715,0
1506735732,22557993,0.07023004,2.83988538,1
1506735732,22557992,0.07023004,1.34028400,1
1506735728,22557986,0.07020008,3.53259882,0
1506735727,22557984,0.07023000,2.84000000,1
1506735727,22557983,0.07023000,0.07901018,1
1506735724,22557978,0.07031030,0.00011061,0
1506735723,22557975,0.07023210,0.79945439,1
1506735723,22557974,0.07023210,0.10000000,1
1506735721,22557972,0.07023000,0.20576382,1
1506735721,22557971,0.07023001,0.07372218,1
1506735718,22557966,0.07023210,0.10000000,0
1506735698,22557924,0.07027786,0.07542588,1
1506735698,22557923,0.07031000,0.07367200,1
1506735672,22557882,0.07031030,14.14900000,0
1506735670,22557877,0.07040000,0.21230000,0
1506735658,22557866,0.07041000,0.47344500,0
1506735654,22557857,0.07041000,0.00000015,1
1506735653,22557854,0.07041000,0.23725700,1
1506735653,22557853,0.07041000,0.04685762,1
1506735652,22557852,0.07041001,0.23725715,1
1506735630,22557813,0.07041020,4.08099800,1
1506735626,22557799,0.07041020,6.71587200,0
1506735624,22557786,0.07059957,4.83591444,0
1506735622,22557779,0.07042700,3.58004500,1
1506735619,22557770,0.07042700,1.41995500,1
1506735613,22557740,0.07044600,4.78770000,1
1506735613,22557739,0.07046000,0.21230000,1
1506735608,22557732,0.07049000,0.90000000,1
1506735553,22557696,0.07050000,1.35380100,0
1506735333,22557623,0.07050000,0.40623300,0
1506735333,22557622,0.07049999,0.62517000,0
1506734942,22557547,0.07050000,0.23996600,0
1506734784,22557536,0.07037117,0.14999500,1
1506734222,22557470,0.07049999,2.50000000,0
1506734132,22557459,0.07046599,0.10000000,0
1506734124,22557457,0.07046600,4.51000000,0
1506733881,22557396,0.07031705,0.56795439,1
1506733875,22557395,0.07039970,0.56835200,1
1506733744,22557356,0.07045199,0.16000000,1
1506733742,22557355,0.07044382,2.84000000,0
1506733583,22557318,0.07034810,5.40452961,0
1506733583,22557317,0.07034810,1.79994739,0
1506733532,22557303,0.07034810,2.09156000,0
1506733527,22557299,0.07034810,1.70154901,0
1506733492,22557285,0.07034821,4.59875831,1
1506733491,22557284,0.07034821,0.14894862,1
1506733491,22557283,0.07034821,2.84000000,1
1506733490,22557282,0.07034817,1.51396268,0
1506733490,22557281,0.07034814,3.04866039,0
1506733349,22557246,0.07023009,0.21290000,1
1506733348,22557242,0.07023011,1.96449500,0
1506733345,22557241,0.07024000,0.21290000,1
1506733212,22557200,0.07037400,4.71157200,1
1506733211,22557199,0.07037400,5.00000000,0
1506732981,22557164,0.07031990,1.18969200,0
1506732902,22557160,0.07032086,2.00000000,0
1506732358,22557012,0.07028950,7.21502271,0
1506731897,22556917,0.07012912,1.62877529,1
1506731834,22556900,0.07012910,0.70629500,1
1506731815,22556886,0.07012910,3.57263000,1
1506731795,22556875,0.07012908,0.25691943,1
1506731773,22556861,0.07017732,2.84000000,1
1506731467,22556806,0.07010004,29.15847197,1
1506731467,22556805,0.07017635,0.14894861,1
1506731467,22556804,0.07017700,5.00000000,1
1506731467,22556803,0.07017701,2.58063559,1
1506731467,22556802,0.07017719,12.64537510,1
1506731325,22556767,0.07033696,2.82605608,0
1506731325,22556766,0.07033696,3.31804009,0
1506731325,22556765,0.07033695,0.14858590,0
1506731072,22556745,0.07021000,0.80800000,0
1506730951,22556734,0.07025300,2.82702800,1
1506730683,22556690,0.07040675,5.98298953,1
1506730682,22556689,0.07040675,4.01701047,0
1506729842,22556539,0.07034171,0.58048500,0
1506729808,22556533,0.07026597,0.14145000,0
1506729785,22556527,0.07026597,0.24044895,0
1506729785,22556526,0.07017985,0.00000025,0
1506729782,22556520,0.07017985,3.66041900,0
1506729736,22556518,0.07026597,0.35187958,0
1506729736,22556517,0.07026596,0.14380342,0
1506729725,22556516,0.07019500,3.57126279,0
1506729725,22556515,0.07019500,1.93305382,0
1506729683,22556508,0.07019500,3.06686400,0
1506729683,22556507,0.07017985,6.56383000,0
1506729669,22556498,0.07017985,0.09635691,0
