date,tid,price,amount,type
1506815263,22597321,253.97,1.00000000,1
1506815008,22597294,254.97,0.03911305,0
1506814962,22597284,254.59,0.11189000,1
1506814892,22597259,254.51,0.19991500,1
1506814811,22597249,255.21,0.02000000,0
1506814609,22597198,255.25,1.25567657,1
1506814608,22597197,255.18,0.15000000,0
1506814608,22597196,255.15,0.15000000,0
1506814608,22597195,255.08,0.15000000,0
1506814606,22597194,255.07,0.20000000,0
1506814260,22597123,255.00,2.44929411,0
1506814260,22597122,255.00,3.00000000,0
1506814260,22597121,255.00,0.24894118,0
1506814258,22597120,254.22,0.20000000,0
1506814258,22597119,254.22,0.00000138,0
1506814236,22597111,254.22,0.11148000,0
1506814232,22597110,254.22,0.20000000,0
1506814231,22597109,254.22,0.20000000,1
1506814126,22597091,255.00,4.23105882,0
1506814126,22597090,254.99,3.70000000,0
1506814126,22597089,254.98,0.15000000,0
1506813750,22597020,254.96,0.86985140,0
1506813739,22597019,254.88,5.00000000,0
1506813738,22597018,254.88,0.15000000,0
1506813738,22597017,254.78,0.15000000,0
1506813613,22596991,254.22,0.45328493,0
1506813613,22596990,254.21,0.20000000,0
1506813566,22596972,254.22,0.21008581,0
1506813566,22596971,253.82,0.31390000,0
1506813348,22596932,254.22,0.31390000,0
1506813347,22596931,254.22,0.20000000,1
1506812439,22596814,254.22,0.02360160,0
1506812435,22596811,254.22,0.47000000,0
1506812270,22596791,254.22,1.11549052,0
1506812270,22596790,254.20,2.29402000,0
1506812270,22596789,254.14,0.31500000,0
1506812268,22596788,254.13,0.20000000,0
1506811530,22596660,253.35,2.29402000,1
1506811530,22596658,253.38,0.15000000,1
1506811529,22596657,253.39,7.28000000,1
1506811529,22596656,253.48,0.15000000,1
1506811529,22596655,253.52,3.08398000,1
1506811528,22596654,253.58,0.15000000,1
1506811528,22596653,253.68,0.15000000,1
1506811528,22596652,253.70,0.31500000,1
1506811527,22596651,253.78,0.15000000,1
1506811527,22596650,253.88,0.15000000,1
1506811525,22596648,253.89,0.20000000,1
1506811094,22596498,254.17,1.00000000,1
1506810848,22596444,254.73,5.00000000,0
1506810567,22596351,255.01,0.00011764,1
1506810519,22596336,255.01,1.99988236,1
1506810093,22596253,255.07,0.21315429,0
1506810093,22596252,255.05,0.15000000,0
1506810093,22596251,254.99,0.10000000,0
1506810093,22596250,254.98,0.20000000,0
1506810080,22596245,254.95,0.15000000,0
1506810080,22596244,254.87,0.31400000,0
1506810080,22596243,254.86,0.20931689,0
1506810080,22596242,254.86,0.20000000,0
1506810068,22596239,254.27,0.92186848,1
1506810068,22596238,254.29,0.31400000,1
1506810056,22596232,254.35,0.20000000,1
1506810051,22596224,254.34,0.31370000,1
1506810049,22596223,254.40,0.31370000,1
1506810049,22596222,254.41,0.20000000,1
1506810041,22596211,254.94,0.10000000,0
1506810041,22596210,254.93,0.24035998,0
1506810041,22596209,254.91,0.06438781,0
1506810007,22596188,254.39,0.06023700,1
1506809910,22596055,254.93,0.33209253,0
1506809903,22596050,254.70,6.96416528,0
1506809872,22596033,254.72,1.02911771,0
1506809862,22596031,254.85,0.15000000,0
1506809862,22596030,254.77,0.08413520,0
1506809848,22596025,254.77,1.91586480,0
1506809848,22596024,254.75,0.15000000,0
1506809838,22596014,254.65,0.08092417,0
1506809838,22596013,254.63,0.07854530,0
1506809836,22596009,254.61,0.30981282,1
1506809836,22596008,254.60,3.74000000,0
1506809671,22595884,254.59,0.21053458,0
1506809480,22595814,254.63,0.16432607,0
1506809479,22595813,254.55,0.08092417,0
1506809469,22595800,254.45,0.08092417,0
1506809437,22595753,254.39,3.73548033,0
1506809436,22595752,254.15,0.15000000,0
1506809424,22595728,254.05,0.15000000,0
1506809411,22595707,254.04,0.43965400,0
1506809400,22595680,254.02,0.15070514,0
1506809399,22595675,254.02,0.32648536,0
1506809399,22595673,254.02,0.20092906,0
1506809399,22595670,253.95,0.15000000,0
1506809399,22595669,253.87,0.00117958,0
1506809350,22595617,253.87,0.99882048,0
1506809350,22595616,253.84,0.15087975,0
1506809320,22595607,253.85,3.16716034,0
1506809320,22595606,253.85,1.94337865,0
1506809314,22595603,253.83,5.44000000,0
1506809298,22595596,253.85,0.27084064,0
1506809217,22595562,253.88,2.30265752,0
1506809200,22595546,253.92,0.40492394,0
1506809196,22595544,253.92,0.51452831,0
1506809192,22595541,253.92,0.26330091,0
1506809176,22595521,253.94,1.10849978,1
1506809175,22595518,253.94,0.60656723,0
1506809175,22595517,253.72,0.26241230,0
1506809174,22595516,253.70,0.20000000,0
1506809162,22595497,253.77,0.05108770,0
1506809162,22595496,253.77,0.20000000,0
1506809097,22595455,253.61,0.87974221,0
1506809095,22595454,253.50,0.12151779,0
1506808972,22595425,253.30,0.60000000,0
1506808972,22595424,253.29,0.31400000,0
1506808882,22595408,253.02,0.07904510,0
1506808855,22595396,253.02,1.00000000,1
1506808852,22595395,252.48,4.72703942,0
1506808852,22595394,252.50,0.15000000,1
1506808852,22595393,252.60,0.15000000,1
1506808851,22595392,252.70,0.15000000,1
1506808851,22595391,252.78,0.07833000,1
1506808851,22595390,252.81,7.51000000,1
1506808850,22595389,252.82,2.01352452,0
1506808850,22595388,253.00,0.12151779,0
1506808850,22595387,253.00,0.45595921,1
1506808847,22595386,253.00,2.07349700,1
1506808847,22595385,253.00,1.00000000,1
1506808846,22595384,253.00,1.44781651,1
1506808846,22595383,253.00,0.08092417,1
1506808846,22595382,253.05,20.24343015,1
1506808846,22595381,253.10,0.08092417,1
1506808845,22595380,253.20,0.08092417,1
1506808845,22595377,253.25,0.61348756,1
1506808844,22595375,253.30,0.15000000,1
1506808844,22595374,253.40,0.15000000,1
1506808843,22595373,253.43,0.07812810,1
1506808843,22595372,253.50,0.15000000,1
1506808843,22595371,253.50,1.00000000,1
1506808843,22595370,253.50,3.10857800,0
1506808842,22595369,253.60,0.15000000,1
1506808841,22595368,253.66,5.00000000,1
1506808841,22595367,253.70,0.15000000,1
1506808841,22595366,253.77,0.18885432,1
1506808837,22595364,253.77,1.81114568,1
1506808837,22595362,253.80,0.15000000,1
1506808837,22595361,253.90,0.15000000,1
1506808837,22595360,253.91,0.32502732,1
1506808789,22595336,254.01,1.96350537,0
1506808741,22595318,254.00,0.00000007,1
1506808741,22595317,254.02,0.20092906,1
1506808740,22595316,254.05,0.43965400,1
1506808737,22595306,254.05,9.56034600,1
1506808689,22595292,254.00,11.50972896,1
1506808689,22595291,254.00,4.03510525,1
1506808599,22595252,254.00,6.19356690,1
1506808599,22595251,254.01,0.31350000,1
1506808599,22595250,254.03,0.20000000,1
1506808588,22595249,254.02,1.67706382,1
1506808587,22595248,254.01,1.41000000,1
1506808587,22595247,254.10,1.00000000,1
1506808587,22595246,254.54,0.31400000,1
1506808587,22595245,254.55,0.20000000,1
1506808500,22595224,255.37,1.00000000,0
1506808478,22595219,255.39,3.24213947,0
1506808401,22595182,255.53,6.75638868,1
1506808401,22595181,255.52,3.80000000,0
1506808401,22595180,255.52,0.44000000,0
1506808401,22595179,255.52,0.12092361,1
1506808400,22595178,255.45,0.10000000,0
1506808400,22595177,255.45,0.15000000,0
1506808400,22595176,255.02,2.99114900,0
1506808400,22595175,255.02,0.19364200,0
1506808399,22595172,255.01,0.31300000,0
1506808399,22595171,255.01,0.05798986,1
1506808399,22595170,255.00,0.33327779,0
1506808398,22595169,254.92,0.10000000,0
1506808345,22595164,254.89,0.19584919,0
1506808208,22595147,254.55,0.25491014,0
1506808138,22595116,254.73,0.19207639,0
1506807977,22595071,254.33,1.40856749,0
1506807977,22595070,254.32,0.20000000,0
1506807971,22595068,254.00,3.15239482,1
1506807956,22595064,254.00,15.46717408,1
1506807944,22595059,254.00,5.27807553,1
1506807943,22595058,254.00,2.76020229,1
1506807942,22595057,254.00,8.26572060,1
1506807942,22595056,254.00,1.97027559,1
1506807942,22595055,254.00,0.15000000,1
1506807942,22595054,254.10,1.47644896,1
1506807940,22595053,254.10,0.67420604,0
1506807939,22595052,254.10,0.93000000,0
1506807939,22595051,254.10,0.15000000,1
1506807939,22595050,254.10,0.47000000,0
1506807939,22595049,254.20,0.15000000,1
1506807938,22595048,254.30,0.15000000,1
1506807938,22595046,254.40,0.15000000,1
1506807938,22595045,254.45,0.47305743,1
1506807936,22595043,254.46,0.28813958,1
1506807932,22595042,254.50,0.15000000,1
1506807931,22595041,254.51,1.31000000,1
1506807909,22595031,254.60,2.15504734,1
1506807908,22595030,254.60,0.09384766,1
1506807908,22595029,254.60,0.15000000,1
1506807897,22595027,254.70,0.15000000,1
1506807897,22595026,254.80,0.15000000,1
1506807891,22595025,254.91,1.60486467,1
1506807890,22595023,254.91,1.09120105,1
1506807889,22595020,254.92,1.39582672,1
1506807883,22595016,254.91,1.16399749,1
1506807866,22595003,254.91,2.05477479,1
1506807858,22594998,254.91,6.42983900,1
1506807858,22594997,254.91,1.82379000,1
1506807848,22594995,254.91,1.82142100,1
1506807797,22594957,254.92,0.31290000,1
1506807783,22594938,254.91,0.64497100,1
1506807782,22594936,254.91,5.09351091,1
1506807782,22594935,254.97,3.07761200,1
1506807782,22594933,255.00,3.89834709,1
1506807762,22594918,255.00,0.10165291,1
1506807751,22594913,255.00,0.15000000,1
1506807751,22594912,255.00,1.13183480,1
1506807741,22594905,255.00,0.42831381,1
1506807740,22594903,255.00,5.43985139,1
1506807740,22594902,255.00,18.46548361,1
1506807728,22594895,255.00,2.17424800,1
1506807711,22594890,255.00,3.20879200,1
1506807711,22594888,255.01,0.20000000,1
1506807695,22594879,255.02,1.69798616,1
1506807691,22594872,255.00,12.07900037,1
1506807691,22594871,255.00,1.61510643,1
1506807691,22594870,255.02,0.31300000,1
1506807690,22594869,255.03,0.20000000,1
1506807679,22594865,255.02,0.80625900,1
1506807518,22594795,255.50,0.84260502,0
1506807512,22594794,255.50,0.02416482,0
1506807511,22594793,255.49,0.20000000,0
1506807511,22594792,255.49,0.24870270,0
1506807487,22594785,255.49,0.04816082,0
1506807487,22594784,255.49,0.15000000,0
1506807487,22594783,255.20,0.31210000,0
1506807487,22594781,255.20,0.31200000,0
1506807390,22594765,255.40,0.19545810,1
1506807387,22594764,255.40,0.20000000,0
1506807300,22594700,255.10,0.10731300,1
1506807292,22594688,255.10,1.43105039,1
1506807290,22594686,255.11,0.12731300,1
1506807280,22594672,255.10,0.12728495,1
1506807265,22594658,255.09,0.12731300,1
1506807246,22594637,255.03,0.08644733,1
1506807245,22594636,255.15,0.15000000,1
1506807245,22594635,255.25,0.15000000,1
1506807245,22594633,255.26,3.01126262,1
1506807242,22594629,255.26,0.06450138,1
1506807242,22594626,255.35,0.15000000,1
1506807241,22594623,255.36,0.38585037,1
1506807241,22594622,255.36,0.15000000,1
1506807241,22594621,255.36,0.34232162,1
1506807241,22594620,255.45,0.15000000,1
1506807240,22594617,255.47,0.05350922,1
1506807240,22594615,255.48,0.01099216,1
1506807231,22594599,255.48,0.31200000,1
1506807229,22594596,255.51,0.80219000,0
1506807229,22594595,255.52,0.31210000,1
1506807229,22594594,255.65,0.31200000,1
1506807021,22594422,256.51,6.25164950,0
1506807014,22594420,255.79,1.64252874,1
1506807014,22594419,255.79,4.22871119,1
1506807014,22594418,255.79,0.20000000,1
1506807007,22594408,255.79,0.20000000,1
1506806999,22594398,256.55,1.48000000,0
1506806999,22594397,256.54,0.00469904,0
1506806999,22594396,255.78,1.15497197,0
1506806999,22594395,255.78,1.74309803,0
1506806996,22594390,255.78,1.48181492,0
1506806986,22594383,256.50,0.39371526,0
1506806974,22594364,256.32,0.63225656,0
1506806974,22594363,256.32,2.22000000,0
1506806974,22594362,256.31,0.31200000,0
1506806974,22594360,256.30,1.25827664,0
1506806974,22594359,256.30,0.20000000,0
1506806923,22594306,255.73,2.22380000,0
1506806923,22594304,255.73,0.31200000,1
1506806923,22594302,255.73,0.20000000,1
1506806894,22594287,256.26,0.00011820,0
1506806893,22594285,256.25,1.57670244,1
1506806892,22594284,256.25,0.31854400,0
1506806518,22594034,256.54,0.29678235,0
1506806518,22594033,256.54,4.00000000,0
1506806518,22594032,256.00,0.24538826,0
1506806482,22593997,256.00,1.55291936,0
1506806474,22593982,256.00,3.95844504,0
1506806326,22593871,256.00,0.90112000,0
1506806307,22593866,256.00,1.44619709,0
1506806307,22593865,255.97,0.13862121,0
1506806268,22593852,255.71,0.00738056,0
1506806229,22593806,255.71,0.19261944,0
1506806229,22593805,255.71,4.31525569,0
1506806200,22593794,255.71,1.56976161,0
1506806194,22593790,255.71,0.13216534,0
1506806147,22593782,255.71,0.20000000,1
1506806128,22593778,256.00,3.22666795,0
1506806014,22593648,256.53,0.15553736,0
1506805851,22593594,256.41,0.91197698,0
1506805846,22593592,256.42,0.32875828,0
1506805846,22593590,256.35,0.39031339,0
1506805846,22593588,256.20,0.68632518,0
1506805845,22593586,256.20,1.31367513,0
1506805845,22593585,255.99,0.53713485,0
1506805840,22593582,255.99,0.40834783,0
1506805840,22593581,255.98,0.31200000,0
1506805838,22593579,255.99,0.38087829,0
1506805836,22593577,255.99,1.17522005,0
1506805836,22593576,255.75,0.20000000,0
1506805834,22593570,255.75,0.32724406,0
1506805597,22593479,255.75,6.48797594,0
1506805597,22593478,255.74,0.31180000,0
1506805597,22593477,255.74,0.20000000,0
1506805562,22593469,255.75,0.20000000,0
1506805561,22593467,255.81,3.07298000,1
1506805561,22593466,255.82,0.31180000,1
1506805560,22593465,255.90,2.00000000,1
1506805426,22593435,255.69,2.04224677,0
1506805426,22593434,255.69,0.31200000,1
1506805426,22593433,255.70,0.20000000,1
1506805408,22593423,256.32,3.36856643,0
1506805408,22593422,256.00,0.03141997,0
1506805384,22593408,256.00,0.07730791,0
1506805371,22593400,256.00,0.10142212,0
1506805371,22593399,255.99,0.10124756,0
1506805366,22593398,256.00,1.14573323,0
1506805366,22593397,255.99,0.20000000,0
1506805347,22593383,255.89,0.68058652,0
1506805347,22593382,255.89,0.14997067,0
1506805347,22593381,255.55,0.04767739,0
1506805347,22593380,255.54,1.94521620,0
1506805268,22593348,255.48,2.33998854,1
1506805268,22593347,255.48,2.56001146,1
1506805243,22593337,255.50,0.31190000,0
1506805216,22593329,255.54,0.03130503,0
1506805214,22593326,255.54,0.02347877,0
1506805052,22593285,255.55,0.10227370,0
1506805052,22593284,255.55,0.29772630,0
1506805014,22593275,255.55,0.31190000,0
1506805003,22593272,255.54,4.90000000,0
1506804994,22593250,255.54,2.00000000,0
1506804912,22593236,255.54,4.00000000,0
1506804474,22593118,255.55,0.39033457,0
1506804470,22593117,255.48,0.14445069,1
1506804287,22593059,255.54,0.39371526,0
1506804253,22593041,255.48,1.29553785,1
1506804252,22593039,255.50,1.98064816,1
1506804252,22593038,255.50,0.53935184,1
1506804252,22593037,255.54,1.00000000,1
1506804252,22593036,255.55,0.15000000,1
1506804251,22593035,255.65,0.15000000,1
1506804251,22593034,255.75,0.15000000,1
1506804251,22593033,255.75,0.53060903,1
1506804237,22593016,255.75,0.46939097,1
1506804237,22593014,255.78,0.73291503,1
1506804225,22592999,255.78,0.26708497,1
1506804225,22592998,255.79,0.01169203,1
1506804200,22592957,255.79,0.31099812,1
1506804010,22592886,255.89,2.90275520,0
1506804009,22592885,255.89,3.91000000,1
1506803985,22592877,255.98,1.27160321,0
1506803984,22592876,255.98,3.91000000,1
1506803971,22592875,255.90,1.09000000,1
1506803971,22592874,255.98,3.91000000,1
1506803955,22592868,255.98,0.27877731,1
1506803890,22592846,255.97,5.09456022,1
1506803764,22592806,256.50,0.09875244,0
1506803568,22592728,255.80,0.91212323,1
1506803568,22592727,255.85,0.15000000,1
1506803568,22592726,255.95,0.15000000,1
1506803558,22592723,256.00,1.30377885,1
1506803551,22592717,256.00,2.51550196,1
1506803536,22592694,256.00,0.14997700,0
1506803536,22592693,256.00,0.61924172,1
1506803536,22592691,256.00,0.14999020,1
1506803521,22592677,256.00,1.38028992,1
1506803514,22592671,256.00,1.07688441,1
1506803509,22592669,256.05,0.15000000,1
1506803509,22592667,256.08,0.80097566,1
1506803484,22592642,256.08,0.32208267,1
1506803478,22592637,256.08,5.21033632,1
1506803478,22592635,256.08,0.32184363,1
1506803474,22592621,256.08,0.32208267,1
1506803473,22592620,256.08,0.10159669,1
1506803472,22592618,256.08,0.32218970,1
1506803471,22592615,256.08,0.35603514,1
1506803452,22592560,256.08,6.38222810,1
1506803450,22592552,256.08,1.32780350,1
1506803450,22592550,256.10,2.56126433,1
1506803449,22592535,256.10,0.51025767,1
1506803449,22592533,256.15,0.15000000,1
1506803449,22592532,256.20,0.02611296,1
1506803441,22592511,256.20,0.28620349,1
1506803403,22592426,256.20,0.00976981,1
1506803402,22592425,256.20,0.47363848,1
1506803402,22592424,256.22,0.39031339,1
1506803400,22592423,256.40,0.00003900,1
1506803383,22592414,256.40,0.99996100,1
1506803323,22592388,256.41,0.15994406,1
1506803303,22592377,256.41,0.04005594,1
1506803200,22592347,256.53,0.31099812,1
1506803200,22592346,256.60,0.00000188,1
1506803190,22592342,256.60,3.29796000,1
1506803158,22592319,257.22,1.68616640,1
1506803158,22592318,257.22,0.31099556,0
1506803145,22592308,256.75,0.20000000,1
1506803132,22592295,256.75,0.31099556,1
1506803127,22592280,257.41,33.16300843,0
1506803126,22592278,257.40,0.17000000,0
1506803126,22592277,257.40,5.52035416,1
1506803126,22592276,257.17,9.02038900,0
1506803125,22592274,257.11,0.11976151,0
1506803125,22592273,256.74,0.51098341,0
1506803125,22592272,256.74,0.05666162,0
1506803124,22592270,256.73,5.19374155,1
1506803123,22592269,256.73,0.20000000,0
1506803014,22592238,256.74,0.26349614,0
1506803014,22592237,256.53,0.03884253,0
1506803013,22592235,256.52,0.31100000,1
1506803012,22592234,256.52,0.20000000,0
1506802872,22592160,256.53,0.78088332,0
1506802790,22592137,256.42,0.81974613,1
1506802788,22592135,256.43,0.19998717,0
1506802784,22592126,256.42,9.62865187,1
1506802774,22592114,256.35,0.14981287,1
1506802774,22592112,256.61,0.11976151,1
1506802764,22592097,256.32,0.15000098,0
1506802764,22592095,256.61,4.85058000,1
1506802764,22592094,256.73,0.32018567,1
1506802764,22592093,256.75,0.83261324,1
1506802764,22592092,256.76,0.24076011,1
1506802763,22592091,256.77,0.20000000,1
1506802761,22592084,256.76,0.07023989,1
1506802761,22592083,256.76,0.20000000,1
1506802758,22592076,256.75,0.34997683,1
1506802749,22592069,257.48,0.32060309,0
1506802746,22592061,257.66,0.09925483,0
1506802746,22592060,257.66,0.10000000,0
1506802746,22592057,257.65,0.15000000,0
1506802745,22592052,257.60,0.77763902,1
1506802745,22592050,257.55,0.15000000,0
1506802745,22592049,257.55,6.54584745,1
1506802745,22592048,257.55,1.21569382,1
1506802744,22592046,257.52,0.32231226,0
1506802744,22592045,257.52,0.32231188,0
1506802744,22592043,257.50,0.10000500,0
1506802744,22592042,257.50,0.15000000,0
1506802744,22592040,257.50,10.40474700,1
1506802743,22592038,257.49,30.00000000,0
1506802743,22592037,257.47,0.32237509,0
1506802743,22592035,257.47,1.50470061,1
1506802743,22592033,257.47,1.21622401,1
1506802742,22592030,257.46,0.32238766,0
1506802742,22592028,257.45,0.15000000,0
1506802742,22592027,257.45,18.51523971,1
1506802741,22592024,257.41,3.07027800,1
1506802741,22592022,257.41,0.32245053,0
1506802741,22592021,257.38,0.32248826,0
1506802740,22592019,257.35,0.15000000,0
1506802740,22592018,257.25,0.15000000,0
1506802740,22592016,257.25,2.40910506,1
1506802740,22592013,257.25,0.21213000,1
1506802739,22592011,257.23,0.32265110,0
1506802739,22592009,257.21,2.19319787,0
1506802739,22592008,257.21,7.74930378,1
1506802739,22592007,257.21,0.47976011,1
1506802738,22592006,257.15,0.15000000,0
1506802738,22592003,257.13,0.15000000,0
1506802738,22592002,257.13,16.67963685,1
1506802738,22592001,257.13,2.33801700,1
1506802738,22591999,257.13,44.32028100,1
1506802737,22591994,257.10,0.38900109,0
1506802737,22591993,257.08,11.69033869,0
1506802736,22591991,257.08,0.48000000,1
1506802736,22591987,257.05,0.05349797,0
1506802736,22591986,257.05,2.33932000,1
1506802736,22591985,257.05,4.36068000,1
1506802736,22591984,257.05,6.15421300,1
1506802736,22591983,257.05,11.15421000,1
1506802736,22591982,257.05,18.44220042,1
1506802735,22591980,257.03,1.00000000,0
1506802734,22591979,257.00,0.42935813,0
1506802734,22591978,257.00,0.12222222,1
1506802734,22591977,256.90,2.00000000,0
1506802734,22591976,256.77,1.18248801,0
1506802733,22591975,256.52,0.03998000,0
1506802733,22591974,256.52,0.19998437,0
1506802733,22591973,256.51,0.19990004,0
1506802732,22591972,256.25,5.84236098,0
1506802709,22591939,256.25,0.77763902,0
1506802695,22591937,256.20,0.31110000,1
1506802687,22591928,256.22,0.02897901,1
1506802680,22591919,256.23,7.77988527,1
1506802663,22591912,256.50,0.07777778,0
1506802644,22591891,256.50,0.00000009,1
1506802632,22591884,256.50,0.19999997,1
1506802630,22591879,256.50,0.10148142,1
1506802630,22591878,256.51,0.20000003,1
1506802630,22591877,256.51,0.98248798,1
1506802629,22591876,256.52,0.20000000,1
1506802588,22591861,257.00,2.34238342,1
1506802588,22591860,257.00,39.78089000,1
1506802587,22591859,257.00,29.54828300,1
1506802585,22591854,256.52,0.31110000,1
1506802584,22591853,256.52,2.00000000,1
1506802584,22591852,256.99,0.00000300,1
1506802584,22591849,256.99,0.03128000,1
1506802499,22591813,257.00,3.26640000,1
1506802497,22591811,257.00,5.00000000,0
1506802497,22591810,257.00,1.73360000,0
1506802451,22591797,256.99,0.16871700,0
1506802388,22591787,256.52,0.16871700,1
1506802354,22591769,256.99,7.00000000,0
1506802263,22591736,257.05,0.75842352,0
1506802263,22591735,257.03,0.15000000,0
1506802263,22591734,257.00,0.78226601,0
1506802263,22591733,256.90,0.98738600,0
1506802185,22591683,257.00,1.21773399,0
1506802185,22591682,256.93,0.15000000,0
1506802184,22591681,256.83,1.00000000,0
1506802184,22591680,256.83,0.15000000,0
1506802184,22591679,256.73,0.15000000,0
1506802184,22591677,256.63,0.15000000,0
1506802184,22591675,256.58,1.00000000,0
1506802184,22591673,256.56,1.18226601,0
1506802175,22591669,256.51,0.98738600,1
1506802121,22591644,256.51,3.10063853,0
1506802084,22591625,256.50,2.60000000,0
1506802070,22591617,256.46,0.20000000,1
1506802059,22591607,256.39,0.20000000,0
1506802018,22591581,256.30,0.31150000,1
1506802018,22591580,256.28,0.12010321,0
1506802018,22591579,256.18,1.75000000,0
1506801677,22591419,255.54,0.22370325,1
1506801677,22591418,255.75,0.83973272,1
1506801666,22591410,255.78,0.12010321,1
1506801666,22591409,255.79,0.20000000,1
1506801660,22591405,255.75,1.76026728,1
1506801659,22591404,255.76,0.31150000,1
1506801659,22591403,255.78,1.18226601,1
1506801659,22591402,255.78,0.20000000,1
1506801648,22591367,256.58,0.79978392,1
1506801648,22591366,256.53,0.60000000,0
1506801647,22591364,256.53,0.15000000,0
1506801647,22591361,256.50,0.45147608,0
1506801646,22591360,256.50,1.54852392,0
1506801646,22591359,256.39,0.77723895,0
1506801646,22591357,256.33,1.17969634,0
1506801645,22591355,256.32,0.30445800,0
1506801419,22591237,256.24,3.01247559,0
1506801419,22591236,256.14,0.63618184,0
1506801419,22591235,256.03,0.40639769,0
1506801419,22591234,256.03,0.09874000,0
1506801220,22591196,256.13,0.10126000,0
1506801200,22591193,256.14,0.36381816,0
1506801200,22591192,255.90,2.60000000,0
1506801200,22591191,255.90,0.31200000,1
1506801199,22591190,255.89,0.31210000,0
1506801199,22591189,255.88,0.20000000,1
1506801002,22591133,255.29,0.79618747,1
1506800995,22591132,255.30,2.60000000,1
1506800985,22591129,255.32,0.13798696,1
1506800984,22591128,255.32,0.93405804,1
1506800982,22591127,255.32,2.00000000,0
1506800978,22591126,255.44,0.57091418,1
1506800978,22591125,255.45,0.20000000,1
1506800973,22591121,255.59,0.31210000,1
1506800973,22591120,255.59,0.20000000,1
1506800972,22591119,255.60,0.31200000,1
1506800963,22591116,256.28,0.36346964,1
1506800963,22591115,256.18,0.50000000,0
1506800962,22591114,255.94,0.20000000,0
1506800962,22591113,255.90,3.97007385,0
1506800960,22591111,255.89,0.11058400,0
1506800735,22591020,255.89,0.20241600,0
1506800525,22590961,255.90,0.18940992,0
1506800524,22590960,255.78,0.20000000,0
1506800524,22590959,255.77,0.19569935,1
1506800523,22590957,255.73,0.02681222,1
1506800522,22590955,255.73,0.20000000,0
1506800420,22590930,255.21,0.02681222,1
1506800419,22590929,255.24,0.18760378,1
1506800418,22590928,255.24,0.20000000,1
1506800335,22590896,255.25,0.05378322,0
1506800335,22590895,255.25,0.18760900,0
1506799995,22590762,255.80,1.75860783,0
1506799995,22590760,255.78,0.31240000,1
1506799993,22590756,255.75,0.20000000,0
1506799945,22590735,255.20,0.95193649,0
1506799945,22590734,255.20,0.36548032,1
1506799895,22590713,255.20,0.09167762,1
1506799890,22590710,255.20,1.54284206,1
1506799883,22590704,255.93,0.25000000,1
1506799848,22590662,255.09,0.90548179,1
1506799844,22590658,255.09,1.53786304,1
1506799842,22590657,255.19,0.31240000,1
1506799842,22590656,255.25,0.15466134,1
1506799837,22590655,255.25,0.53337618,1
1506799837,22590654,255.27,0.31300000,1
1506799837,22590653,255.28,0.20000000,1
1506799825,22590642,255.25,2.00000000,0
1506799825,22590640,255.22,0.31196248,0
1506799758,22590572,255.06,1.00000000,1
1506799753,22590570,255.06,0.25000000,1
1506799422,22590465,255.23,0.04083000,1
1506799275,22590443,255.81,1.80000000,0
1506799275,22590442,255.81,0.20000000,0
1506799233,22590421,255.25,2.00000000,1
1506799227,22590418,255.27,2.26120122,1
1506799184,22590413,255.34,0.13544400,1
1506799161,22590406,255.50,1.67286652,1
1506799161,22590405,255.51,0.20000000,1
1506799106,22590395,255.52,8.84588286,1
1506799074,22590388,255.91,0.18057465,1
1506799074,22590387,255.91,0.20000000,0
1506798589,22590250,255.99,0.25379600,0
1506798589,22590249,255.97,0.31200000,0
1506798589,22590248,255.74,1.35420400,0
1506798589,22590247,255.73,3.08000000,0
1506798563,22590242,255.54,2.82584028,0
1506798531,22590236,255.54,1.99934426,1
1506798463,22590215,255.74,7.81653242,0
1506798123,22590107,255.80,0.31196248,1
1506798118,22590100,255.82,3.06994800,1
1506798118,22590099,256.00,1.49500700,1
1506798116,22590096,256.00,0.49770834,1
1506798116,22590095,256.01,0.20000000,1
1506798115,22590087,256.00,3.91000000,1
1506798113,22590083,256.00,0.58000616,1
1506798113,22590082,256.01,0.20000000,1
1506798101,22590073,256.00,5.20761719,1
1506798065,22590066,255.70,0.08418214,0
1506798047,22590028,255.68,1.05108535,1
1506798042,22590025,255.68,1.05108535,1
1506798030,22590018,255.65,0.78119631,1
1506798001,22590007,255.65,0.48882560,1
1506797985,22590000,255.70,0.77723895,0
1506797931,22589971,255.70,0.25408358,0
1506797929,22589970,255.60,0.24591642,0
1506797884,22589958,255.03,0.30000000,1
1506797880,22589950,255.00,4.58046762,1
1506797880,22589949,255.00,3.81923700,0
1506797879,22589948,255.05,0.15000000,1
1506797879,22589947,255.15,0.15000000,1
1506797879,22589946,255.17,2.38000000,1
1506797878,22589945,255.22,2.00000000,1
1506797878,22589944,255.25,0.15000000,1
1506797877,22589943,255.30,2.30398525,1
1506797876,22589941,255.30,0.25878300,1
1506797875,22589940,255.30,0.46492466,1
1506797875,22589939,255.35,0.15000000,1
1506797873,22589934,255.45,0.15000000,1
1506797855,22589927,255.50,4.51609499,0
1506797855,22589926,255.50,3.37426705,1
1506797855,22589925,255.50,0.56602383,1
1506797855,22589924,255.50,0.16430495,1
1506797855,22589923,255.50,0.89540417,1
1506797854,22589922,255.55,0.15000000,1
1506797854,22589921,255.55,2.92404617,1
1506797854,22589920,255.58,1.00000000,1
1506797854,22589919,255.60,3.42943715,1
1506797838,22589916,255.70,3.04190037,1
1506797838,22589912,255.70,1.11758340,1
1506797818,22589902,255.79,4.00000000,1
1506797726,22589863,255.94,0.51685897,1
1506797726,22589861,255.62,0.24591642,1
1506797725,22589859,255.96,3.72143481,0
1506797725,22589858,255.95,0.31200000,0
1506797724,22589852,255.94,6.64015003,1
1506797723,22589847,255.94,0.26298600,0
1506797683,22589834,255.82,0.15373132,0
1506797604,22589815,255.68,3.30444305,0
1506797589,22589811,255.74,4.18123784,0
1506797581,22589801,255.65,0.39289988,1
1506797578,22589796,255.65,0.33333333,1
1506797578,22589794,255.65,0.24327833,1
1506797577,22589792,255.65,1.00000000,1
1506797576,22589787,255.65,0.90078794,1
1506797573,22589774,255.60,1.57056285,1
1506797573,22589773,255.65,0.15000000,1
1506797572,22589771,255.72,0.50000000,1
1506797572,22589770,255.73,0.31200000,1
1506797571,22589761,255.93,4.50000000,0
1506797570,22589756,256.00,2.00000000,1
1506797570,22589755,256.00,0.68670879,1
1506797570,22589753,256.01,0.40000000,1
1506797403,22589598,256.40,1.71292814,0
1506797403,22589597,256.39,0.20000000,0
1506797371,22589590,256.31,0.38009120,0
1506797329,22589562,256.01,0.20000000,0
1506797323,22589561,256.00,0.31200000,1
1506797321,22589560,256.00,0.42937500,1
1506797320,22589559,256.01,1.00000000,0
1506797319,22589558,256.01,0.20000000,1
1506797309,22589557,256.10,0.10000000,1
1506797309,22589556,256.11,0.20000000,1
1506797199,22589501,256.29,2.13524523,1
1506797198,22589498,256.29,0.20000000,0
1506797037,22589440,256.00,3.57191621,1
1506797037,22589439,256.01,0.58164476,1
1506797032,22589432,256.01,1.96078000,1
1506797032,22589431,256.01,5.29455697,1
1506797029,22589429,256.01,0.27539669,1
1506797029,22589428,256.02,0.60000000,1
1506797029,22589427,256.02,0.32231226,1
1506797028,22589425,256.15,0.31200000,1
1506797028,22589424,256.21,1.17969634,1
1506797026,22589422,256.22,0.20000000,1
1506797015,22589414,256.76,1.59120800,0
1506796929,22589384,256.83,0.85995971,1
1506796923,22589380,256.88,0.05000000,0
1506796916,22589378,256.83,7.00000000,1
1506796898,22589371,256.83,1.38476600,1
1506796878,22589367,256.83,1.20151112,1
1506796875,22589365,256.83,0.34472951,1
1506796873,22589364,256.83,0.05112100,1
1506796862,22589359,256.83,12.27071100,0
1506796744,22589324,257.00,0.73021925,1
1506796737,22589318,257.00,23.17600000,1
1506796735,22589317,257.00,0.90792200,1
1506796712,22589308,257.00,2.08180000,1
1506796711,22589307,257.00,0.14870000,1
1506796701,22589302,257.00,0.85000000,1
1506796680,22589289,256.99,12.26759800,0
1506796680,22589288,256.98,3.82064012,0
1506796624,22589239,257.00,0.34893409,0
1506796622,22589236,256.92,0.04030591,0
1506796621,22589235,256.87,1.85477479,1
1506796621,22589234,256.87,0.20000000,0
1506796476,22589146,256.91,2.89198552,0
1506796476,22589145,256.80,1.73339600,0
1506796476,22589144,256.78,1.00000000,0
1506796474,22589141,256.77,0.20000000,0
1506796431,22589122,256.45,1.00000000,1
1506796288,22589081,256.45,0.04030591,1
1506796288,22589080,256.46,0.20000000,1
1506796285,22589078,256.93,0.06660400,0
1506796285,22589077,256.93,0.20000000,0
1506796210,22589052,256.44,3.08611700,1
1506796210,22589051,256.47,0.71388300,1
1506796210,22589050,256.48,0.20000000,0
1506796207,22589048,256.53,1.80000000,1
1506796205,22589047,256.54,0.20000000,1
1506796142,22589031,257.09,5.34493757,1
1506796142,22589030,257.05,0.15000000,0
1506796142,22589029,257.00,0.09856013,0
1506796141,22589028,256.98,0.38861618,0
1506796141,22589027,256.95,0.15000000,0
1506796140,22589026,256.85,0.15000000,0
1506796140,22589025,256.82,0.32319417,0
1506796140,22589024,256.80,5.00000000,0
1506796139,22589023,256.75,0.15000000,0
1506796139,22589022,256.65,0.15000000,0
1506796139,22589020,256.62,0.71331468,0
1506796138,22589019,256.62,5.00000000,0
1506796138,22589018,256.62,0.64932792,0
1506796138,22589017,256.55,0.80000000,0
1506796138,22589016,256.55,0.15000000,0
1506796136,22589015,256.53,0.98262245,0
1506796099,22589004,256.53,0.19424100,0
1506796075,22588996,256.12,2.00000000,1
1506796071,22588995,256.49,0.42712486,1
1506796070,22588994,256.50,1.00000000,0
1506796070,22588993,256.50,0.76494216,0
1506796067,22588989,256.49,3.57287514,0
1506796035,22588970,256.49,0.19424000,0
1506796030,22588965,256.49,0.04300363,0
1506796003,22588936,256.49,0.03887091,0
1506795994,22588931,256.49,19.91057023,0
1506795994,22588930,256.48,0.08942977,0
1506795971,22588895,256.48,0.04706200,0
1506795971,22588894,256.48,0.10000000,0
1506795919,22588871,256.49,0.07429540,0
1506795919,22588870,256.49,0.20000000,0
1506795912,22588861,256.10,0.10000000,1
1506795905,22588858,256.07,2.43311800,1
1506795905,22588857,256.08,0.25302100,0
1506795905,22588856,256.08,3.33077700,0
1506795905,22588855,256.23,0.48308400,1
1506795903,22588850,256.24,0.20000000,1
1506795837,22588807,256.50,0.43204100,0
1506795831,22588801,256.50,2.79020925,0
1506795831,22588799,256.50,4.01280759,0
1506795831,22588798,256.49,0.71388898,0
1506795830,22588797,256.40,0.48308900,0
1506795818,22588793,256.40,19.51691100,0
1506795818,22588792,256.39,0.14608900,0
1506795784,22588777,256.48,0.05391100,0
1506795769,22588765,256.49,0.49823369,0
1506795767,22588762,256.15,0.25302631,0
1506795753,22588752,256.15,0.49987700,1
1506795753,22588751,256.15,0.18448900,1
1506795753,22588750,256.15,0.27009900,1
1506795753,22588749,256.16,0.20000000,1
1506795675,22588716,256.49,1.14304651,0
1506795675,22588715,256.45,0.15000000,0
1506795675,22588714,256.35,0.15000000,0
1506795674,22588713,256.30,0.50682989,0
1506795672,22588712,256.30,2.67007218,0
1506795569,22588687,256.20,0.62573295,0
1506795569,22588686,256.20,3.37426705,0
1506795552,22588680,256.20,0.56602383,0
1506795538,22588675,256.20,0.16430495,0
1506795538,22588674,256.19,2.00000000,0
1506795537,22588673,256.18,1.00000000,0
1506795537,22588672,256.17,0.83569505,0
1506795472,22588652,256.16,1.83570000,0
1506795466,22588641,256.17,2.00000000,0
1506795459,22588636,256.17,0.16430495,0
1506795458,22588635,256.16,1.00000000,0
1506795297,22588569,256.15,0.64665235,0
1506795296,22588568,256.15,5.71259028,0
1506795280,22588514,256.17,0.45891400,0
1506795251,22588496,256.20,0.89540417,0
1506795251,22588495,256.20,0.04514183,0
1506795250,22588494,256.19,1.00000000,0
1506795207,22588447,255.99,2.35516918,0
1506795207,22588446,255.99,7.00000000,0
1506795205,22588439,255.99,0.20015900,0
1506795198,22588426,255.99,44.45958826,0
1506795185,22588407,255.99,0.20000000,0
1506795169,22588376,255.99,0.36778200,0
1506795169,22588375,255.99,0.93952889,0
1506795143,22588341,255.68,1.00000000,1
1506795131,22588323,255.99,0.49173800,0
1506795130,22588321,255.99,1.00000000,0
1506795115,22588301,255.99,0.23247976,0
1506795115,22588300,255.98,1.17501155,0
1506795099,22588294,255.98,0.93261607,0
1506795099,22588293,255.75,4.06738393,0
1506794906,22588209,255.75,0.07762549,0
1506794895,22588203,255.75,0.24359200,0
1506794808,22588176,255.75,5.61455697,0
1506794808,22588175,255.74,2.52544303,0
1506794808,22588174,255.74,1.38455697,1
1506794807,22588173,255.74,3.91000000,0
1506794782,22588171,255.52,0.78750200,1
1506794698,22588147,255.57,0.17367700,1
1506794695,22588137,255.57,0.17367700,1
1506794692,22588135,255.67,0.11850200,1
1506794691,22588132,255.66,0.08149300,0
1506794691,22588130,255.66,0.11850700,0
1506794419,22588027,255.54,0.28473097,1
1506794419,22588026,255.57,0.00013303,1
1506794416,22588023,255.57,0.19986697,1
1506794292,22587992,255.98,3.72282633,0
1506794212,22587985,255.97,0.83560000,1
1506794211,22587984,255.99,0.83560000,0
1506794211,22587982,255.99,0.83550000,0
1506794211,22587981,255.99,0.83550000,0
1506794211,22587980,255.99,0.83550000,0
1506794210,22587978,255.99,0.83560000,0
1506794210,22587977,255.98,0.45330000,0
1506794210,22587976,255.98,0.38230000,0
1506794209,22587975,255.98,0.83560000,0
1506794209,22587974,255.98,0.83550000,0
1506794209,22587973,255.98,0.83550000,0
1506794209,22587972,255.98,0.83550000,0
1506794208,22587971,255.98,0.83560000,0
1506794208,22587970,255.99,0.83560000,0
1506794208,22587969,255.99,0.83560000,0
1506794207,22587968,255.99,0.83560000,0
1506794207,22587967,255.99,0.83560000,0
1506794207,22587966,255.99,0.83550000,0
1506794207,22587965,255.99,0.83550000,0
1506794207,22587964,255.99,0.83550000,0
1506794207,22587963,255.99,0.83550000,0
1506794206,22587962,255.99,0.12420000,0
1506794206,22587961,255.98,0.71130000,0
1506794205,22587960,255.98,0.83550000,0
1506794205,22587959,255.98,0.45320000,0
1506794205,22587958,255.98,0.38230000,0
1506794205,22587957,255.98,0.83550000,0
1506794205,22587956,255.98,0.83550000,0
1506794204,22587955,255.98,0.83560000,0
1506794204,22587954,255.98,0.83560000,0
1506794204,22587953,255.98,0.83550000,0
1506794204,22587952,255.97,0.83560000,0
1506794203,22587950,255.96,0.83560000,0
1506794133,22587943,255.97,4.32704197,1
1506794133,22587942,255.95,0.31300000,1
1506794133,22587941,255.71,0.09762303,0
1506794132,22587940,255.52,0.26359500,1
1506793955,22587898,255.44,0.01616598,0
1506793656,22587806,255.44,0.00365802,0
1506793656,22587805,255.44,0.19990598,1
1506793654,22587804,255.30,0.20000000,0
1506793587,22587789,255.21,0.19995298,1
1506793529,22587775,255.30,1.56691240,1
1506793527,22587774,255.31,0.20000000,0
1506793522,22587772,255.30,2.00000000,1
1506793502,22587766,255.30,2.69058857,1
1506793500,22587765,255.31,0.20000000,1
1506793466,22587756,255.31,0.19995300,1
1506793398,22587716,255.30,0.20000000,1
1506793385,22587707,255.32,1.58584751,1
1506793384,22587705,255.31,0.04883000,0
1506793346,22587687,255.21,0.20000000,0
1506793344,22587686,255.21,0.20000000,1
1506793257,22587653,255.28,0.31300000,1
1506793254,22587651,255.50,2.29373776,1
1506793254,22587650,255.50,5.00000000,1
1506793217,22587619,255.51,0.04883000,1
1506793159,22587582,255.52,1.40989882,1
1506792855,22587516,255.71,0.00173376,1
1506792853,22587512,255.71,0.09935679,1
1506792852,22587510,255.71,0.09890945,1
1506792850,22587506,255.70,0.98612779,1
1506792849,22587501,256.03,0.20000000,0
1506792848,22587500,256.03,3.71000000,0
1506792848,22587499,256.03,0.20000000,0
1506792846,22587498,256.03,3.71000000,0
1506792846,22587497,256.02,0.20000000,0
1506792845,22587496,256.02,3.70999860,0
1506792845,22587495,255.69,0.20000140,0
1506792844,22587494,255.69,3.91000000,1
1506792844,22587493,255.69,0.23009860,1
1506792843,22587490,255.70,0.20000000,1
1506792722,22587420,255.99,1.12187190,1
1506792722,22587418,256.00,1.91000000,1
1506792694,22587404,256.00,3.96529106,0
1506792694,22587403,256.00,5.00000000,0
1506792692,22587402,255.99,0.07812810,0
1506792413,22587278,255.99,0.96352108,1
1506792412,22587275,255.87,0.09616635,0
1506792412,22587274,255.83,0.12022872,0
1506792412,22587273,255.69,0.22998267,0
1506792409,22587260,255.69,1.37816384,0
1506792409,22587259,255.68,0.23000000,0
1506792404,22587236,255.69,1.18763504,0
1506792381,22587206,255.66,0.04430000,1
1506792380,22587205,255.66,0.05190000,1
1506792380,22587204,255.66,0.05190000,1
1506792380,22587203,255.66,0.05190000,1
1506792375,22587200,255.67,0.05190000,1
1506792372,22587199,255.58,0.04590000,0
1506792371,22587198,255.58,0.05190000,0
1506792371,22587197,255.58,0.05190000,0
1506792371,22587196,255.58,0.05190000,0
1506792370,22587195,255.58,0.05190000,0
1506792370,22587194,255.58,0.05190000,0
1506792370,22587193,255.58,0.00760000,0
1506792370,22587192,255.57,0.04430000,0
1506792370,22587191,255.57,0.05190000,0
1506792369,22587190,255.57,0.05190000,0
1506792368,22587189,255.57,0.05190000,0
1506792290,22587155,255.22,0.17062300,1
1506792287,22587148,255.20,0.17062300,1
1506792283,22587137,255.20,6.62710990,1
1506792283,22587135,255.23,11.95139010,1
1506792283,22587132,255.23,0.20000000,1
1506792072,22587050,255.75,1.90195261,0
1506792071,22587049,255.13,1.24876729,1
1506792057,22587040,255.05,2.10762762,1
1506792057,22587039,255.10,2.79578155,1
1506792057,22587038,255.15,0.36719576,1
1506792057,22587037,255.33,0.12022872,1
1506792057,22587036,255.36,0.31300000,1
1506792057,22587035,255.37,0.09616635,1
1506792056,22587034,255.38,0.20000000,1
1506791956,22587012,256.10,0.30266163,1
1506791954,22587011,255.91,0.07833000,1
1506791928,22587008,255.37,0.07833000,1
1506791910,22586992,255.33,1.99925732,1
1506791902,22586985,256.01,1.04698773,1
1506791895,22586983,256.01,0.32296256,1
1506791895,22586982,256.01,4.62639940,1
1506791894,22586980,256.01,4.79278845,1
1506791894,22586977,256.01,4.70165973,1
1506791892,22586975,256.01,1.35083665,1
1506791886,22586971,256.12,0.02264563,1
1506791885,22586970,256.01,1.17178800,1
1506791885,22586966,256.01,2.84376400,1
1506791884,22586961,256.01,7.93922114,1
1506791881,22586957,255.95,0.31300000,0
1506791881,22586956,255.92,0.20000000,0
1506791881,22586955,255.91,11.88074116,0
1506791863,22586947,255.18,9.49381370,1
1506791851,22586944,255.35,0.20000000,1
1506791851,22586943,255.36,0.31300000,1
1506791843,22586941,255.90,10.27092526,1
1506791842,22586937,255.90,0.02813687,0
1506791810,22586901,255.86,0.38100000,1
1506791808,22586899,255.85,0.20000000,0
1506791757,22586895,255.90,2.02207893,0
1506791757,22586894,255.78,2.79578155,0
1506791756,22586893,255.70,0.05480913,0
1506791756,22586892,255.65,3.31803983,0
1506791756,22586891,255.65,0.20000000,0
1506791755,22586890,255.64,3.91000000,1
1506791754,22586889,255.64,3.91000000,0
1506791720,22586885,255.66,10.00000000,0
1506791579,22586839,255.16,0.49996080,0
1506791569,22586830,255.15,0.13262266,0
1506791569,22586829,255.15,0.36696700,0
1506791501,22586810,254.93,3.31803983,1
1506791336,22586720,254.92,2.10000000,1
1506791327,22586719,254.92,0.07845600,1
1506791324,22586718,254.92,0.10000000,1
1506791297,22586715,254.99,2.00000000,1
1506791280,22586706,255.40,0.12000000,0
1506791279,22586705,255.40,0.13649177,1
1506791166,22586691,255.45,0.10000000,1
1506791121,22586641,255.60,0.37010000,0
1506790987,22586606,255.71,0.21280000,1
1506790987,22586605,255.71,0.21280000,1
1506790987,22586604,255.71,0.21280000,1
1506790986,22586603,255.71,0.21277246,1
1506790986,22586602,255.72,0.05133191,1
1506790986,22586601,255.73,0.20000000,1
1506790959,22586590,255.72,0.16146809,1
1506790959,22586589,255.72,0.21280000,1
1506790959,22586588,255.72,0.21280000,1
1506790958,22586587,255.75,0.21280000,1
1506790958,22586586,255.76,0.20000000,0
1506790956,22586585,256.09,0.00013191,1
1506790900,22586564,256.09,0.37076809,1
1506790836,22586527,256.25,0.01935554,1
1506790836,22586526,256.20,3.91000000,0
1506790836,22586525,256.01,0.22420543,0
1506790817,22586520,256.31,1.42783442,0
1506790817,22586519,256.01,1.44152416,1
1506790815,22586518,256.01,0.45000000,0
1506790812,22586515,255.70,0.00002754,0
1506790811,22586514,255.70,0.21280000,0
1506790808,22586511,255.69,0.11134047,1
1506790808,22586510,255.69,0.08865953,1
1506790807,22586509,255.69,0.50224047,1
1506790807,22586508,255.69,0.59090000,1
1506790807,22586507,255.69,0.59090000,1
1506790807,22586506,255.69,0.59090000,1
1506790807,22586505,255.69,0.59090000,1
1506790807,22586504,255.70,0.02985600,0
1506790805,22586503,255.70,0.59090000,1
1506790805,22586502,255.70,0.59090000,1
1506790805,22586501,255.70,0.00004090,1
1506790803,22586497,255.56,0.31240000,0
1506790803,22586496,255.55,0.20000000,0
1506790802,22586495,255.55,0.07845910,0
1506790726,22586415,255.09,0.07845910,1
1506790626,22586384,254.91,0.71331468,1
1506790618,22586380,254.91,5.00000000,1
1506790611,22586378,254.91,0.64932792,1
1506790611,22586377,254.92,1.52510304,1
1506790611,22586376,254.95,0.31240000,1
1506790611,22586375,254.95,0.20000000,1
1506790609,22586374,254.92,2.57489696,1
1506790609,22586373,254.94,3.25671491,1
1506790608,22586371,254.92,5.52000000,1
1506790608,22586370,254.93,0.20000000,1
1506790601,22586364,255.96,2.49968745,1
1506790600,22586362,255.51,0.09627858,0
1506790600,22586361,255.40,0.97511829,0
1506790600,22586360,255.10,0.10000000,0
1506790598,22586359,255.04,0.03392807,0
1506790596,22586358,254.86,0.84514183,1
1506790596,22586357,254.90,0.15000000,1
1506790596,22586356,255.00,0.00248677,1
1506790465,22586321,255.00,3.00000000,1
1506790455,22586312,255.09,0.18295309,1
1506790454,22586310,255.09,0.20000000,0
1506790446,22586300,255.00,2.15657960,1
1506790446,22586299,255.00,2.01737436,1
1506790433,22586248,255.00,0.58137721,1
1506790433,22586247,255.00,0.15000000,1
1506790433,22586246,255.00,1.72594379,1
1506790343,22586221,255.00,4.04038591,1
1506790343,22586220,255.01,0.95961409,1
1506790343,22586219,255.01,1.90000000,1
1506790341,22586218,255.10,0.10000000,1
1506790291,22586201,255.01,0.21290000,1
1506790258,22586174,255.01,0.80000000,1
1506790256,22586170,255.04,0.20000000,1
1506790221,22586142,255.01,0.20000000,0
1506790221,22586141,255.01,0.10143987,0
1506790173,22586094,255.01,0.09856013,0
1506790171,22586093,255.00,2.00000000,1
1506790169,22586091,255.00,1.13636800,1
1506790167,22586089,255.00,1.40895400,1
1506790159,22586080,255.00,0.41732600,1
1506790158,22586079,255.00,2.14963700,1
1506790150,22586066,255.00,0.91920320,1
1506790148,22586063,255.00,0.40700000,1
1506790144,22586053,255.00,1.43023700,1
1506790142,22586046,255.00,1.12119842,1
1506790142,22586044,255.01,0.09627858,1
1506790140,22586032,255.00,1.00243200,1
1506790139,22586029,255.00,0.93636800,1
1506790139,22586026,255.01,0.20000000,1
1506790129,22585999,255.06,12.00000000,1
1506790123,22585971,255.95,1.44796658,0
1506790123,22585969,255.94,8.55203342,0
1506790108,22585904,255.96,9.80000000,0
1506790108,22585902,255.76,0.20000000,0
1506790103,22585875,255.12,2.40500000,0
1506790102,22585871,255.84,0.09500000,1
1506790100,22585865,255.00,49.53769177,1
1506790100,22585864,255.04,4.00000000,1
1506790100,22585863,255.07,6.79578155,1
1506790100,22585861,255.10,0.15000000,1
1506790099,22585860,255.11,1.15000000,1
1506790099,22585859,255.20,0.15000000,1
1506790099,22585856,255.30,0.15000000,1
1506790099,22585855,255.32,0.32319417,1
1506790099,22585853,255.40,0.15000000,1
1506790099,22585852,255.50,3.31802864,1
1506790098,22585851,255.50,0.15000000,1
1506790098,22585849,255.50,4.00000000,1
1506790098,22585848,255.51,5.75000000,1
1506790098,22585847,255.60,0.15000000,1
1506790098,22585845,255.62,3.06701400,1
1506790098,22585843,255.70,0.15000000,1
1506790098,22585841,255.70,5.88193195,1
1506790098,22585840,255.80,0.15000000,1
1506790097,22585839,255.81,0.32265110,1
1506790097,22585838,255.90,0.31200000,1
1506790097,22585837,256.00,5.50000000,1
1506790088,22585821,256.00,4.50000000,1
1506790078,22585799,255.98,4.05000000,0
1506790036,22585747,255.83,3.56029846,0
1506790006,22585704,255.88,0.32248826,1
1506790006,22585703,255.90,0.15000000,1
1506790006,22585702,255.91,0.32245053,1
1506790005,22585701,255.96,0.32238766,1
1506790005,22585700,255.97,0.32237509,1
1506789962,22585680,256.09,3.96000000,1
1506789962,22585679,256.09,12.26788400,1
1506789949,22585675,256.00,0.93781888,0
1506789949,22585674,256.02,0.20000000,1
1506789944,22585671,256.50,0.05563352,0
1506789944,22585670,256.49,0.20000000,0
1506789920,22585665,256.00,1.22157601,0
1506789918,22585664,256.00,3.91000000,0
1506789917,22585663,256.00,3.91000000,0
1506789916,22585662,256.00,3.91000000,0
1506789910,22585661,256.00,0.15000000,1
1506789910,22585660,256.10,0.15000000,1
1506789910,22585659,256.20,0.15000000,1
1506789909,22585658,256.30,0.15000000,1
1506789909,22585657,256.44,0.32178542,1
1506789909,22585656,256.48,0.32181441,1
1506789909,22585655,256.49,0.32177644,1
1506789855,22585631,256.51,1.17679623,1
1506789675,22585493,256.64,2.00000000,1
1506789632,22585469,256.55,4.14879920,1
1506789616,22585462,256.52,1.20700656,1
1506789616,22585461,256.52,0.20000000,1
1506789581,22585451,256.59,1.46541534,1
1506789563,22585439,256.71,3.06802887,1
1506789552,22585427,256.65,0.00070813,1
1506789552,22585425,256.81,0.86896928,1
1506789552,22585424,256.82,0.20000000,1
1506789490,22585391,257.37,0.44259237,0
1506789490,22585390,257.35,0.15000000,0
1506789488,22585389,257.20,3.28540493,0
1506789476,22585387,257.22,0.12873876,0
1506789329,22585361,257.22,0.27112977,0
1506789327,22585360,257.17,0.31060000,0
1506789168,22585280,257.24,0.20000000,0
1506789110,22585264,257.23,0.20000000,0
1506789077,22585255,256.55,0.16502984,1
1506789077,22585254,256.55,0.20000000,1
1506789068,22585248,257.22,0.32077264,0
1506789066,22585245,256.78,0.31060000,1
1506789065,22585244,256.79,0.20000000,1
1506789061,22585241,257.22,0.54675537,1
1506789059,22585240,257.22,2.51850163,1
1506788986,22585152,257.20,0.00011487,1
1506788956,22585148,257.30,2.17910999,1
1506788956,22585147,257.30,0.10000000,0
1506788955,22585146,257.30,0.05000000,0
1506788916,22585128,257.27,0.00013147,1
1506788890,22585120,257.27,0.23687177,1
1506788887,22585119,257.27,0.08363000,0
1506788885,22585113,257.20,0.18339814,1
1506788879,22585112,257.20,0.03549333,0
1506788879,22585111,257.20,0.00352623,0
1506788788,22585064,257.20,0.14647377,0
1506788788,22585063,257.20,0.39396169,0
1506788778,22585056,257.20,0.32097743,0
1506788769,22585050,257.20,1.28506088,0
1506788769,22585049,257.19,0.16111517,0
1506788769,22585048,257.19,0.11720075,0
1506788768,22585047,257.19,0.20360007,0
1506788768,22585046,257.19,0.00192660,0
1506788768,22585045,257.15,0.15000000,0
1506788768,22585044,257.15,0.32277781,0
1506788768,22585043,257.15,0.15000000,0
1506788768,22585042,257.12,0.96269219,0
1506788768,22585041,257.12,0.32281562,0
1506788768,22585040,257.12,0.32281091,0
1506788766,22585039,257.05,2.62331864,1
1506788766,22585038,257.05,0.07780590,1
1506788766,22585036,257.05,1.29887546,1
1506788747,22585024,257.05,0.15000000,0
1506788746,22585023,257.05,1.31132683,0
1506788737,22585021,257.02,0.50000000,0
1506788721,22585017,257.00,3.09027451,0
1506788721,22585016,257.00,1.00000000,0
1506788721,22585015,257.00,0.15000000,0
1506788721,22585014,257.00,1.00000000,0
1506788721,22585013,257.00,0.05753846,0
1506788721,22585012,256.95,4.67870385,0
1506788718,22585010,256.95,0.32129615,0
1506788711,22585008,256.95,0.63032493,1
1506788708,22585007,256.95,0.15000000,0
1506788708,22585006,256.95,0.15000000,0
1506788707,22585005,256.92,0.32306194,0
1506788707,22585004,256.90,0.15000000,0
1506788707,22585003,256.88,0.00217842,0
1506788690,22584993,256.86,0.32264313,0
1506788690,22584992,256.80,0.15000000,0
1506788689,22584991,256.77,0.32325735,0
1506788689,22584990,256.75,0.15000000,0
1506788689,22584989,256.69,0.32324607,0
1506788664,22584982,256.68,0.00000026,0
1506788662,22584981,256.50,0.20000000,0
1506788636,22584974,256.45,0.00000500,0
1506788636,22584973,256.45,0.19999500,0
1506788618,22584962,256.50,2.55000000,0
1506788618,22584961,256.49,0.20000000,0
1506788584,22584937,256.40,0.27344266,1
1506788539,22584889,256.68,0.72161300,0
1506788539,22584887,256.48,0.46000000,0
1506788524,22584879,256.26,3.82774985,1
1506788518,22584872,256.23,0.99602707,1
1506788518,22584871,256.39,0.05147537,1
1506788512,22584870,256.44,0.20000000,1
1506788506,22584868,256.46,0.20000000,1
1506788491,22584852,256.68,0.38861618,0
1506788484,22584843,256.68,0.34324274,0
1506788484,22584842,256.65,0.15000000,0
1506788484,22584841,256.62,0.50000000,0
1506788483,22584840,256.60,0.00175726,0
1506788463,22584805,256.60,0.15000000,0
1506788463,22584803,256.55,0.15000000,0
1506788463,22584801,256.54,0.32353880,0
1506788463,22584800,256.53,0.17354984,0
1506788463,22584799,256.53,0.15000000,0
1506788463,22584798,256.50,0.00000016,0
1506788393,22584691,256.50,0.09734463,0
1506788393,22584690,256.50,5.15906637,0
1506788393,22584689,256.49,0.45000000,0
1506788390,22584681,256.40,0.45474800,1
1506788267,22584578,256.50,2.59875157,0
1506788267,22584577,256.50,0.82479588,0
1506788265,22584576,256.49,0.10000000,0
1506788265,22584575,256.49,0.21190250,0
1506788209,22584567,256.45,0.17192258,1
1506788207,22584566,256.45,0.03199172,0
1506788207,22584565,256.45,0.11800828,0
1506788200,22584563,256.39,0.05265204,0
1506788200,22584562,256.38,0.32373831,0
1506788200,22584561,256.35,0.32377634,0
1506788199,22584560,256.35,0.15000000,0
1506788199,22584559,256.28,0.29837478,0
1506788199,22584558,256.28,0.02549034,0
1506788199,22584557,256.25,0.15000000,0
1506788198,22584556,256.21,1.42596819,0
1506788169,22584551,256.21,0.63553335,0
1506788169,22584550,256.15,0.15000000,0
1506788169,22584549,256.13,0.07314894,0
1506788167,22584548,256.00,0.11476312,0
1506788159,22584545,256.00,0.50000000,0
1506788148,22584543,256.00,0.07812500,0
1506788147,22584542,256.00,0.58445312,0
1506788137,22584539,256.00,1.35298529,0
1506788137,22584538,256.00,0.13523056,0
1506788136,22584537,255.99,1.51178415,0
1506788136,22584536,255.90,0.79601531,0
1506788118,22584530,255.70,2.02255294,1
1506788118,22584529,255.71,0.97744706,1
1506788098,22584523,255.90,4.00000000,0
1506788073,22584517,255.90,0.19089119,0
1506788057,22584512,256.00,0.20638017,0
1506788046,22584509,255.85,4.04320608,0
1506788003,22584492,255.85,1.92139925,0
1506787942,22584481,255.85,0.57991010,0
1506787942,22584480,255.84,0.20000000,1
1506787940,22584479,255.50,0.00008375,0
1506787899,22584456,255.50,0.32544545,0
1506787898,22584455,255.50,0.17447080,0
1506787897,22584454,255.55,0.20000000,1
1506787827,22584438,256.00,0.35838927,0
1506787687,22584341,255.83,0.58004925,1
1506787686,22584340,255.83,0.20000000,0
1506787586,22584281,255.22,1.22751482,1
1506787586,22584280,255.22,0.20000000,1
1506787583,22584275,255.84,0.00126000,0
1506787582,22584273,255.83,0.20000000,0
1506787485,22584203,255.82,0.07817390,0
1506787197,22584077,255.84,0.44344564,0
1506787197,22584076,255.83,0.06929006,0
1506787197,22584075,255.78,0.23753425,0
1506787197,22584074,255.75,0.87344005,0
1506787197,22584072,255.74,0.20000000,0
1506787168,22584053,255.20,1.00000000,1
1506787145,22584047,255.23,0.15812559,1
1506787145,22584046,255.37,0.87195050,1
1506787145,22584045,255.39,3.31803983,1
1506787145,22584044,255.47,1.00000000,1
1506787145,22584043,255.49,0.87344005,1
1506787094,22584015,255.49,0.06929006,1
1506787094,22584014,255.50,0.23753425,1
1506787094,22584013,255.50,0.20000000,1
1506787034,22583967,255.80,3.28664458,0
1506787033,22583966,255.80,0.35126000,0
1506787033,22583965,255.79,0.23727694,0
1506787032,22583964,255.79,0.20000000,0
1506787021,22583960,255.49,0.23727694,1
1506787021,22583959,255.52,0.06953927,1
1506787021,22583958,255.53,0.20000000,1
1506787019,22583957,255.52,0.13046073,0
1506786919,22583892,255.52,0.09604227,0
1506786828,22583858,255.52,0.57349700,0
1506786826,22583857,255.60,1.00000000,1
1506786826,22583856,255.61,0.20000000,1
1506786805,22583845,256.00,1.80000000,0
1506786734,22583815,256.08,0.19744510,0
1506786732,22583814,256.07,0.17250854,0
1506786732,22583813,256.06,0.20000000,0
1506786722,22583810,255.54,0.17250854,0
1506786722,22583809,255.54,0.20000000,1
1506786625,22583775,256.09,0.16861259,0
1506786623,22583773,256.07,1.00000000,0
1506786621,22583771,255.52,0.07349700,0
1506786601,22583765,255.52,0.50000000,0
1506786592,22583756,255.52,1.42650300,0
1506786395,22583707,256.09,0.09734858,0
1506786373,22583695,256.09,0.05812492,0
1506786355,22583691,256.09,0.09734479,0
1506786324,22583686,255.50,0.17235466,1
1506786288,22583657,255.42,0.09734479,1
1506786267,22583602,256.10,0.09734479,0
1506786247,22583593,255.47,0.86741176,1
1506786246,22583591,256.10,1.13258824,1
1506786236,22583587,256.10,1.00000000,1
1506786223,22583582,256.10,0.86741176,0
1506786147,22583531,256.08,1.00000000,1
1506786061,22583499,256.13,0.25090657,0
1506786061,22583498,256.13,1.04909343,0
1506786009,22583487,256.12,1.84230048,0
1506786001,22583482,256.05,0.15000000,0
1506785993,22583480,256.00,1.00000000,1
1506785993,22583479,256.00,0.63115800,0
1506785993,22583478,256.00,0.32176428,0
1506785992,22583477,255.99,0.19950234,0
1506785968,22583474,255.99,0.57684848,0
1506785968,22583473,255.95,0.15000000,0
1506785968,22583472,255.85,0.32441152,0
1506785967,22583471,255.85,0.15000000,0
1506785967,22583469,255.75,0.15000000,0
1506785967,22583468,255.65,0.15000000,0
1506785965,22583463,255.52,0.50000000,0
1506785942,22583443,255.52,0.50000000,0
1506785925,22583434,255.26,0.20000000,1
1506785923,22583432,255.25,0.20000000,1
1506785923,22583431,255.26,2.40907310,1
1506785923,22583430,255.26,0.27203635,1
1506785903,22583417,255.55,0.17270725,1
1506785901,22583416,255.55,0.15000000,0
1506785891,22583413,255.53,2.89307537,0
1506785891,22583412,255.53,0.32480319,0
1506785890,22583411,255.45,0.15000000,0
1506785890,22583410,255.44,0.07684161,0
1506785890,22583409,255.40,0.12922383,0
1506785818,22583379,255.40,0.16390000,0
1506785815,22583376,255.40,0.77635082,0
1506785811,22583373,255.40,0.49988253,0
1506785789,22583353,255.40,0.27905430,0
1506785789,22583352,255.33,0.09094570,0
1506785779,22583297,255.33,0.10903862,0
1506785779,22583296,255.26,1.65279622,0
1506785768,22583264,255.26,1.03544600,0
1506785767,22583261,255.26,0.25451000,0
1506785764,22583235,255.26,0.27203635,0
1506785763,22583224,255.06,0.65196017,1
1506785763,22583221,255.07,3.31803983,1
1506785761,22583210,255.26,1.70730600,0
1506785761,22583209,255.25,0.20000000,0
1506785759,22583200,255.26,14.68046052,0
1506785757,22583181,255.26,1.84320648,0
1506785756,22583172,255.26,5.10902609,0
1506785742,22583147,255.24,0.09994200,0
1506785734,22583087,255.26,0.69893441,0
1506785730,22583058,255.26,0.69803337,0
1506785729,22583050,255.26,4.42697421,0
1506785729,22583049,255.26,0.96151009,0
1506785729,22583048,255.25,1.41151570,0
1506785729,22583046,255.25,0.20000000,0
1506785701,22583025,255.00,0.57757338,1
1506785701,22583024,255.01,0.20000000,1
1506785672,22582988,255.01,0.20000000,0
1506785671,22582987,255.00,10.92000000,1
1506785669,22582985,255.01,3.59000000,1
1506785669,22582984,255.01,0.20000000,1
1506785664,22582975,255.26,0.01950952,0
1506785637,22582944,255.25,1.44630754,0
1506785637,22582943,255.25,0.07835460,0
1506785636,22582937,255.25,1.37315268,0
1506785636,22582936,255.25,0.07395732,0
1506785539,22582816,255.25,0.18017600,0
1506785526,22582792,255.01,1.68000000,1
1506785525,22582790,255.01,3.97000000,1
1506785525,22582789,255.01,3.97000000,1
1506785467,22582716,255.20,0.01982400,0
1506785391,22582598,255.00,0.98101961,1
1506785391,22582597,255.01,0.19999500,1
1506785391,22582596,255.07,0.19998432,1
1506785391,22582595,255.10,3.00000000,1
1506785390,22582594,255.11,0.20000000,1
1506785367,22582568,255.40,1.50126000,0
1506785217,22582457,255.36,2.97704523,0
1506785201,22582454,255.20,0.09764217,1
1506785180,22582437,255.36,0.34099486,0
1506785180,22582436,255.06,0.20000514,0
1506785135,22582410,255.06,0.98075700,0
1506785135,22582408,255.05,0.20000000,0
1506785099,22582400,254.81,1.18076214,1
1506785090,22582398,254.99,0.25424526,0
1506785055,22582392,255.00,9.68680000,0
1506785055,22582391,254.99,0.31320000,0
1506785048,22582389,255.00,5.00000000,0
1506785048,22582388,255.00,0.19999500,0
1506785040,22582376,255.00,5.35283542,1
1506784995,22582367,255.20,2.00126000,0
1506784965,22582354,255.32,0.09764217,1
1506784959,22582353,255.00,1.64716458,1
1506784959,22582352,255.01,2.31461511,1
1506784959,22582351,255.02,0.20000000,1
1506784946,22582349,255.20,3.00000000,1
1506784901,22582296,255.39,0.25000000,0
1506784864,22582283,255.40,3.15032852,0
1506784864,22582282,255.39,1.52374860,0
1506784864,22582281,255.38,2.68000000,0
1506784864,22582280,255.01,0.10511178,0
1506784864,22582279,255.00,2.31468311,0
1506784864,22582278,254.90,30.00000000,0
1506784863,22582277,254.89,12.22412799,0
1506784792,22582251,254.52,0.20000000,1
1506784792,22582250,254.29,9.38168822,1
1506784791,22582249,254.30,0.31320000,1
1506784791,22582248,254.51,0.10511178,1
1506784789,22582247,254.52,0.20000000,1
1506784691,22582216,254.16,3.71230175,1
1506784691,22582214,254.17,5.76000000,0
1506784691,22582212,254.51,2.31468311,1
1506784689,22582211,255.27,0.10063853,1
1506784678,22582204,255.27,3.00000000,1
1506784585,22582180,255.27,0.20000000,1
1506784474,22582141,254.33,0.62509030,1
1506784474,22582140,254.33,3.57000000,1
1506784474,22582139,255.13,1.20651570,1
1506784474,22582138,255.14,4.39839400,0
1506784472,22582137,255.14,0.20000000,1
1506784461,22582126,255.25,0.20000000,0
1506784461,22582125,255.24,0.30000000,0
1506784458,22582123,255.25,1.07333411,0
1506784453,22582119,255.13,0.20500000,1
1506784283,22581961,254.32,0.30000000,0
1506784282,22581959,254.32,0.20000000,1
1506784246,22581940,254.09,1.85000000,1
1506784245,22581938,255.38,9.05131082,0
1506784245,22581937,254.99,1.17993718,0
1506784245,22581934,254.57,0.31190000,0
1506784242,22581932,255.39,2.23125140,0
1506784242,22581931,255.25,0.32517703,0
1506784242,22581930,255.01,0.20000000,0
1506784242,22581929,254.55,0.10521551,0
1506784240,22581926,254.54,5.42000000,0
1506784240,22581925,254.08,1.00000000,0
1506784239,22581921,252.80,4.11187186,1
1506784239,22581920,252.80,6.35683213,0
1506784239,22581919,252.80,3.31803983,0
1506784239,22581918,252.80,3.06714000,0
1506784238,22581917,253.00,10.04675889,1
1506784238,22581916,253.00,2.95415019,1
1506784238,22581915,253.19,0.46000000,1
1506784238,22581914,253.19,12.41039423,0
1506784237,22581913,253.47,0.50000000,1
1506784237,22581912,253.47,6.00000000,1
1506784237,22581911,253.50,0.21095867,1
1506784237,22581910,253.50,0.02000000,1
1506784237,22581909,253.50,1.00000000,1
1506784237,22581908,253.50,5.00000000,1
1506784237,22581907,253.50,0.10521551,0
1506784236,22581905,253.76,0.32517703,1
1506784236,22581904,254.00,4.14933070,1
1506784236,22581903,254.05,1.45000000,1
1506784235,22581902,254.26,11.39700000,1
1506784235,22581901,254.55,4.00000000,1
1506784235,22581900,254.58,3.06690500,1
1506784234,22581899,254.58,7.24000000,1
1506784234,22581897,254.64,0.32405551,1
1506784234,22581896,254.70,1.17993718,1
1506784234,22581895,254.72,6.62500000,1
1506784233,22581894,254.79,5.02000000,0
1506784232,22581893,254.79,3.97000000,1
1506784207,22581844,254.73,1.82580000,1
1506784205,22581840,255.00,0.17420000,1
1506784156,22581808,255.01,5.88427321,0
1506784156,22581807,255.01,0.20000000,1
1506784145,22581802,255.38,3.79000000,0
1506784123,22581792,255.23,1.12465349,1
1506784123,22581791,255.35,0.28600900,1
1506784116,22581789,255.35,0.71399100,1
1506784110,22581788,255.38,3.97000000,0
1506784086,22581776,255.34,0.20000000,1
1506784085,22581775,255.35,0.14998308,0
1506784084,22581772,255.34,3.27000000,0
1506784083,22581770,255.01,0.70000000,0
1506784083,22581768,255.01,0.20000000,1
1506784024,22581729,255.30,3.13300000,1
1506784013,22581723,255.30,4.36560645,1
1506784013,22581722,255.31,0.31190000,1
1506784000,22581712,255.32,0.61851700,1
1506783999,22581710,255.31,2.03192000,1
1506783994,22581702,255.30,1.00000000,0
1506783994,22581701,255.30,1.00000000,0
1506783993,22581700,255.30,81.19357246,0
1506783993,22581699,255.29,1.69000000,0
1506783993,22581698,255.26,3.31500000,0
1506783993,22581697,255.25,0.15000000,0
1506783993,22581696,255.22,0.05937842,0
1506783993,22581695,255.20,1.69573015,0
1506783993,22581694,255.20,1.17047000,0
1506783993,22581693,255.20,0.20027000,0
1506783992,22581692,255.20,1.19023000,0
1506783992,22581691,255.20,1.46517472,0
1506783992,22581690,255.20,3.06647000,0
1506783992,22581689,255.20,0.71607248,0
1506783992,22581688,255.20,0.05263015,0
1506783992,22581687,255.20,0.80420500,0
1506783992,22581686,255.17,1.11836735,0
1506783908,22581598,255.15,0.17354984,1
1506783908,22581595,255.15,0.15000000,0
1506783903,22581591,255.11,1.00000000,0
1506783856,22581560,255.10,0.25126000,0
1506783855,22581559,255.10,0.80137778,0
1506783855,22581558,255.10,0.19988222,0
1506783761,22581472,254.26,0.91196000,1
1506783752,22581448,255.10,0.71428647,1
1506783751,22581447,255.10,0.19650770,1
1506783749,22581444,255.05,0.15000000,0
1506783749,22581443,255.00,0.34986832,0
1506783745,22581436,255.00,2.65013168,0
1506783744,22581434,255.00,5.00678813,0
1506783744,22581432,254.95,0.15000000,0
1506783744,22581431,254.94,2.00000000,0
1506783742,22581428,254.92,2.19308019,0
1506783740,22581425,254.92,2.19319787,0
1506783615,22581286,254.70,0.19988222,1
1506783614,22581285,254.11,1.78026574,1
1506783614,22581284,254.69,0.08501226,1
1506783613,22581281,254.69,0.49958774,1
1506783572,22581248,254.70,1.61127589,1
1506783572,22581247,254.70,2.38658300,1
1506783570,22581246,254.65,7.78582370,0
1506783570,22581245,254.46,0.45602137,0
1506783570,22581244,254.46,0.03397863,1
1506783569,22581243,254.46,0.45000000,0
1506783569,22581242,254.46,0.76000000,0
1506783569,22581241,254.46,2.27000000,0
1506783569,22581240,254.46,0.48602137,0
1506783557,22581235,254.46,0.45123293,0
1506783557,22581234,254.46,0.76004601,0
1506783555,22581230,254.45,0.20000000,0
1506783497,22581121,254.46,2.27269969,0
1506783497,22581120,254.45,0.31410000,0
1506783497,22581119,254.45,0.20000000,0
1506783306,22580984,253.80,0.44166375,1
1506783306,22580983,253.82,0.31410000,1
1506783306,22580982,253.83,0.20000000,1
1506783300,22580980,253.90,0.30000000,0
1506783300,22580979,253.90,0.20000000,1
1506783193,22580943,254.61,0.52193868,0
1506783193,22580942,254.61,0.47932132,0
1506783086,22580889,254.49,1.00000000,0
1506783051,22580867,254.93,1.36135409,1
1506783051,22580865,254.92,2.01000000,0
1506783051,22580864,254.92,8.32197134,1
1506783050,22580863,254.85,0.15000000,0
1506783050,22580862,254.84,0.10000000,0
1506783050,22580861,254.77,4.00000000,0
1506783049,22580860,254.75,0.15000000,0
1506783049,22580859,254.65,0.15000000,0
1506783049,22580857,254.55,0.15000000,0
1506783048,22580856,254.49,6.00000000,0
1506783048,22580855,254.45,0.15000000,0
1506783048,22580854,254.44,0.10000000,0
1506783047,22580853,254.38,1.60000000,0
1506783047,22580852,254.35,0.15000000,0
1506783047,22580851,254.34,0.03619004,0
1506783046,22580850,254.33,0.20000000,0
1506783005,22580833,253.68,0.36859139,0
1506783005,22580831,253.78,0.51105000,1
1506783005,22580828,253.79,3.93952630,0
1506783003,22580824,253.79,0.20000000,1
1506782982,22580813,254.34,0.24333569,0
1506782982,22580812,254.25,0.15000000,0
1506782980,22580810,254.00,0.21095867,0
1506782937,22580801,254.00,0.02000000,0
1506782927,22580799,253.90,3.04423625,0
1506782590,22580653,254.00,1.00000000,0
1506782407,22580539,254.00,5.00000000,0
1506782353,22580512,253.98,0.03952858,0
1506782236,22580471,253.99,0.20126000,0
1506782235,22580470,253.70,1.41843860,0
1506782235,22580469,253.70,0.32466200,0
1506782135,22580426,253.70,3.24800000,0
1506782135,22580425,253.69,1.00000000,0
1506782135,22580424,253.68,2.00000000,0
1506782134,22580423,253.68,0.20000000,0
1506782011,22580400,253.62,3.00000000,1
1506781965,22580397,253.70,9.07030000,0
1506781941,22580388,253.70,0.20000000,1
1506781836,22580355,253.50,0.92963900,0
1506781797,22580350,253.19,1.02000000,1
1506781796,22580349,253.45,3.97000000,1
1506781777,22580343,253.50,0.89942398,0
1506781777,22580342,253.45,1.00000000,0
1506781775,22580337,253.44,0.10183602,0
1506781581,22580291,253.47,0.03000000,0
1506781580,22580290,253.47,3.97000000,0
1506781537,22580228,253.49,1.41843860,0
1506781537,22580225,253.49,0.90210055,1
1506781536,22580224,253.49,1.12789945,0
1506781536,22580223,253.49,3.97000000,0
1506781514,22580204,253.30,6.70905182,0
1506781514,22580203,253.20,1.00000000,0
1506781514,22580201,253.03,0.16971463,0
1506781485,22580172,253.09,0.05736337,0
1506781485,22580170,253.08,0.11557363,0
1506781454,22580145,253.16,0.17292200,0
1506781211,22580047,252.77,1.00000000,1
1506781124,22580012,252.83,0.11557363,1
1506781124,22580011,252.90,0.31150652,1
1506781123,22580010,253.00,2.50158102,1
1506781123,22580008,253.01,0.20000000,1
1506781074,22579973,252.91,0.35000000,0
1506781073,22579972,252.91,0.20000000,0
1506780973,22579951,253.30,0.03335939,0
1506780943,22579905,253.30,0.03936044,0
1506780928,22579903,253.30,2.00000000,0
1506780856,22579880,253.29,1.71122574,1
1506780855,22579878,253.25,0.20000000,1
1506780854,22579876,253.25,3.79760105,0
1506780517,22579768,253.43,0.50905265,1
1506780507,22579764,253.50,4.16000000,0
1506780506,22579763,253.60,2.02916537,1
1506780506,22579762,253.61,0.20000000,1
1506780469,22579736,253.60,1.25623956,1
1506780408,22579725,253.79,0.15978117,0
1506780387,22579724,253.85,4.00000000,0
1506780049,22579605,253.98,1.92414038,0
1506780036,22579602,254.00,0.78177165,0
1506780034,22579601,253.99,0.20000000,0
1506779970,22579541,253.70,1.93701221,0
1506779970,22579540,253.61,0.02205000,0
1506779968,22579539,253.60,0.20000000,0
1506779968,22579538,253.58,13.29746210,0
1506779844,22579509,252.75,0.39872796,1
1506779842,22579508,252.76,2.09627204,1
1506779825,22579503,252.77,0.02960000,0
1506779823,22579499,252.80,0.20000000,1
1506779790,22579487,253.40,3.19325177,1
1506779790,22579486,253.41,10.88000000,1
1506779790,22579485,253.43,0.20000000,1
1506779672,22579462,254.11,2.00126000,0
1506779655,22579461,253.39,0.02000000,1
1506779654,22579459,254.15,0.12461204,1
1506779654,22579458,253.40,0.10565441,0
1506779653,22579457,253.39,0.00018944,0
1506779597,22579435,253.39,0.19981056,0
1506779588,22579432,253.19,0.18000000,0
1506779587,22579431,253.18,6.57000000,0
1506779547,22579421,253.37,4.32863900,0
1506779537,22579407,252.99,0.29265000,0
1506779536,22579406,252.75,1.14476059,0
1506779536,22579405,252.78,2.35542778,0
1506779536,22579404,252.78,0.96261205,0
1506779536,22579403,252.80,0.15000000,1
1506779535,22579402,252.80,1.71000000,0
1506779535,22579401,252.90,0.10565441,1
1506779535,22579400,253.00,0.22751622,0
1506779531,22579396,252.86,4.17863865,0
1506779530,22579395,252.90,0.15000000,1
1506779530,22579393,253.00,0.15000000,1
1506779530,22579392,253.05,2.00000000,1
1506779530,22579391,253.10,0.15000000,1
1506779529,22579390,253.20,0.15000000,1
1506779529,22579389,253.30,0.15000000,1
1506779529,22579388,253.31,8.55624790,1
1506779529,22579387,253.31,1.48530000,1
1506779528,22579386,253.32,0.20000000,1
1506779528,22579385,253.33,0.31470000,0
1506779524,22579383,253.31,2.05000000,1
1506779524,22579382,253.40,0.15000000,1
1506779524,22579381,253.50,0.15000000,1
1506779524,22579380,253.60,0.15000000,1
1506779524,22579379,253.70,0.15000000,1
1506779524,22579378,253.80,0.15000000,1
1506779524,22579377,253.81,0.20000000,1
1506779520,22579374,254.16,0.38546107,0
1506779495,22579360,254.16,0.75962936,0
1506779421,22579305,254.16,0.03922726,0
1506779392,22579292,254.16,10.79961441,0
1506779375,22579288,254.15,0.22000000,0
1506779375,22579287,254.15,0.20000000,0
1506778976,22579211,254.36,3.48630000,0
1506778976,22579210,254.35,0.31370000,0
1506778976,22579209,254.34,0.20000000,0
1506778934,22579200,253.82,1.86025900,1
1506778933,22579199,253.82,0.20729687,1
1506778933,22579198,253.83,0.31370000,1
1506778933,22579196,253.87,0.44839413,1
1506778923,22579191,253.87,0.00043090,1
1506778923,22579190,253.89,7.06149610,1
1506778923,22579188,253.90,1.00000000,1
1506778912,22579186,253.91,0.19213641,0
1506778825,22579104,254.02,1.00385796,0
1506778747,22579027,253.91,0.12689029,0
1506778747,22579026,253.90,0.16401692,0
1506778745,22579019,253.90,0.14998308,1
1506778715,22578975,254.00,1.00126000,0
1506778702,22578956,254.00,1.00000000,1
1506778693,22578948,254.02,0.42000000,1
1506778693,22578947,254.02,3.54508900,1
1506778688,22578945,254.02,0.42491100,1
1506778586,22578894,254.02,6.23596600,1
1506778586,22578893,254.08,0.56013200,1
1506778579,22578888,254.00,0.39905500,1
1506778579,22578887,254.01,12.74318300,1
1506778579,22578886,254.04,0.73867500,1
1506778576,22578885,254.01,1.35335100,1
1506778576,22578884,254.10,0.73877400,1
1506778559,22578853,254.01,1.43936600,1
1506778559,22578852,254.01,15.53590000,1
1506778559,22578851,254.01,15.53590000,1
1506778559,22578850,254.01,15.53590000,1
1506778558,22578849,254.01,15.53590000,1
1506778558,22578848,254.08,0.33694112,1
1506778558,22578847,254.10,0.31400000,1
1506778558,22578846,254.12,3.97000000,1
1506778558,22578845,254.12,1.43936500,1
1506778546,22578842,254.74,3.99870199,1
1506778545,22578841,254.74,11.48618456,0
1506778520,22578829,254.03,1.22000000,1
1506778513,22578822,254.19,0.03930812,0
1506778492,22578811,253.90,0.00001692,1
1506778492,22578810,253.90,15.53590000,0
1506778488,22578808,254.00,0.10344000,0
1506778488,22578807,254.00,0.15000000,1
1506778481,22578802,254.32,0.28658733,0
1506778469,22578796,254.03,5.32453603,0
1506778465,22578793,254.02,0.15679000,1
1506778411,22578772,254.58,1.76245000,1
1506778408,22578770,254.58,1.30426985,1
1506778406,22578769,254.70,1.69573015,1
1506778379,22578736,254.70,1.17047000,1
1506778374,22578734,254.70,0.20027000,1
1506778372,22578733,254.70,1.19023000,1
1506778365,22578721,254.70,1.46517472,1
1506778361,22578717,254.70,3.06647000,1
1506778360,22578711,254.70,0.71607248,1
1506778359,22578710,254.71,0.00002489,1
1506778357,22578704,254.71,1.56071611,1
1506778353,22578703,254.70,0.05263015,1
1506778352,22578702,254.71,7.47531485,1
1506778352,22578700,254.72,1.58002700,1
1506778352,22578699,254.72,1.11516700,1
1506778348,22578697,254.72,2.29696700,1
1506778348,22578694,254.72,1.58786600,1
1506778348,22578693,254.73,1.60298100,1
1506778348,22578691,254.73,0.20000000,1
1506778313,22578672,254.73,1.38129100,1
1506778313,22578669,254.74,0.20000000,1
1506778223,22578642,254.90,0.00000339,0
1506778222,22578641,254.90,11.36070000,0
1506778093,22578570,255.00,0.38171134,0
1506777888,22578467,255.02,1.61722600,1
1506777837,22578448,255.00,0.00001006,0
1506777837,22578447,255.00,0.68730000,0
1506777814,22578443,255.20,0.19579500,0
1506777814,22578442,255.20,2.07555500,0
1506777812,22578441,255.19,1.25000000,0
1506777777,22578429,255.06,0.78412922,1
1506777600,22578385,255.20,7.93482344,0
1506777600,22578384,255.20,6.12109348,1
1506777598,22578383,255.19,1.48000000,0
1506777552,22578379,255.19,0.95272392,0
1506777505,22578367,255.19,1.06802179,0
1506777505,22578366,255.10,3.93197821,0
1506777453,22578336,254.73,0.20000000,0
1506777452,22578335,254.71,1.90770898,1
1506777452,22578334,254.72,1.53540400,1
1506777450,22578333,254.73,0.20000000,1
1506777403,22578318,255.01,0.67324500,1
1506777384,22578311,255.10,5.00000000,0
1506777348,22578246,255.10,4.16177969,0
1506777335,22578243,255.02,0.12998158,1
1506777329,22578242,255.03,0.07001842,1
1506777303,22578235,255.03,0.12998158,1
1506777303,22578234,255.03,0.20000000,1
1506777301,22578233,255.02,0.20000000,0
1506777272,22578225,254.72,2.99426700,0
1506777271,22578224,254.72,0.20000000,0
1506777270,22578223,254.72,1.60573300,1
1506777269,22578222,254.72,0.20000000,1
1506777182,22578200,255.10,3.97000000,0
1506777181,22578199,255.10,3.97000000,0
1506777049,22578168,255.10,1.96078000,0
1506777048,22578166,255.10,5.31560172,0
1506776777,22578090,255.00,0.83661271,1
1506776776,22578089,255.00,4.16338729,0
1506776768,22578087,254.99,5.00000000,0
1506776738,22578082,255.10,14.81066248,0
1506776726,22578074,254.89,3.06635600,1
1506776724,22578072,255.00,0.21299467,1
1506776722,22578070,255.01,0.19995295,0
1506776718,22578064,255.00,1.60453000,1
1506776713,22578057,255.00,2.54390400,1
1506776699,22578038,255.00,4.73493651,1
1506776699,22578037,255.01,0.00012232,1
1506776699,22578035,255.01,1.60440768,1
1506776697,22578028,255.00,6.95804134,1
1506776697,22578027,255.00,3.97000000,1
1506776696,22578026,255.00,3.97000000,1
1506776695,22578025,255.00,2.96700157,0
1506776695,22578024,254.99,3.97000000,0
1506776695,22578023,254.99,0.85153308,0
1506776665,22577973,255.00,5.00000000,0
1506776664,22577970,255.00,0.03299843,0
1506776663,22577968,255.00,3.00000000,0
1506776596,22577929,254.60,4.32998890,1
1506776594,22577925,254.60,8.48324482,1
1506776506,22577895,254.80,2.00126000,0
1506776490,22577889,254.84,1.43613910,0
1506776490,22577888,254.84,0.52097124,0
1506776218,22577847,254.50,0.00003092,1
1506776216,22577844,254.50,1.99996908,1
1506776185,22577833,254.41,0.19998342,0
1506776151,22577822,254.40,0.00000081,1
1506776151,22577821,254.40,0.19999919,1
1506776151,22577820,254.40,0.20000000,1
1506776151,22577819,254.40,0.20000000,1
1506776150,22577818,254.40,0.20000000,1
1506776150,22577817,254.40,0.20000000,1
1506776150,22577816,254.40,0.20000000,1
1506776150,22577815,254.40,0.20000000,1
1506776150,22577814,254.40,0.20000000,1
1506776150,22577813,254.40,0.20000000,1
1506776150,22577812,254.40,0.00231725,1
1506776147,22577811,254.40,0.19768275,1
1506776147,22577810,254.40,0.13403891,1
1506776112,22577799,254.40,0.06596109,1
1506776112,22577798,254.40,0.20000000,1
1506776110,22577795,254.39,0.20000000,0
1506776073,22577781,254.28,2.02996084,1
1506775977,22577763,254.27,0.19998423,1
1506775972,22577759,254.26,0.19999210,1
1506775972,22577758,254.26,0.00381511,1
1506775972,22577757,254.26,0.20000000,1
1506775862,22577732,254.60,0.76364990,0
1506775862,22577730,254.59,1.13882873,0
1506775862,22577729,254.59,0.82234127,1
1506775860,22577726,254.59,0.12832684,1
1506775783,22577704,254.37,0.19619618,1
1506775783,22577703,254.37,0.11710382,1
1506775782,22577702,254.35,0.19619618,0
1506775782,22577701,254.35,0.31330000,0
1506775781,22577700,254.35,0.31330000,0
1506775781,22577699,254.35,0.31330000,0
1506775780,22577698,254.35,0.31330000,0
1506775702,22577678,254.56,0.12179777,1
1506775701,22577675,254.56,3.50143656,1
1506775701,22577674,254.56,0.20000000,0
1506775522,22577625,254.22,2.60117219,1
1506775521,22577624,254.23,1.44941400,1
1506775518,22577617,254.24,3.05542004,1
1506775496,22577589,254.86,0.19907098,1
1506775475,22577579,254.98,0.02000000,0
1506775456,22577571,254.86,2.85592902,1
1506775456,22577570,254.87,0.20000000,1
1506775442,22577563,254.86,0.20000000,0
1506775438,22577561,254.90,0.21150000,1
1506775334,22577520,254.87,0.04027500,1
1506775332,22577518,254.87,0.38239838,0
1506775301,22577512,254.85,3.50000000,0
1506775123,22577476,255.26,0.03937373,0
1506775123,22577475,255.00,0.00000011,0
1506775122,22577474,255.00,2.04180489,1
1506775121,22577473,255.00,2.94916800,1
1506775118,22577469,255.00,5.27035600,1
1506775118,22577468,255.00,2.94916810,1
1506775112,22577455,255.00,5.27209300,1
1506775111,22577453,255.00,2.94196700,1
1506775111,22577450,255.00,2.05803300,1
1506775109,22577447,255.00,3.01141000,1
1506775109,22577446,255.00,1.98859200,1
1506775108,22577445,255.00,5.95338000,1
1506775100,22577432,255.00,3.48448800,1
1506775100,22577431,255.01,0.20000000,1
1506775098,22577427,255.00,1.50571800,1
1506775096,22577424,255.00,1.50503769,1
1506775094,22577423,254.66,2.45363124,1
1506775094,22577422,254.74,0.81334100,1
1506775001,22577408,254.73,0.33916383,1
1506775001,22577407,254.74,0.20000000,1
1506774999,22577402,254.73,0.41196456,1
1506774999,22577401,254.74,0.31330000,1
1506774996,22577400,254.74,0.77905200,1
1506774995,22577396,254.73,0.77134003,1
1506774995,22577395,254.95,0.06563858,1
1506774994,22577394,254.95,1.89553142,0
1506774993,22577393,254.73,0.66711800,0
1506774913,22577369,254.95,3.06515002,0
1506774913,22577368,254.91,0.25000000,0
1506774911,22577366,254.73,0.46012055,0
1506774906,22577363,254.60,1.19414611,1
1506774841,22577347,254.60,0.00585389,1
1506774841,22577346,254.70,0.04564011,1
1506774811,22577338,254.70,0.54998033,1
1506774801,22577332,254.70,1.10066900,1
1506774800,22577329,254.70,1.06518300,1
1506774767,22577313,254.70,0.36718873,0
1506774568,22577226,254.94,0.15650741,0
1506774495,22577201,254.95,0.03931856,0
1506774494,22577199,254.80,0.21381472,1
1506774492,22577197,254.92,0.20000000,0
1506774483,22577196,254.89,0.20000000,0
1506774449,22577190,254.80,0.76102200,1
1506774447,22577189,254.85,3.10897800,1
1506774410,22577181,254.85,1.89102200,1
1506774409,22577178,254.86,0.73717700,1
1506774408,22577176,254.86,0.20000000,1
1506774347,22577163,255.06,0.93648305,1
1506774347,22577162,255.40,0.63281127,0
1506774346,22577161,255.19,0.10000342,0
1506774346,22577160,255.10,1.08020135,0
1506774345,22577159,255.05,0.20000000,0
1506774328,22577155,254.75,0.19998431,1
1506774305,22577153,254.60,0.80000000,1
1506774304,22577151,254.63,0.20000000,1
1506774262,22577146,255.10,1.91979865,0
1506774233,22577134,254.66,2.84999608,1
1506774216,22577125,255.10,0.32592925,1
1506774216,22577124,255.09,0.20000000,0
1506774214,22577121,254.91,0.20000000,0
1506774211,22577118,254.57,0.10000342,1
1506774208,22577117,254.55,0.20000000,1
1506774206,22577115,254.53,0.00000017,1
1506774206,22577114,254.54,6.03733483,1
1506774196,22577111,254.86,11.74241473,0
1506774154,22577101,254.79,3.09419521,0
1506774152,22577100,254.56,0.19889608,0
1506774095,22577083,254.56,6.88611722,0
1506774093,22577082,254.55,0.57844494,0
1506774063,22577075,254.40,0.50000000,1
1506774048,22577074,254.40,0.20000000,1
1506773994,22577054,254.55,0.92155506,0
1506773994,22577053,254.55,0.00173592,0
1506773993,22577052,254.53,2.69276792,0
1506773993,22577051,254.52,0.20000000,0
1506773926,22577000,254.53,0.19218896,0
1506773884,22576979,254.21,3.64311298,1
1506773882,22576976,254.22,0.12964219,1
1506773879,22576969,254.22,0.54306581,1
1506773869,22576955,254.20,2.55947294,1
1506773804,22576941,254.22,0.36230277,1
1506773804,22576940,254.22,5.40620000,1
1506773804,22576939,254.22,5.40620000,1
1506773804,22576938,254.22,2.93591991,1
1506773804,22576937,254.25,3.09300000,1
1506773804,22576936,254.25,2.99257732,1
1506773797,22576927,254.25,0.10042268,1
1506773797,22576926,254.25,2.45604466,1
1506773790,22576913,254.25,0.20793856,1
1506773789,22576911,254.25,0.42901678,1
1506773789,22576910,254.25,1.48588984,1
1506773789,22576909,254.26,0.63174900,1
1506773789,22576908,254.27,0.20800000,1
1506773789,22576906,254.27,0.20800000,1
1506773789,22576905,254.27,0.20800000,1
1506773789,22576904,254.28,0.20000000,1
1506773788,22576903,254.28,0.20800000,1
1506773788,22576902,254.28,0.20800000,1
1506773787,22576899,254.27,0.20800000,1
1506773786,22576898,254.27,0.20800000,1
1506773786,22576897,254.27,0.20800000,1
1506773786,22576896,254.27,0.20800000,1
1506773786,22576895,254.27,0.20800000,1
1506773786,22576894,254.27,0.20800000,1
1506773786,22576893,254.27,0.00002764,1
1506773784,22576887,254.26,0.20797236,0
1506773783,22576886,254.25,0.20000000,1
1506773781,22576885,254.25,1.40711016,1
1506773781,22576884,254.25,3.09300000,1
1506773781,22576883,254.25,3.09300000,1
1506773781,22576882,254.25,3.09300000,1
1506773781,22576881,254.25,3.09300000,1
1506773781,22576880,254.25,3.09300000,1
1506773781,22576879,254.25,3.09299905,1
1506773780,22576878,254.26,0.20796079,1
1506773778,22576869,254.26,0.41726521,1
1506773775,22576866,254.25,0.00000095,1
1506773775,22576865,254.25,3.09300000,1
1506773769,22576855,254.24,0.44610000,1
1506773769,22576853,254.24,0.44610000,1
1506773769,22576852,254.24,0.44610000,1
1506773769,22576851,254.24,0.03243961,1
1506773769,22576850,254.24,0.41366039,1
1506773769,22576849,254.24,0.11406561,1
1506773769,22576848,254.24,0.33203439,1
1506773769,22576847,254.24,0.44610000,1
1506773768,22576846,254.24,0.44610000,1
1506773768,22576844,254.24,0.44610000,1
1506773768,22576842,254.24,0.44610000,1
1506773768,22576841,254.24,0.44610000,1
1506773768,22576840,254.24,0.00274837,1
1506773768,22576839,254.25,0.00000208,1
1506773767,22576836,254.25,0.19999792,1
1506773757,22576831,254.24,0.43046789,1
1506773757,22576830,254.25,0.05032711,1
1506773753,22576818,254.25,0.14967289,1
1506773745,22576807,254.24,0.01288374,1
1506773745,22576806,254.24,0.09524426,1
1506773744,22576805,254.24,0.35085300,1
1506773743,22576802,254.24,0.00000274,0
1506773742,22576800,254.24,0.44610000,0
1506773738,22576791,254.23,0.20000000,1
1506773737,22576789,254.22,1.90032812,1
1506773736,22576788,254.22,0.37000000,1
1506773734,22576786,254.20,0.19995197,0
1506773733,22576784,254.20,0.00004803,0
1506773733,22576783,254.20,5.40615197,0
1506773729,22576771,254.19,1.42844192,1
1506773725,22576763,254.32,0.44614800,1
1506773721,22576757,254.19,1.50768351,1
1506773721,22576756,254.30,0.61520830,1
1506773721,22576755,254.20,0.38479170,0
1506773719,22576752,254.19,0.38482800,1
1506773713,22576743,254.18,1.91014255,1
1506773713,22576742,254.19,0.00003689,1
1506773713,22576741,254.20,0.20000000,1
1506773712,22576740,254.19,0.39629211,1
1506773712,22576739,254.49,0.19200891,0
1506773708,22576734,254.18,2.81518295,1
1506773707,22576733,254.17,0.43995304,0
1506773706,22576731,254.17,0.00004696,0
1506773706,22576730,254.04,42.30385304,0
1506773704,22576727,254.04,0.97757000,1
1506773654,22576712,254.04,0.95616000,1
1506773574,22576681,254.10,0.83067596,1
1506773572,22576675,254.10,1.99400339,1
1506773568,22576672,254.10,1.33870794,1
1506773568,22576671,254.10,0.65410006,1
1506773568,22576670,254.10,1.70045900,1
1506773568,22576668,254.10,0.32730000,1
1506773567,22576665,254.10,1.08790200,1
1506773567,22576663,254.11,0.90486600,1
1506773557,22576653,254.25,0.03531131,1
1506773554,22576649,254.25,0.16468869,1
1506773550,22576645,254.16,0.00001842,0
1506773550,22576643,254.16,0.16250000,0
1506773548,22576642,254.15,0.20000000,1
1506773547,22576634,254.15,0.41525012,1
1506773544,22576628,254.16,0.32703700,1
1506773544,22576627,254.16,0.41529200,1
1506773543,22576624,254.15,0.28216500,1
1506773543,22576622,254.15,0.64662000,1
1506773542,22576620,254.27,0.32000000,1
1506773542,22576619,254.27,0.32000000,1
1506773542,22576618,254.27,0.32000000,1
1506773542,22576617,254.27,0.32000000,1
1506773542,22576616,254.27,0.32000000,1
1506773542,22576615,254.27,0.32000000,1
1506773542,22576614,254.27,0.32000000,1
1506773541,22576613,254.27,0.04161000,1
1506773540,22576608,254.27,0.27839000,1
1506773540,22576607,254.27,0.27086100,1
1506773538,22576589,254.27,0.04913900,1
1506773537,22576587,254.27,0.07498900,1
1506773537,22576585,254.27,0.24501100,1
1506773537,22576582,254.27,0.07706700,1
1506773529,22576558,254.27,0.21936432,1
1506773529,22576557,254.27,0.02356868,1
1506773529,22576556,254.28,0.10056432,1
1506773528,22576555,254.11,0.00003568,0
1506773528,22576554,254.10,1.00000000,1
1506773528,22576552,254.11,0.10060000,0
1506773527,22576549,254.10,2.48823300,1
1506773526,22576546,254.10,2.32999500,1
1506773525,22576544,254.10,0.12408000,1
1506773524,22576539,254.11,0.21936432,1
1506773491,22576522,254.11,0.20001500,1
1506773490,22576517,254.11,0.21833946,1
1506773489,22576516,254.11,0.12500922,1
1506773489,22576514,254.12,0.00004647,1
1506773489,22576513,254.12,0.19995353,1
1506773452,22576508,254.19,0.19564127,1
1506773452,22576507,254.19,0.34870453,1
1506773450,22576502,254.19,0.26959547,1
1506773450,22576501,254.19,0.07448377,1
1506773450,22576500,254.20,0.20000000,1
1506773447,22576497,254.19,0.54381623,1
1506773447,22576496,254.19,0.00001814,1
1506773447,22576495,254.19,0.61828186,0
1506773437,22576494,254.10,0.28793094,1
1506773435,22576493,254.11,0.71206906,1
1506773432,22576491,254.11,0.04390794,1
1506773425,22576490,254.20,0.15000000,1
1506773409,22576487,254.28,0.54000000,1
1506773409,22576484,254.28,3.42664000,1
1506773407,22576481,254.28,0.54336000,1
1506773341,22576467,254.28,0.54292524,1
1506773335,22576464,254.28,0.20000000,1
1506773335,22576463,254.28,0.42337725,1
1506773315,22576460,254.27,0.44033070,1
1506773315,22576459,254.28,0.76635000,1
1506773312,22576456,254.27,0.51930700,1
1506773312,22576455,254.27,0.68569300,1
1506773304,22576449,254.27,4.92165533,1
1506773304,22576448,254.27,12.81490000,1
1506773304,22576447,254.27,2.40930467,1
1506773298,22576443,254.27,1.20331192,1
1506773288,22576414,254.48,2.31786953,0
1506773287,22576413,254.41,0.20000000,0
1506773281,22576402,254.27,9.20228341,1
1506773281,22576401,254.27,10.91623659,1
1506773277,22576398,254.27,1.20334515,1
1506773276,22576390,254.27,0.14392127,1
1506773274,22576383,254.27,0.55139699,1
1506773273,22576382,254.27,0.79408501,1
1506773272,22576379,254.27,1.34358663,1
1506773260,22576369,254.27,0.67321753,1
1506773260,22576368,254.27,10.00401083,1
1506773260,22576367,254.27,4.66598917,1
1506773259,22576366,254.27,8.14891083,1
1506773259,22576365,254.27,11.74230917,1
1506773259,22576363,254.28,0.20000000,1
1506773257,22576359,254.27,0.39938381,1
1506773256,22576357,254.27,0.20002356,1
1506773256,22576356,254.27,0.47318346,1
1506773256,22576354,254.27,0.20003554,1
1506773254,22576350,254.27,1.07092706,1
1506773254,22576349,254.28,0.20000000,1
1506773252,22576341,254.27,1.62624757,1
1506773252,22576340,254.28,0.80729900,1
1506773252,22576338,254.31,0.01968614,1
1506773251,22576336,254.31,0.36191386,1
1506773251,22576335,254.31,0.10305156,1
1506773248,22576328,254.31,0.27854844,1
1506773248,22576327,254.31,0.10304501,1
1506773248,22576326,254.31,0.12255000,1
1506773247,22576323,254.31,0.15600499,1
1506773247,22576322,254.31,0.14309825,1
1506773247,22576318,254.31,0.10925400,1
1506773246,22576317,254.31,0.12924775,1
1506773246,22576316,254.31,0.38160000,1
1506773246,22576315,254.31,0.38160000,1
1506773244,22576308,254.29,0.38160000,0
1506773241,22576301,254.28,0.19264400,1
1506773241,22576300,254.29,0.38160000,1
1506773238,22576295,254.27,0.38165510,1
1506773237,22576294,254.28,0.38163223,0
1506773235,22576291,254.27,9.53603473,1
1506773235,22576290,254.27,10.54046527,1
1506773235,22576289,254.28,4.66835870,1
1506773235,22576288,254.28,0.38164130,1
1506773234,22576287,254.29,0.00001380,1
1506773234,22576286,254.29,0.20000000,0
1506773234,22576285,254.29,0.19998620,0
1506773229,22576279,254.28,0.38168767,1
1506773224,22576275,254.28,0.18168767,1
1506773224,22576273,254.29,0.20000000,1
1506773223,22576270,254.27,2.27443473,1
1506773222,22576269,254.28,1.90964900,1
1506773222,22576268,254.28,1.36403100,1
1506773220,22576263,254.28,0.18212193,1
1506773216,22576257,254.23,1.39843670,0
1506773216,22576256,254.20,4.99998023,0
1506773216,22576255,254.10,0.97074644,0
1506773216,22576253,254.10,4.04733184,0
1506773215,22576252,254.10,1.39840000,0
1506773215,22576251,254.01,0.15836690,1
1506773213,22576250,254.10,4.98425816,1
1506773213,22576249,254.10,0.15000000,1
1506773213,22576247,254.16,3.06720600,1
1506773213,22576246,254.20,5.00000000,1
1506773213,22576245,254.21,1.39846400,1
1506773211,22576239,254.32,0.00172336,0
1506773210,22576237,254.32,0.38000000,0
1506773209,22576236,254.32,3.58827503,1
1506773209,22576235,254.32,0.38172497,1
1506773112,22576196,254.54,0.30126000,0
1506773107,22576190,254.55,1.51587918,0
1506773106,22576189,254.55,0.49364172,0
1506773094,22576169,254.55,0.91268182,0
1506773094,22576168,254.55,1.07822016,0
1506773093,22576167,254.54,0.19999997,0
1506773084,22576156,254.33,0.11945787,1
1506773081,22576153,254.12,0.05709265,1
1506773081,22576152,254.13,0.32480319,1
1506773081,22576151,254.32,0.00003015,1
1506773081,22576150,254.14,0.11946985,0
1506773078,22576143,254.20,0.15000000,1
1506773078,22576141,254.21,5.60000000,1
1506773078,22576140,254.34,3.06703700,1
1506773078,22576139,254.40,10.00000000,1
1506773077,22576138,254.41,1.07821315,1
1506773073,22576124,254.41,0.38191885,1
1506773027,22576095,254.56,3.09545760,0
1506772956,22576069,254.80,6.24704982,0
1506772956,22576068,254.79,0.31360000,0
1506772956,22576067,254.65,0.31400000,0
1506772956,22576066,254.64,0.20000000,0
1506772880,22576049,254.27,0.69108102,0
1506772880,22576048,254.33,0.31400000,1
1506772877,22576046,254.34,1.78664661,1
1506772850,22576036,254.99,7.82387545,0
1506772760,22575986,254.41,2.93203884,0
1506772759,22575985,254.30,0.31360041,0
1506772759,22575984,254.30,1.25839559,1
1506772759,22575983,254.30,0.15000000,1
1506772757,22575982,254.31,0.31360000,1
1506772757,22575981,254.36,0.32441152,1
1506772757,22575980,254.40,1.11769913,1
1506772739,22575953,254.40,0.92079403,1
1506772739,22575952,254.40,0.15000000,1
1506772736,22575950,254.52,1.04865600,0
1506772734,22575948,254.50,5.80152800,0
1506772734,22575946,254.50,1.04847200,0
1506772733,22575945,254.50,5.00000000,1
1506772733,22575944,254.50,0.15000000,1
1506772721,22575930,254.52,0.49000000,1
1506772721,22575929,254.53,0.15000000,1
1506772719,22575927,254.53,6.03000000,1
1506772719,22575926,254.60,0.15000000,1
1506772713,22575918,254.61,0.20000000,1
1506772558,22575812,254.70,0.19999997,1
1506772555,22575810,254.61,0.60092100,1
1506772491,22575792,254.66,0.35223432,1
1506772469,22575787,254.76,0.20000000,0
1506772437,22575782,254.66,0.95805700,1
1506772437,22575781,254.70,0.15000000,1
1506772436,22575780,254.76,0.20000000,1
1506772436,22575779,254.76,0.76394300,1
1506772237,22575741,255.20,0.38126000,0
1506772235,22575740,255.01,0.42000000,0
1506772235,22575739,255.00,0.20000000,0
1506772230,22575736,254.79,0.45535139,1
1506772169,22575711,254.84,0.48325005,1
1506772169,22575710,254.85,0.77870000,1
1506772157,22575704,254.76,0.80260600,1
1506772151,22575703,254.75,0.80504900,1
1506772058,22575688,255.32,0.07266203,1
1506772058,22575687,255.32,1.45281400,1
1506772058,22575686,255.32,4.70000000,1
1506772056,22575685,255.32,0.31300000,1
1506772055,22575684,255.23,0.06152397,0
1506772055,22575683,255.22,0.20000000,0
1506772000,22575663,254.77,0.87588000,0
1506771997,22575662,254.77,1.40342000,1
1506771979,22575622,254.71,0.57558603,0
1506771978,22575621,254.73,0.06152397,1
1506771978,22575620,254.75,0.20000000,1
1506771974,22575613,255.39,1.19810792,1
1506771973,22575612,255.39,2.60189189,0
1506771969,22575609,254.73,1.75186256,1
1506771969,22575608,254.94,0.07684161,1
1506771969,22575607,255.52,11.08386537,0
1506771968,22575606,255.43,0.09605774,0
1506771968,22575603,255.42,0.12007689,0
1506771968,22575601,255.32,0.50000000,0
1506771967,22575591,255.31,0.20000000,0
1506771959,22575561,254.79,0.29837478,1
1506771959,22575559,254.94,0.32316170,1
1506771946,22575548,254.93,0.09605774,1
1506771939,22575546,254.80,1.11836735,1
1506771939,22575545,254.92,0.12007689,1
1506771939,22575544,254.93,0.20000000,1
1506771923,22575541,254.92,2.60189189,1
1506771923,22575540,255.41,0.31300000,1
1506771922,22575505,255.48,0.05937842,1
1506771921,22575504,255.48,0.00000649,1
1506771921,22575503,255.49,0.26341540,1
1506771918,22575499,255.48,0.19999351,1
1506771917,22575498,255.47,2.43065723,1
1506771915,22575490,255.47,0.63196898,1
1506771913,22575485,256.00,4.54583560,1
1506771913,22575484,256.00,2.94498479,1
1506771913,22575483,256.01,0.11769321,1
1506771911,22575479,256.00,10.60508000,1
1506771911,22575478,256.00,2.01418500,1
1506771911,22575477,256.00,0.32162885,1
1506771909,22575473,256.00,7.20987469,1
1506771908,22575466,256.13,0.32194424,0
1506771907,22575461,256.00,0.05926217,1
1506771906,22575460,256.00,0.62700568,0
1506771906,22575459,256.00,8.88105785,0
1506771906,22575458,255.99,1.54000000,0
1506771906,22575457,255.95,3.72329663,0
1506771906,22575456,255.62,0.21379386,0
1506771906,22575455,255.62,0.90100000,0
1506771906,22575454,255.53,3.85000000,0
1506771906,22575453,255.52,22.30000000,0
1506771905,22575452,255.52,5.94510425,0
1506771905,22575451,255.13,0.46000000,0
1506771895,22575440,254.79,0.02549034,1
1506771895,22575439,254.80,0.05926217,1
1506771895,22575438,254.80,0.15000000,1
1506771895,22575437,254.80,0.90342200,0
1506771893,22575435,254.95,0.11769321,1
1506771858,22575394,254.94,3.85230679,1
1506771858,22575393,254.95,0.11769321,1
1506771857,22575392,254.94,3.97000000,1
1506771821,22575377,255.16,5.00586777,1
1506771821,22575376,255.16,0.50000000,1
1506771819,22575372,255.16,0.52000000,0
1506771818,22575371,255.16,0.76000000,0
1506771818,22575370,255.16,2.69161978,0
1506771818,22575369,255.15,2.42251245,0
1506771802,22575362,255.16,0.51279000,0
1506771797,22575360,255.16,0.76559022,0
1506771797,22575358,255.16,0.20000000,0
1506771788,22575348,255.10,0.49992160,1
1506771697,22575308,255.20,0.12242933,0
1506771695,22575306,255.19,0.05916278,0
1506771695,22575305,255.19,0.20000000,0
1506771678,22575301,254.89,0.05916278,1
1506771678,22575298,255.00,0.15000000,1
1506771671,22575294,255.20,0.03926939,0
1506771638,22575278,255.12,1.59285827,0
1506771579,22575222,255.33,0.50000000,1
1506771578,22575217,255.29,0.50000000,1
1506771553,22575202,255.35,0.47959812,0
1506771553,22575201,255.28,0.50000000,0
1506771553,22575199,255.27,1.06500000,0
1506771551,22575198,255.26,1.75000000,0
1506771498,22575182,255.10,1.06500000,1
1506771498,22575181,255.10,0.15000000,1
1506771489,22575172,255.35,3.06466900,0
1506771489,22575171,255.35,0.71556000,0
1506771488,22575170,255.36,3.06464000,1
1506771488,22575169,255.36,0.21379386,1
1506771468,22575167,255.45,0.50000000,1
1506771430,22575163,255.62,0.05900000,0
1506771402,22575160,255.39,0.50000000,0
1506771373,22575134,255.36,0.96000000,1
1506771299,22575106,255.72,0.58900360,0
1506771118,22575062,255.39,0.13080298,1
1506771118,22575061,255.40,0.04949139,1
1506771118,22575060,255.41,0.20000000,1
1506771110,22575055,255.95,0.49376831,0
1506771109,22575054,255.93,1.17117576,0
1506771109,22575053,255.90,0.20000000,0
1506771107,22575049,255.89,7.09088335,0
1506771080,22575043,255.39,0.03031219,1
1506771080,22575042,255.41,1.17117576,1
1506771080,22575041,255.50,0.00000035,1
1506771080,22575040,255.51,0.20000000,1
1506771080,22575039,255.51,0.04949139,1
1506771021,22575024,255.50,1.33463761,1
1506771020,22575023,255.52,0.04949139,1
1506771020,22575021,255.53,0.20000000,1
1506770978,22575003,255.95,3.52330170,0
1506770978,22575001,255.94,0.20000000,0
1506770930,22574982,256.00,0.00046875,0
1506770928,22574981,255.92,1.16884540,0
1506770899,22574976,255.41,0.25050861,0
1506770899,22574975,255.41,0.20000000,0
1506770896,22574972,255.40,0.50000000,1
1506770890,22574970,255.40,0.07185928,1
1506770882,22574967,255.40,0.07185928,1
1506770876,22574963,255.40,0.07185928,1
1506770875,22574962,255.41,0.20000000,0
1506770874,22574961,255.50,0.07185928,1
1506770874,22574959,255.51,0.00000786,1
1506770825,22574946,255.51,0.19999214,1
1506770793,22574934,255.50,0.26223074,0
1506770786,22574932,255.49,0.13541880,0
1506770723,22574920,255.49,0.51628363,0
1506770723,22574919,255.48,0.46954752,0
1506770716,22574913,255.49,0.46952914,0
1506770650,22574898,255.36,0.03000000,1
1506770645,22574893,255.47,7.58400000,0
1506770642,22574888,255.35,0.49997189,1
1506770642,22574886,255.35,4.08996182,1
1506770617,22574878,255.32,6.73562723,1
1506770615,22574877,255.32,0.03000000,1
1506770601,22574873,255.50,5.71400000,0
1506770601,22574872,255.40,0.50000000,0
1506770600,22574871,255.29,0.13426902,1
1506770586,22574846,255.30,0.20000000,1
1506770586,22574845,255.30,0.20000000,1
1506770518,22574821,255.26,0.20000000,0
1506770514,22574819,255.26,0.37978999,0
1506770514,22574818,255.26,0.34723800,0
1506770514,22574816,255.26,0.20000000,1
1506770485,22574809,255.20,0.23998037,0
1506770485,22574808,255.19,10.84000000,0
1506770471,22574806,255.20,0.26000000,1
1506770471,22574805,255.20,0.00001963,1
1506770465,22574803,255.20,0.14998037,1
1506770452,22574797,255.30,0.15000000,1
1506770434,22574789,255.40,0.15000000,1
1506770384,22574773,255.50,3.96054794,0
1506770384,22574772,255.49,0.20000000,0
1506770380,22574769,255.11,0.64009080,1
1506770380,22574768,255.11,0.00000294,1
1506770378,22574767,255.12,0.40192014,1
1506770363,22574754,255.12,0.09998386,1
1506770363,22574753,255.13,0.00001963,1
1506770363,22574752,255.14,0.10198651,1
1506770356,22574744,255.14,0.09801349,1
1506770343,22574737,255.13,0.49998037,1
1506770330,22574735,255.10,5.79349706,0
1506770316,22574723,255.08,0.50000000,0
1506770310,22574720,255.04,0.04695710,1
1506770310,22574719,255.04,0.42690000,1
1506770310,22574718,255.04,0.00004533,1
1506770310,22574717,255.05,0.50000000,1
1506770305,22574716,255.03,0.42685467,0
1506770302,22574712,255.03,0.07314533,0
1506770302,22574711,255.02,0.20000000,0
1506770281,22574705,254.86,0.89719535,1
1506770281,22574704,254.86,0.32377634,1
1506770280,22574703,254.89,0.32373831,1
1506770280,22574702,254.90,0.15000000,1
1506770278,22574698,254.98,1.66367456,1
1506770278,22574697,255.00,0.34414544,1
1506770277,22574696,255.00,2.01985456,1
1506770277,22574695,255.00,0.03199172,1
1506770276,22574692,255.01,0.10176198,1
1506770275,22574687,255.00,0.11800828,1
1506770274,22574686,255.00,1.88981172,1
1506770274,22574685,255.00,0.29961000,1
1506770274,22574682,255.00,1.00573268,1
1506770256,22574651,255.01,3.74708704,1
1506770256,22574650,255.01,0.42142000,1
1506770249,22574641,255.10,0.32347234,1
1506770249,22574640,255.10,0.15000000,1
1506770248,22574639,255.20,0.15000000,1
1506770248,22574638,255.22,3.06462100,1
1506770227,22574635,255.30,3.97000000,0
1506770223,22574634,255.30,0.42988700,1
1506770223,22574633,255.30,0.15000000,1
1506770223,22574632,255.31,3.97000000,1
1506770223,22574631,255.31,0.32324607,1
1506770158,22574618,255.50,0.15000000,1
1506770158,22574617,255.50,0.62700568,1
1506770042,22574559,255.50,8.88152660,1
1506770042,22574558,255.50,1.16884540,1
1506770042,22574557,255.51,0.44962800,1
1506770041,22574556,255.59,0.50000000,1
1506769932,22574535,255.97,0.08379394,0
1506769858,22574490,255.90,2.66354044,0
1506769858,22574489,255.64,0.97642821,0
1506769858,22574488,255.63,0.14957357,1
1506769857,22574487,255.60,0.50000000,1
1506769855,22574484,255.60,0.15000000,1
1506769855,22574483,255.60,1.98967471,1
1506769837,22574463,255.60,2.20000000,1
1506769828,22574454,255.60,0.81235971,1
1506769828,22574453,255.61,0.40680600,1
1506769828,22574452,255.61,0.56093034,1
1506769827,22574451,255.65,3.39770995,1
1506769827,22574450,255.67,0.19526200,1
1506769827,22574449,255.70,0.20000000,1
1506769822,22574444,255.67,0.30473800,1
1506769822,22574443,255.68,0.20000000,1
1506769740,22574422,255.98,0.32236549,0
1506769643,22574393,255.89,0.35839100,0
1506769524,22574352,255.61,0.03906966,1
1506769524,22574351,255.63,0.51633991,0
1506769523,22574350,255.63,1.94886250,0
1506769523,22574349,255.63,1.08362459,0
1506769523,22574348,255.62,0.09117300,0
1506769522,22574347,255.62,0.40882700,0
1506769522,22574346,255.62,0.32281562,1
1506769520,22574343,255.63,4.99991555,1
1506769516,22574338,255.64,0.37467500,0
1506769516,22574336,255.64,0.03760000,0
1506769515,22574333,255.72,0.50000000,1
1506769512,22574329,255.75,0.88137041,0
1506769510,22574328,255.70,0.00001635,0
1506769510,22574327,255.70,0.15000000,1
1506769499,22574322,255.75,0.20000000,0
1506769499,22574321,255.75,0.20000000,0
1506769499,22574320,255.74,0.20000000,0
1506769486,22574317,255.74,0.20000000,0
1506769486,22574316,255.74,0.50000000,0
