date,tid,price,amount,type
1506815648,22597355,301.35,0.05000000,1
1506815462,22597335,301.46,0.05000000,0
1506815252,22597320,300.83,1.00000000,1
1506815171,22597313,300.91,0.92841961,0
1506814980,22597289,300.89,3.87000000,0
1506814978,22597288,300.90,0.26053128,1
1506814957,22597283,300.91,0.11189000,0
1506814652,22597209,300.91,0.38046093,0
1506814613,22597203,300.91,1.13432587,0
1506814612,22597201,300.90,0.20346872,1
1506814610,22597199,300.91,0.43162842,0
1506814606,22597192,300.90,0.26600000,0
1506814585,22597188,300.91,0.63000000,0
1506814457,22597173,300.00,17.70180921,1
1506814438,22597167,300.00,7.76323604,1
1506814437,22597166,300.00,141.35595382,1
1506814435,22597165,300.00,2.97947086,1
1506814374,22597155,300.00,154.92271339,1
1506814374,22597154,300.01,0.26600000,1
1506814371,22597153,301.31,0.26442778,1
1506814370,22597152,300.69,0.10245511,0
1506814369,22597151,300.45,0.10088289,0
1506814368,22597150,300.44,0.26600000,0
1506814358,22597148,300.00,160.15456995,1
1506814358,22597147,300.00,0.33333333,1
1506814358,22597146,300.01,5.00000000,1
1506814358,22597144,300.01,15.00000000,1
1506814345,22597142,300.06,1.97767237,0
1506814344,22597141,300.06,2.34000000,0
1506814344,22597140,300.06,19.21798963,1
1506814344,22597139,300.11,72.26100000,1
1506814343,22597138,300.12,1.77000000,1
1506814343,22597137,300.15,0.10088289,1
1506814343,22597136,300.19,0.10245511,1
1506814343,22597135,300.30,0.23000000,1
1506814302,22597133,300.15,1.50110705,0
1506814302,22597132,300.15,54.28289295,1
1506814302,22597131,300.16,1.95000000,1
1506814301,22597130,300.19,0.26600000,1
1506814301,22597129,300.19,5.00000000,1
1506814291,22597128,300.95,1.00000000,1
1506814255,22597117,300.95,0.14750000,1
1506814254,22597116,300.95,1.71638000,1
1506814254,22597115,300.97,0.34852000,1
1506814241,22597112,300.97,0.11148000,1
1506813596,22596983,300.56,1.28702952,0
1506813425,22596939,301.14,0.06634090,1
1506813425,22596938,301.14,0.26500000,0
1506812971,22596874,300.15,130.62918434,1
1506812971,22596873,300.16,15.00000000,1
1506812971,22596872,300.35,5.09225903,1
1506812970,22596871,300.37,2.18000000,1
1506812970,22596870,300.60,3.66725053,1
1506812970,22596869,300.76,8.00000000,1
1506812970,22596868,300.76,6.61000000,0
1506812969,22596867,300.78,0.26500000,0
1506812969,22596866,300.85,0.06001239,1
1506812968,22596865,300.92,6.61000000,0
1506812968,22596864,300.92,27.85000000,0
1506812834,22596858,300.91,0.38063697,1
1506812798,22596853,300.88,0.39644400,1
1506812578,22596822,300.91,0.20346872,1
1506812192,22596781,301.57,0.04967742,0
1506812192,22596780,301.52,0.05057096,0
1506812108,22596772,300.80,6.04055384,0
1506812108,22596771,300.80,5.06578416,1
1506812102,22596764,300.81,0.39335107,1
1506812102,22596763,300.81,0.00458130,0
1506812100,22596760,300.81,1.99000000,0
1506812100,22596759,300.80,0.39374294,1
1506812100,22596757,300.80,3.65218825,1
1506812100,22596755,300.81,1.99462253,1
1506812099,22596754,300.83,3.46482486,1
1506812060,22596733,300.82,0.14156500,1
1506811871,22596706,301.54,0.21442904,1
1506811868,22596704,301.54,3.59749524,0
1506811868,22596703,301.50,0.10217940,0
1506811868,22596702,301.50,0.10217940,0
1506811828,22596694,300.60,1.17274947,1
1506811828,22596693,300.71,0.05000000,1
1506811828,22596692,300.76,0.26500000,1
1506811828,22596691,300.82,3.59749524,1
1506811813,22596687,301.46,6.59254760,1
1506811812,22596686,301.46,6.61000000,0
1506811777,22596681,301.47,2.96245065,0
1506811777,22596680,301.46,1.46875208,1
1506811775,22596679,301.46,0.22809434,0
1506811552,22596666,301.27,8.21847512,1
1506811552,22596665,301.26,1.99163513,0
1506811551,22596664,301.26,3.59638362,1
1506811551,22596663,301.23,0.26530000,0
1506811549,22596662,301.22,0.17000000,0
1506811508,22596639,300.73,2.22007800,1
1506811416,22596623,300.73,1.37630562,1
1506811332,22596605,300.81,0.22809434,1
1506811332,22596604,300.86,0.05000000,1
1506811332,22596603,300.90,0.26530000,1
1506811038,22596487,301.49,0.01820000,0
1506811022,22596486,301.49,0.28013195,1
1506811022,22596485,301.28,0.10050502,0
1506810958,22596473,301.27,0.02967438,0
1506810932,22596467,301.27,0.01820000,0
1506810616,22596365,300.97,2.00000000,1
1506810561,22596350,301.15,1.72323840,0
1506810549,22596349,301.14,0.26570000,0
1506810549,22596348,301.14,3.59462270,0
1506810549,22596347,301.14,0.10000000,0
1506810549,22596346,300.99,0.10000000,0
1506810525,22596339,300.98,5.00000000,1
1506810358,22596312,300.53,4.47102798,1
1506810319,22596308,300.54,0.01820000,0
1506810271,22596296,300.42,4.42737811,1
1506810229,22596285,300.98,0.22785567,0
1506810222,22596281,300.28,0.51532825,0
1506810210,22596277,300.35,0.26570000,1
1506810187,22596270,300.36,0.00071050,0
1506810186,22596269,300.37,1.17432434,1
1506810136,22596259,300.98,0.10060469,1
1506810136,22596258,300.98,0.10000664,1
1506810136,22596257,300.98,0.10050502,1
1506810086,22596249,301.00,0.27000000,0
1506810085,22596248,301.00,0.10768359,1
1506810085,22596247,301.00,0.10217940,1
1506810085,22596246,301.00,1.09775890,1
1506810073,22596240,301.00,5.46386900,1
1506810067,22596237,301.46,1.17325240,0
1506810057,22596235,301.48,0.09710484,0
1506810056,22596234,301.49,1.32000000,0
1506810056,22596233,301.49,9.04837405,0
1506810055,22596231,301.20,0.07409922,0
1506810044,22596212,301.22,0.82502095,0
1506810037,22596204,301.00,1.05664400,1
1506810037,22596203,301.30,0.20218579,0
1506810020,22596192,301.00,0.11000000,1
1506809994,22596164,300.98,2.93072179,1
1506809994,22596163,301.00,0.10217940,1
1506809988,22596152,300.98,2.47596302,1
1506809987,22596150,300.99,1.99160888,1
1506809987,22596149,301.00,3.58297201,1
1506809987,22596148,301.73,0.26500000,1
1506809984,22596138,301.76,0.27276015,0
1506809982,22596134,301.79,1.74000000,1
1506809982,22596132,302.60,7.75753469,0
1506809981,22596131,302.45,0.10000000,0
1506809981,22596129,302.45,35.02565000,1
1506809981,22596127,302.32,0.46000000,0
1506809981,22596126,302.30,0.10000000,0
1506809980,22596125,302.30,5.50000000,1
1506809980,22596124,302.12,0.10192958,0
1506809979,22596123,302.10,0.10193634,0
1506809979,22596120,302.09,0.10023550,0
1506809979,22596118,302.05,0.01820000,0
1506809979,22596117,302.05,5.15429500,1
1506809979,22596116,302.05,2.55610000,1
1506809978,22596115,302.05,5.96000000,1
1506809978,22596114,302.05,1.04570500,1
1506809978,22596113,302.05,12.16830000,1
1506809978,22596112,302.00,0.01820000,0
1506809977,22596111,302.00,5.50000000,1
1506809977,22596110,302.00,16.61610000,1
1506809977,22596109,302.00,4.01000000,1
1506809977,22596108,302.00,44.31914800,1
1506809977,22596107,302.00,5.11220000,1
1506809977,22596106,302.00,3.97963100,1
1506809977,22596105,302.00,13.22461400,1
1506809977,22596104,302.00,1.58240200,1
1506809977,22596103,302.00,6.78674700,1
1506809976,22596102,302.00,7.19383500,1
1506809976,22596101,302.00,7.56583200,1
1506809976,22596100,302.00,2.87719500,1
1506809976,22596099,302.00,5.18444799,1
1506809975,22596097,301.94,2.72000000,0
1506809975,22596096,301.86,0.26510000,0
1506809975,22596095,301.86,2.24926400,1
1506809974,22596094,301.86,1.95073600,1
1506809974,22596093,301.86,19.45854000,1
1506809974,22596092,301.80,0.01820000,0
1506809973,22596091,301.78,5.50000000,0
1506809973,22596090,301.78,5.25250700,1
1506809973,22596089,301.75,0.27503240,0
1506809973,22596088,301.43,7.80500000,0
1506809973,22596087,301.43,7.19519800,1
1506809972,22596086,301.40,7.88800000,0
1506809972,22596085,301.39,1.99077607,0
1506809972,22596084,301.27,4.84000000,0
1506809971,22596083,301.26,3.57989851,0
1506809971,22596082,301.26,1.51000000,1
1506809971,22596081,301.25,4.28000000,1
1506809970,22596080,301.25,9.41000000,1
1506809970,22596079,301.25,26.53000000,1
1506809970,22596078,301.25,1.20966600,1
1506809969,22596077,301.25,0.23000000,0
1506809923,22596065,300.69,0.01128501,1
1506809923,22596064,300.90,0.26510000,1
1506809923,22596063,300.91,3.57989851,1
1506809919,22596060,301.61,3.84759614,0
1506809918,22596059,301.24,0.01060291,0
1506809909,22596053,301.24,0.14307001,0
1506809902,22596049,301.24,4.68632708,0
1506809902,22596048,301.23,0.66836940,0
1506809820,22595960,301.23,0.12316341,0
1506809819,22595958,301.23,0.38599590,0
1506809812,22595949,301.20,1.17703045,0
1506809805,22595943,300.56,4.95171303,1
1506809773,22595934,300.98,2.40055000,1
1506809772,22595933,300.98,0.51945000,0
1506809770,22595932,300.98,4.84000000,0
1506809687,22595896,300.51,5.27369147,1
1506809678,22595892,301.40,1.46404526,0
1506809676,22595888,301.40,17.56571298,1
1506809676,22595887,301.40,2.23523557,1
1506809675,22595886,301.40,13.33445291,0
1506809485,22595816,301.00,0.34030000,0
1506809439,22595756,301.07,0.50090000,0
1506809436,22595751,301.07,0.96870685,0
1506809424,22595729,300.83,3.78151589,0
1506809424,22595726,300.83,1.05848411,0
1506809411,22595706,300.79,0.10000000,0
1506809411,22595704,300.76,0.10000000,0
1506809376,22595621,300.23,0.78857048,1
1506809292,22595593,300.10,0.09733339,1
1506809191,22595540,300.10,0.01062043,1
1506809190,22595539,300.11,0.37144001,1
1506809182,22595530,300.80,0.37152893,0
1506809182,22595529,300.80,0.26600000,0
1506809165,22595507,300.10,0.80000000,1
1506809164,22595506,300.11,0.20000000,1
1506809069,22595451,300.06,2.48444991,1
1506809069,22595450,300.12,0.26600000,1
1506809037,22595445,301.25,0.79654771,1
1506809037,22595444,300.81,4.84000000,0
1506809035,22595443,300.68,0.26500000,0
1506808805,22595341,300.06,1.77617900,1
1506808796,22595337,300.06,13.19085100,1
1506808788,22595335,300.06,9.40937520,1
1506808775,22595331,300.06,1.00000000,1
1506808763,22595327,300.06,40.98407600,1
1506808762,22595326,300.10,1.53272800,1
1506808755,22595324,300.10,18.44574900,1
1506808702,22595299,300.10,0.02152300,1
1506808516,22595230,300.96,2.75909090,1
1506808498,22595223,300.96,0.30000000,1
1506808398,22595168,300.96,0.10000000,0
1506808102,22595103,300.03,1.71404587,1
1506808041,22595084,300.03,15.06603808,1
1506808000,22595078,300.03,2.76000000,1
1506807930,22595040,300.03,24.60000000,1
1506807928,22595039,300.04,0.40000000,1
1506807807,22594971,301.62,0.89847145,0
1506807807,22594969,301.29,0.10040201,0
1506807806,22594965,301.28,0.17791689,0
1506807805,22594964,301.28,0.82270087,0
1506807803,22594960,300.05,0.03316141,0
1506807796,22594954,300.03,29.99267191,1
1506807796,22594953,300.03,0.31290000,0
1506807795,22594951,300.04,3.10000000,1
1506807795,22594950,300.05,12.41806000,0
1506807795,22594949,300.05,0.33327779,1
1506807794,22594948,300.06,1.47929735,0
1506807794,22594947,300.06,1.04323166,0
1506807794,22594946,300.06,0.23000000,1
1506807792,22594945,301.28,12.10506000,0
1506807782,22594934,300.03,7.93449703,1
1506807782,22594932,300.04,3.49000000,1
1506807781,22594931,300.04,0.64497100,0
1506807781,22594930,300.05,0.30000000,1
1506807781,22594929,300.06,0.27503240,1
1506807780,22594928,300.50,10.56000000,1
1506807780,22594927,300.51,0.03200000,0
1506807780,22594926,300.51,0.11045140,1
1506807780,22594925,300.89,0.13696035,1
1506807779,22594924,300.99,0.10040201,1
1506807779,22594923,301.00,0.26500000,1
1506807777,22594922,301.07,0.22763521,1
1506807760,22594917,301.83,3.23416456,0
1506807760,22594916,301.38,0.22740107,0
1506807760,22594915,301.35,0.10028235,0
1506807743,22594909,300.99,0.26243859,0
1506807743,22594908,300.99,0.16471756,0
1506807697,22594883,301.05,0.10028235,1
1506807697,22594881,301.06,0.31300000,0
1506807694,22594877,301.08,0.10354675,0
1506807669,22594864,301.04,0.04528592,1
1506807668,22594863,301.08,0.22740108,1
1506807668,22594862,301.09,0.12731300,1
1506807628,22594852,301.28,0.26499991,1
1506807628,22594851,301.40,0.86245909,1
1506807605,22594834,301.40,4.45796800,1
1506807601,22594830,301.42,3.57807871,1
1506807590,22594817,301.98,0.19753535,0
1506807526,22594800,301.69,1.98259497,1
1506807524,22594798,301.71,13.96941778,1
1506807393,22594770,301.89,3.49000000,1
1506807392,22594769,301.89,0.26360000,1
1506807392,22594768,301.90,0.26350658,1
1506807327,22594745,302.00,4.00992023,0
1506807327,22594744,301.99,0.76709629,0
1506807325,22594742,301.99,2.06417478,0
1506807319,22594735,301.99,0.74880700,0
1506807319,22594734,301.99,3.23000000,0
1506807319,22594733,301.98,1.98688655,0
1506807307,22594711,301.86,0.26490000,0
1506807307,22594710,301.86,3.84000000,0
1506807307,22594709,301.85,14.23292436,0
1506807306,22594708,301.39,0.22716719,0
1506807306,22594707,301.12,0.00001923,0
1506807300,22594699,301.12,0.10729941,0
1506807296,22594694,301.12,0.02000000,0
1506807294,22594691,300.05,0.09054961,0
1506807293,22594689,300.10,1.43105039,0
1506807292,22594687,300.10,1.47840000,1
1506807288,22594682,300.11,3.00000000,1
1506807285,22594681,300.11,3.00000000,1
1506807284,22594677,300.11,2.87257802,1
1506807282,22594674,300.89,0.12742198,1
1506807279,22594671,300.11,3.00000000,1
1506807275,22594664,300.11,3.00000000,1
1506807272,22594662,300.11,3.00000000,1
1506807267,22594660,300.11,1.00000000,1
1506807263,22594655,300.11,2.00000000,1
1506807260,22594654,300.11,1.00000000,1
1506807257,22594653,300.11,0.75759608,1
1506807256,22594652,300.12,0.66105163,0
1506807256,22594651,300.82,0.12731865,1
1506807256,22594650,301.09,0.22716720,1
1506807254,22594649,301.58,0.22686644,1
1506807253,22594647,301.40,0.00003356,0
1506807253,22594645,301.40,0.22690000,0
1506807250,22594642,300.91,0.12728921,1
1506807250,22594641,300.91,0.00000079,1
1506807249,22594640,300.91,1.36241921,0
1506807248,22594639,300.91,0.63758079,1
1506807246,22594638,301.90,0.65722485,0
1506807245,22594634,300.10,1.78660000,1
1506807244,22594632,301.91,0.21340000,1
1506807242,22594630,300.11,1.52059862,1
1506807242,22594627,300.12,0.26490000,0
1506807241,22594619,300.89,0.21450138,1
1506807240,22594614,301.93,0.63304458,0
1506807240,22594613,301.79,0.10003649,0
1506807240,22594612,301.78,0.26500000,0
1506807238,22594608,300.10,1.73500000,1
1506807237,22594607,300.89,0.26500000,1
1506807233,22594605,300.88,0.26360000,1
1506807232,22594604,300.88,2.00000000,1
1506807232,22594600,300.12,9.68800000,1
1506807230,22594598,301.23,0.31200000,1
1506807229,22594597,300.12,2.00000000,1
1506807228,22594593,300.11,0.55999763,1
1506807228,22594592,300.31,0.44000000,1
1506807228,22594591,301.23,1.00000000,1
1506807226,22594590,301.31,0.00000237,1
1506807223,22594589,301.31,1.42628763,0
1506807222,22594588,301.31,0.57371237,1
1506807220,22594587,301.31,0.42628763,1
1506807218,22594586,301.49,0.10023550,1
1506807218,22594584,301.49,0.10003649,1
1506807218,22594583,301.49,1.37344038,1
1506807215,22594582,301.49,2.00000000,1
1506807211,22594579,301.49,0.37655962,1
1506807211,22594578,301.49,1.62344038,1
1506807207,22594577,301.49,2.00000000,1
1506807203,22594574,301.49,0.35655962,1
1506807203,22594573,301.49,0.33000000,1
1506807203,22594572,301.49,1.19000000,1
1506807203,22594571,301.49,0.12344038,1
1506807201,22594567,301.49,0.86280000,1
1506807200,22594566,301.68,0.56860000,1
1506807199,22594565,301.68,0.56860000,1
1506807196,22594564,301.49,0.86280000,1
1506807196,22594563,301.68,0.56860000,1
1506807196,22594562,301.68,0.56860000,1
1506807194,22594561,301.49,0.56858730,1
1506807192,22594559,301.51,1.43141270,1
1506807189,22594558,301.49,2.00000000,1
1506807186,22594557,301.99,1.42962171,0
1506807186,22594555,301.99,0.26500000,0
1506807186,22594553,301.49,1.15000000,1
1506807186,22594552,301.49,0.85000000,1
1506807183,22594549,301.49,1.00000000,1
1506807182,22594548,301.50,1.00000000,1
1506807178,22594547,301.50,2.00000000,1
1506807174,22594545,301.50,2.00000000,1
1506807166,22594542,301.49,2.00000000,1
1506807163,22594541,301.49,1.15000000,1
1506807163,22594540,301.49,0.45000000,1
1506807162,22594539,301.49,0.40000000,1
1506807158,22594538,301.50,2.00000000,1
1506807156,22594537,301.50,1.00000000,1
1506807154,22594536,301.55,1.00000000,1
1506807150,22594535,301.55,2.00000000,1
1506807145,22594533,301.55,2.00000000,1
1506807142,22594532,301.56,0.33546785,1
1506807140,22594531,301.60,0.10193634,1
1506807140,22594530,301.60,1.56259581,1
1506807136,22594528,301.60,2.00000000,1
1506807127,22594526,301.60,2.00000000,1
1506807120,22594521,301.60,2.00000000,1
1506807115,22594519,301.60,2.00000000,1
1506807110,22594489,301.60,2.00000000,1
1506807102,22594479,301.60,2.00000000,1
1506807091,22594476,301.60,2.00000000,1
1506807088,22594475,301.60,2.00000000,1
1506807085,22594473,301.60,2.00000000,1
1506807082,22594471,301.60,0.43740419,1
1506807080,22594470,301.61,1.56259581,1
1506807077,22594468,301.61,1.75740419,1
1506807077,22594467,301.61,0.24259581,1
1506807073,22594465,301.61,1.77000000,1
1506807073,22594464,301.62,0.23000000,1
1506807071,22594460,301.61,0.37675252,1
1506807071,22594459,301.62,1.25631790,0
1506807070,22594457,301.62,0.10192958,0
1506807069,22594456,301.62,0.26500000,1
1506807063,22594454,303.00,1.24687981,0
1506807060,22594453,303.02,0.24068530,1
1506807058,22594445,301.60,1.01165735,0
1506807057,22594442,302.36,0.98834265,1
1506807056,22594441,302.36,0.26400000,0
1506807053,22594438,301.61,0.85234265,1
1506807053,22594436,301.66,0.40000000,1
1506807051,22594434,301.83,0.74765735,1
1506807049,22594431,301.83,1.77000000,1
1506807047,22594430,302.14,0.23000000,1
1506807014,22594421,302.13,2.47240000,1
1506807014,22594417,302.14,0.26360000,0
1506807013,22594416,302.14,0.26400000,1
1506807011,22594414,303.36,0.34598463,0
1506807010,22594411,303.36,0.34598463,1
1506807008,22594410,302.13,0.08098463,0
1506807008,22594409,302.12,0.26500000,0
1506806998,22594394,302.13,0.02094157,0
1506806997,22594393,301.62,0.26350000,0
1506806997,22594392,301.61,2.89807380,1
1506806995,22594389,301.63,0.10192620,1
1506806993,22594388,301.62,1.21790000,1
1506806993,22594387,301.63,0.26500000,0
1506806991,22594386,301.81,0.50570000,1
1506806991,22594385,301.81,0.50570000,1
1506806991,22594384,301.81,0.50570000,1
1506806984,22594381,302.81,0.26400000,0
1506806984,22594380,302.21,0.09959882,0
1506806983,22594378,301.83,1.38881328,1
1506806982,22594377,301.84,0.26400000,0
1506806982,22594375,301.84,0.26350000,1
1506806981,22594374,301.84,1.08368672,1
1506806979,22594371,303.46,0.13587920,1
1506806978,22594369,303.01,0.10162970,0
1506806978,22594368,302.96,0.09974864,0
1506806976,22594367,302.82,0.16844246,0
1506806975,22594365,302.82,0.50570000,0
1506806974,22594361,302.82,0.40605058,0
1506806972,22594358,302.66,0.09964942,0
1506806971,22594357,302.65,3.51856997,0
1506806969,22594355,301.61,0.40610118,1
1506806969,22594354,301.61,0.09959882,1
1506806968,22594352,301.62,2.49430000,1
1506806967,22594351,302.65,0.03061602,0
1506806967,22594350,302.63,0.26430000,0
1506806967,22594349,302.63,0.26400000,0
1506806966,22594348,301.62,2.50570000,1
1506806966,22594347,301.63,0.26430000,1
1506806964,22594346,301.65,0.23000000,1
1506806956,22594333,301.85,3.00000000,1
1506806954,22594332,301.63,2.00000000,1
1506806954,22594331,301.63,0.52907987,1
1506806952,22594330,301.84,2.47092013,1
1506806948,22594328,301.82,3.00000000,1
1506806944,22594322,301.81,0.52840000,1
1506806944,22594321,301.81,2.47160000,1
1506806935,22594317,302.65,1.32852959,0
1506806935,22594316,302.65,1.13261014,0
1506806935,22594315,302.64,0.26420000,0
1506806931,22594314,301.81,0.26420000,1
1506806931,22594313,301.81,2.73580000,1
1506806923,22594305,301.62,2.50580000,0
1506806923,22594303,301.64,0.23000000,1
1506806921,22594301,301.65,0.26420000,1
1506806918,22594300,301.63,1.55297585,0
1506806917,22594299,301.63,1.44702415,1
1506806905,22594297,301.61,4.00000000,1
1506806900,22594293,301.62,3.00000000,1
1506806881,22594281,302.62,1.95000000,0
1506806879,22594277,302.63,0.27145100,1
1506806878,22594275,302.63,1.36000000,0
1506806878,22594274,302.62,0.31854900,0
1506806877,22594273,301.62,0.58600000,1
1506806877,22594272,301.72,0.05000000,1
1506806876,22594271,301.92,0.05000000,1
1506806876,22594270,301.92,1.00000000,1
1506806876,22594269,301.97,0.26400000,0
1506806874,22594268,302.07,0.05000000,1
1506806868,22594267,302.10,2.00000000,1
1506806714,22594196,302.18,0.45964381,1
1506806701,22594165,302.13,1.35315824,1
1506806689,22594155,302.33,4.21573894,1
1506806689,22594154,302.36,0.09964942,1
1506806689,22594153,302.36,0.09974864,1
1506806678,22594144,302.36,4.23540479,0
1506806677,22594140,302.51,0.10162970,1
1506806677,22594139,302.52,1.08019304,1
1506806675,22594137,302.53,2.49569400,1
1506806674,22594136,302.53,1.08019300,1
1506806669,22594132,302.53,5.00000000,1
1506806668,22594122,302.54,3.51868459,1
1506806591,22594083,302.55,0.27761444,0
1506806554,22594066,302.51,0.02072100,1
1506806516,22594030,303.44,0.80500366,0
1506806505,22594015,303.15,0.72409053,0
1506806504,22594014,303.00,0.04000000,0
1506806498,22594011,303.15,0.96912139,0
1506806498,22594010,303.05,0.53802947,0
1506806490,22594008,303.02,0.45299385,0
1506806490,22594007,303.02,1.89000000,0
1506806489,22594006,303.01,0.67000000,0
1506806489,22594005,302.91,0.54049767,0
1506806488,22594002,302.89,3.54212342,1
1506806481,22593996,302.50,6.09185308,1
1506806480,22593995,302.50,0.00718824,0
1506806480,22593993,302.49,1.48995554,0
1506806480,22593992,302.49,1.56286301,0
1506806460,22593965,302.50,0.13281176,1
1506806396,22593909,302.50,5.18761533,1
1506806396,22593908,302.51,5.00000000,1
1506806396,22593907,302.52,0.05000000,1
1506806396,22593906,302.61,0.54049767,1
1506806379,22593892,302.66,0.53802947,1
1506806379,22593891,302.67,0.00000018,1
1506806379,22593890,302.67,1.25582200,1
1506806262,22593849,303.11,1.24715627,0
1506806261,22593848,303.05,0.37048954,0
1506806261,22593847,302.98,0.16688557,0
1506806232,22593813,302.65,1.97581236,1
1506806232,22593812,302.67,3.53345751,1
1506806232,22593810,302.72,0.05000000,1
1506806232,22593809,302.87,0.02858400,1
1506806230,22593808,302.87,0.02141600,1
1506806198,22593792,302.88,1.93900000,1
1506806102,22593722,302.98,0.53984547,0
1506806101,22593720,302.97,0.26671608,0
1506805996,22593643,302.54,2.07040311,1
1506805918,22593626,302.97,3.27214711,0
1506805918,22593625,302.96,0.26400000,0
1506805877,22593616,302.07,2.64081701,0
1506805877,22593614,302.16,0.05000000,1
1506805877,22593613,302.33,0.26400000,1
1506805865,22593607,302.51,0.55249288,0
1506805865,22593606,302.51,0.05000000,1
1506805865,22593605,302.51,0.70673104,1
1506805851,22593595,303.04,0.54266015,0
1506805846,22593589,303.02,4.24584809,0
1506805839,22593580,302.90,0.26400000,0
1506805726,22593541,302.51,0.37048954,1
1506805725,22593540,302.53,0.49273146,1
1506805725,22593538,302.57,0.26400000,1
1506805725,22593537,303.06,0.66647969,0
1506805723,22593536,302.53,3.03629900,1
1506805723,22593535,302.81,0.05000000,1
1506805649,22593494,303.06,0.05000000,1
1506805607,22593482,303.20,0.05000000,0
1506805606,22593481,303.17,0.05000000,0
1506805429,22593437,303.52,1.21450210,0
1506805396,22593418,303.37,2.14661963,1
1506805396,22593417,303.04,0.09952387,0
1506805394,22593416,302.76,0.35413389,0
1506805384,22593411,302.76,0.72220678,0
1506805384,22593409,302.74,0.09949081,0
1506805359,22593392,302.56,5.65648013,0
1506805358,22593391,302.55,2.94112642,0
1506805276,22593361,302.55,0.43305358,0
1506805275,22593360,302.54,0.15027847,0
1506805275,22593358,302.36,1.16821285,0
1506805274,22593356,302.36,0.09952387,0
1506805274,22593355,302.36,0.09949081,0
1506805273,22593354,302.35,0.26400000,0
1506805273,22593353,302.35,1.98445510,0
1506805270,22593349,302.36,4.00000000,0
1506805257,22593339,302.44,0.05000000,1
1506805063,22593287,302.55,0.03648983,0
1506804967,22593245,302.55,0.11810406,0
1506804967,22593244,302.55,0.26395638,0
1506804878,22593226,302.46,1.07634067,1
1506804878,22593225,302.48,3.52877389,1
1506804874,22593219,302.55,0.26400000,1
1506804864,22593213,302.52,4.65000000,1
1506804862,22593212,303.62,17.03943076,1
1506804862,22593211,303.62,6.08299200,1
1506804861,22593209,303.46,0.31174142,0
1506804861,22593208,303.46,0.76104093,0
1506804861,22593206,303.41,0.10000000,0
1506804860,22593205,303.25,0.01820000,0
1506804860,22593204,303.25,10.76095700,1
1506804860,22593203,303.16,0.10000000,0
1506804859,22593200,303.10,0.01820000,0
1506804859,22593199,302.96,0.10000000,0
1506804859,22593197,302.81,0.10000000,0
1506804858,22593196,302.80,0.09937190,0
1506804858,22593195,302.80,7.41611582,1
1506804858,22593194,302.74,0.10172049,0
1506804857,22593193,302.70,3.52623766,0
1506804857,22593192,302.64,0.10175415,0
1506804857,22593191,302.60,0.09947020,0
1506804856,22593190,302.58,0.10000000,0
1506804856,22593189,302.56,0.10000000,0
1506804856,22593188,302.51,0.85352215,0
1506804854,22593187,302.48,0.26400000,0
1506804669,22593159,302.00,0.48399113,1
1506804620,22593136,302.00,1.20922079,1
1506804620,22593135,302.01,5.00000000,1
1506804312,22593097,301.51,1.62588454,1
1506804312,22593095,301.56,0.39289988,1
1506804312,22593093,301.57,0.24327833,1
1506804311,22593092,301.74,0.05000000,1
1506804311,22593091,302.00,0.09947020,1
1506804311,22593090,302.00,0.10172064,1
1506804309,22593089,302.14,0.10175415,1
1506804257,22593049,302.00,1.55391936,1
1506804257,22593048,302.14,0.05000000,1
1506804257,22593045,302.22,0.85352215,1
1506804257,22593044,302.24,0.10172049,1
1506804237,22593017,302.24,1.99155200,1
1506804237,22593015,302.25,0.26400000,1
1506804230,22593008,302.99,0.05792270,1
1506804227,22593006,302.24,3.06798030,1
1506804227,22593005,302.24,1.16609470,1
1506804227,22593004,302.49,0.05000000,1
1506804224,22592997,303.00,0.60781478,1
1506804224,22592996,302.97,0.68821736,0
1506804223,22592994,302.50,2.07396786,0
1506804222,22592990,302.50,0.09937190,1
1506804222,22592988,302.97,1.02635024,1
1506804221,22592987,302.97,2.07397017,1
1506804220,22592986,302.97,0.26967959,0
1506804219,22592982,302.96,0.89977289,1
1506804219,22592980,302.96,2.27211514,1
1506804218,22592976,302.96,0.19811197,0
1506804216,22592973,302.97,1.10032041,0
1506804215,22592970,302.74,0.89967959,1
1506804214,22592969,302.74,2.00000000,0
1506804211,22592968,302.74,4.00000000,0
1506804206,22592964,302.74,6.64000000,1
1506804181,22592942,302.72,5.39777100,1
1506804181,22592941,302.73,4.86422900,1
1506804177,22592940,302.73,0.13577100,1
1506804158,22592934,302.70,4.55797600,1
1506804066,22592897,302.50,2.88732083,0
1506804066,22592896,302.53,4.35000000,1
1506804065,22592895,302.79,0.05000000,1
1506804065,22592894,302.81,3.52623766,0
1506804065,22592893,303.04,0.05000000,1
1506804064,22592892,303.24,0.05000000,1
1506804064,22592891,303.39,0.05000000,1
1506804062,22592890,303.40,0.03644151,1
1506803903,22592848,303.50,0.86220047,1
1506803882,22592843,303.50,2.13779953,0
1506803852,22592833,303.49,2.90000000,1
1506803822,22592822,303.49,0.10000000,0
1506803769,22592807,303.50,1.38039539,0
1506803552,22592718,302.27,0.05266756,1
1506803541,22592707,303.21,0.26340000,1
1506803541,22592706,303.28,0.06525718,1
1506803540,22592704,303.22,0.09907141,0
1506803540,22592703,303.22,0.09907141,0
1506803536,22592695,303.10,0.16416336,1
1506803536,22592692,303.10,0.09923664,0
1506803535,22592690,302.97,0.91920892,1
1506803534,22592689,302.98,0.26340000,0
1506803533,22592688,302.97,0.02035983,0
1506803531,22592687,302.95,0.24304017,0
1506803509,22592665,302.52,0.24304017,1
1506803487,22592645,302.74,0.10172049,0
1506803479,22592638,302.25,0.02709981,1
1506803478,22592636,302.25,1.35011489,1
1506803475,22592629,302.24,1.06390530,1
1506803475,22592628,302.24,0.10172049,1
1506803474,22592624,303.10,0.00236283,0
1506803474,22592623,302.91,0.09923664,0
1506803472,22592616,303.05,0.85002577,1
1506803469,22592606,303.04,0.26400000,0
1506803465,22592603,302.25,1.16520158,1
1506803460,22592582,302.61,0.09923664,1
1506803460,22592581,302.61,0.09907141,1
1506803460,22592579,302.61,0.26400000,1
1506803460,22592578,302.61,0.09907141,1
1506803455,22592570,302.24,0.28620349,1
1506803454,22592569,302.24,0.05000000,1
1506803454,22592568,302.59,0.05000000,1
1506803454,22592567,302.60,0.10159947,1
1506803452,22592562,303.20,1.01418285,1
1506803452,22592561,303.20,2.83234982,1
1506803447,22592523,303.20,1.65346733,1
1506803443,22592518,302.60,1.05267151,1
1506803443,22592517,302.61,0.26340000,1
1506803443,22592516,303.18,5.50000000,1
1506803442,22592514,302.60,1.42547507,1
1506803441,22592509,302.60,2.34592518,1
1506803440,22592507,302.75,0.27255658,1
1506803440,22592505,302.89,0.05000000,1
1506803440,22592504,303.14,0.05000000,1
1506803440,22592503,303.16,1.37716900,1
1506803436,22592492,303.16,4.12283100,1
1506803435,22592491,303.19,0.76104093,1
1506803435,22592490,303.20,0.31174142,1
1506803435,22592489,303.22,3.34567058,1
1506803434,22592487,303.22,0.17252434,1
1506803434,22592486,303.34,0.05000000,1
1506803433,22592484,303.49,0.05000000,1
1506803323,22592389,303.60,0.15994406,0
1506803285,22592374,303.60,0.45000000,0
1506803242,22592365,303.60,10.52000000,0
1506803242,22592364,303.60,10.32603752,0
1506803241,22592363,303.62,0.10200140,1
1506803201,22592349,303.72,0.31100000,0
1506803133,22592297,303.77,0.31115646,0
1506803128,22592292,303.77,0.75959367,0
1506803128,22592291,303.76,0.01820000,0
1506803128,22592290,303.75,0.01820000,0
1506803128,22592289,303.74,0.10000000,0
1506803128,22592288,303.73,0.10000000,0
1506803128,22592287,303.70,0.10000000,0
1506803127,22592286,303.70,0.61534355,0
1506803127,22592284,303.70,3.51266589,0
1506803127,22592283,303.69,0.10000000,0
1506803016,22592241,303.25,3.90688684,1
1506803016,22592240,303.39,0.05000000,1
1506802895,22592168,303.41,3.51266589,1
1506802828,22592154,303.59,0.10000000,0
1506802814,22592153,303.50,1.66809442,0
1506802810,22592149,303.50,1.98000000,0
1506802809,22592148,303.50,24.00000000,0
1506802807,22592147,303.50,46.89568369,0
1506802803,22592144,303.50,49.79000000,0
1506802803,22592143,303.49,0.21000000,0
1506802792,22592139,303.50,1.01986820,0
1506802786,22592134,303.50,0.16006590,0
1506802786,22592132,303.50,3.62289950,0
1506802786,22592131,303.49,0.24000000,0
1506802785,22592128,303.50,5.60738056,0
1506802777,22592119,303.50,3.36068000,0
1506802774,22592113,303.50,6.31116000,0
1506802774,22592111,303.49,0.29000000,0
1506802772,22592109,303.50,8.17139900,0
1506802769,22592106,303.50,5.19677686,0
1506802767,22592102,303.50,6.55822073,0
1506802767,22592101,303.50,0.17453047,0
1506802766,22592098,303.50,6.15421300,0
1506802762,22592085,303.49,0.27023989,0
1506802759,22592079,303.49,0.06976011,1
1506802747,22592064,303.50,4.25912444,0
1506802747,22592063,303.50,0.59495882,0
1506802746,22592058,303.50,5.97578253,0
1506802745,22592053,303.49,0.41000000,1
1506802745,22592047,303.50,1.89799012,0
1506802744,22592044,303.50,10.70316309,0
1506802744,22592041,303.50,1.20536395,0
1506802743,22592039,303.50,5.32042709,0
1506802743,22592034,303.50,5.97584843,0
1506802742,22592029,303.50,1.50470061,0
1506802742,22592025,303.50,0.56999500,0
1506802741,22592020,303.50,1.79489292,0
1506802740,22592017,303.50,5.97630971,0
1506802740,22592014,303.50,10.74401977,0
1506802738,22592004,303.50,0.20006589,0
1506802738,22592000,303.50,0.48000000,0
1506802737,22591997,303.50,1.77301482,0
1506802737,22591996,303.50,5.77624382,0
1506802736,22591989,303.50,16.19963756,0
1506802736,22591988,303.49,0.48000000,0
1506802720,22591948,303.50,5.72684976,0
1506802720,22591947,303.49,0.57000000,0
1506802694,22591936,303.49,0.67999500,0
1506802650,22591897,303.49,0.16871700,0
1506802640,22591890,303.49,0.03998000,1
1506802633,22591887,303.50,0.19990004,0
1506802632,22591886,303.50,1.20336277,0
1506802632,22591885,303.50,1.04000000,0
1506802631,22591883,303.50,0.19999997,0
1506802630,22591880,303.50,1.20342276,0
1506802628,22591874,303.50,1.64395380,0
1506802628,22591873,303.49,0.04000000,0
1506802626,22591872,303.49,0.81000000,1
1506802621,22591871,303.49,0.16000000,0
1506802613,22591870,303.49,0.85000000,1
1506802600,22591869,303.49,1.20000000,1
1506802593,22591866,303.50,1.16000000,0
1506802590,22591864,303.49,1.43000000,0
1506802575,22591845,303.49,1.44208794,0
1506802559,22591828,303.49,1.75000000,0
1506802277,22591739,303.49,3.75000000,0
1506802265,22591737,303.49,3.98000000,0
1506802263,22591732,303.49,0.33000000,0
1506802245,22591728,303.49,1.19000000,0
1506802243,22591726,303.48,2.30000000,0
1506802229,22591723,303.49,5.56762768,0
1506802229,22591722,303.48,1.85000000,0
1506802228,22591721,303.48,1.06000000,0
1506802216,22591718,303.48,0.98000000,0
1506802207,22591691,303.37,0.86000000,1
1506802185,22591684,303.49,5.00000000,0
1506802168,22591662,303.49,0.45000000,0
1506802129,22591656,303.36,0.27364228,1
1506802128,22591655,303.49,0.40000000,0
1506802128,22591654,303.48,3.46000000,0
1506802128,22591652,303.48,0.10000000,0
1506802128,22591651,303.47,0.10000000,0
1506802128,22591650,303.46,0.74000000,0
1506802128,22591649,303.45,0.10000000,0
1506802128,22591647,303.44,0.10000000,0
1506802081,22591623,303.35,0.25682875,0
1506802078,22591622,303.21,0.86001200,1
1506802078,22591620,303.27,0.75578022,1
1506802067,22591613,303.35,2.74317125,1
1506802047,22591606,303.35,2.15682875,1
1506802003,22591562,303.30,0.10000000,0
1506801988,22591556,303.27,1.05072015,1
1506801981,22591548,303.27,0.46982835,1
1506801980,22591547,303.29,0.39000000,1
1506801972,22591537,303.29,4.61000000,0
1506801944,22591522,303.27,1.50731700,1
1506801936,22591520,303.22,1.21635428,0
1506801854,22591507,303.13,0.02412700,1
1506801829,22591499,303.13,1.00000000,1
1506801813,22591498,303.01,0.10000000,0
1506801813,22591497,303.00,1.94626276,0
1506801813,22591496,302.99,2.22849536,0
1506801736,22591470,302.99,1.00000000,0
1506801718,22591452,302.99,0.43885936,0
1506801718,22591451,302.88,0.10159402,0
1506801716,22591448,302.87,0.10159738,0
1506801710,22591445,302.86,1.00000000,0
1506801689,22591433,302.79,0.00000027,0
1506801687,22591431,302.79,3.53027300,0
1506801668,22591413,302.72,2.85000000,0
1506801619,22591341,302.62,0.23762133,0
1506801619,22591340,302.62,1.74506322,0
1506801615,22591333,302.61,1.14324000,0
1506801344,22591216,302.10,0.03295927,0
1506801031,22591143,302.13,0.03010000,0
1506800734,22591019,302.12,0.00285927,0
1506800733,22591017,302.13,0.38000000,0
1506800483,22590946,302.00,5.05042709,1
1506800360,22590911,302.40,1.98318384,0
1506800359,22590909,302.53,0.05000000,1
1506800131,22590833,302.86,5.94957291,0
1506800131,22590832,302.70,5.05042709,0
1506800006,22590770,302.70,1.49235941,0
1506799867,22590677,302.64,14.59516012,0
1506799867,22590676,302.63,1.94967863,0
1506799866,22590674,302.63,0.03294041,0
1506799818,22590634,302.64,3.99187322,0
1506799818,22590633,302.64,1.48583738,0
1506799818,22590631,302.64,4.58167246,0
1506799818,22590630,302.47,0.85284181,0
1506799812,22590622,302.44,1.04661750,0
1506799806,22590616,302.22,0.09936407,0
1506799806,22590614,302.21,0.21356011,0
1506799775,22590573,301.74,0.50000000,1
1506799634,22590530,301.81,0.26400000,1
1506799633,22590528,301.78,3.00000000,0
1506799574,22590515,301.72,5.12581100,0
1506799573,22590514,301.72,11.75858900,1
1506799245,22590437,301.71,0.96000000,1
1506799244,22590436,301.71,0.96000000,1
1506799243,22590435,301.71,0.96000000,1
1506799243,22590429,301.71,0.96000000,1
1506799242,22590425,301.71,0.75716146,1
1506799242,22590424,301.71,0.15283854,1
1506799242,22590423,301.89,0.05000000,1
1506799235,22590422,301.91,0.26400000,0
1506799229,22590420,301.92,0.85284181,1
1506799229,22590419,301.92,0.09936407,1
1506799032,22590384,301.92,2.68793308,1
1506799032,22590383,302.09,0.05000000,1
1506799032,22590382,302.24,0.05000000,1
1506798914,22590366,302.67,0.38285927,0
1506798840,22590344,302.35,4.88465281,1
1506798839,22590343,302.36,0.26400000,1
1506798809,22590336,302.35,1.32456798,1
1506798809,22590335,302.38,0.10159402,1
1506798709,22590287,302.36,2.81130662,1
1506798708,22590285,302.37,0.10159738,1
1506798708,22590284,302.38,0.26400000,1
1506798696,22590281,302.37,0.34391787,1
1506798696,22590279,302.99,0.19005613,1
1506798690,22590277,303.27,1.69749727,0
1506798689,22590276,303.26,2.84854081,1
1506798689,22590275,303.26,10.52000000,1
1506798660,22590260,302.99,19.48450200,1
1506798500,22590233,302.99,0.46298400,1
1506798455,22590214,302.99,6.19630424,1
1506798420,22590204,302.99,1.68827400,1
1506798418,22590202,302.99,5.98672100,1
1506798415,22590199,302.99,15.37777200,1
1506798414,22590198,302.99,4.36054000,1
1506798413,22590197,303.00,14.13834900,1
1506798237,22590165,302.29,0.00749489,0
1506798236,22590164,302.29,5.74000000,0
1506798116,22590092,302.56,0.78999989,0
1506798116,22590091,302.56,0.50000000,0
1506798115,22590090,302.56,0.22648211,0
1506798115,22590089,302.56,5.12270900,0
1506798079,22590070,302.56,0.79361700,0
1506798064,22590065,302.56,0.02719189,0
1506798064,22590064,302.56,0.47274200,0
1506798059,22590061,302.56,6.16725800,0
1506798039,22590023,302.59,4.11000000,0
1506798039,22590022,302.58,0.26440000,0
1506798039,22590021,302.57,0.26500000,0
1506798039,22590020,302.55,10.99274162,0
1506797887,22589964,301.72,0.50043087,0
1506797886,22589961,301.72,2.49956913,0
1506797886,22589960,301.72,0.50043086,0
1506797865,22589931,301.76,0.26500000,1
1506797838,22589913,301.71,4.00456650,0
1506797837,22589911,301.70,1.21055295,0
1506797836,22589909,301.71,12.95566600,0
1506797809,22589897,301.70,9.95000000,1
1506797809,22589896,301.86,0.05000000,1
1506797809,22589895,302.01,0.14244000,0
1506797771,22589887,302.11,0.05000000,1
1506797735,22589877,302.31,0.05000000,1
1506797722,22589845,302.38,0.05000000,0
1506797667,22589826,302.57,0.80078794,0
1506797634,22589821,301.64,3.33074982,1
1506797634,22589820,301.65,6.64000000,1
1506797634,22589819,302.43,0.02925018,1
1506797587,22589809,302.43,0.16197794,1
1506797587,22589808,302.48,0.02914067,1
1506797584,22589806,302.48,0.24340000,0
1506797580,22589800,302.43,0.08174544,0
1506797580,22589799,302.43,0.02000000,0
1506797579,22589798,301.57,0.24337959,1
1506797577,22589793,300.00,0.19921206,0
1506797576,22589786,300.00,0.80078794,0
1506797576,22589784,299.73,0.10000000,0
1506797575,22589783,299.00,7.88178053,0
1506797574,22589782,299.35,0.33405712,1
1506797574,22589780,299.50,1.00000000,1
1506797574,22589779,299.50,0.81000000,0
1506797573,22589778,300.00,5.00000000,1
1506797573,22589777,300.00,39.97010000,1
1506797573,22589776,300.00,3.00000000,1
1506797573,22589775,300.04,23.69205132,1
1506797573,22589772,300.17,1.70000000,1
1506797572,22589769,300.20,0.10000000,1
1506797572,22589768,300.20,4.07000000,0
1506797572,22589767,300.23,0.05000000,1
1506797571,22589766,300.73,0.05000000,1
1506797571,22589765,300.73,2.53256285,0
1506797571,22589762,300.88,20.00000000,1
1506797571,22589760,300.89,0.81000000,1
1506797570,22589759,300.91,10.71959324,1
1506797570,22589757,300.92,10.52000000,0
1506797570,22589754,301.00,2.00000000,1
1506797569,22589751,301.18,0.05000000,1
1506797569,22589750,301.19,4.07000000,1
1506797568,22589749,301.20,0.26440000,0
1506797568,22589748,301.45,1.21635428,1
1506797568,22589747,301.50,1.00000000,1
1506797567,22589746,301.51,14.06201400,0
1506797567,22589745,301.51,0.10174544,0
1506797567,22589743,301.56,0.07116328,1
1506797566,22589742,301.56,12.02225331,0
1506797566,22589741,301.56,5.50000000,0
1506797566,22589740,301.58,0.05000000,1
1506797566,22589739,301.93,0.05000000,1
1506797565,22589738,302.17,0.27307868,1
1506797565,22589737,302.17,5.50000000,0
1506797565,22589736,302.23,0.05000000,1
1506797564,22589735,302.40,0.47884595,1
1506797564,22589734,302.42,5.50000000,0
1506797563,22589733,302.62,5.50000000,1
1506797561,22589732,302.40,5.45091595,1
1506797561,22589731,302.48,0.05000000,1
1506797561,22589730,302.62,0.00003305,1
1506797556,22589727,302.62,3.18666976,1
1506797551,22589721,302.62,0.31333025,1
1506797550,22589714,302.62,1.99996694,1
1506797548,22589700,302.52,5.49748087,1
1506797548,22589698,302.62,0.00009913,1
1506797547,22589688,302.62,5.49990087,1
1506797545,22589673,302.52,5.50000000,1
1506797545,22589671,302.65,0.00242000,1
1506797460,22589607,302.65,4.82402400,1
1506797282,22589537,303.07,0.47190418,0
1506797254,22589532,302.65,0.17355600,1
1506797254,22589531,302.68,0.05000000,1
1506797242,22589524,302.74,2.14900000,1
1506797242,22589523,302.83,0.05000000,1
1506797206,22589516,302.89,5.50000000,0
1506797205,22589515,302.90,0.77682194,1
1506797203,22589511,302.90,3.77887300,1
1506797202,22589508,302.90,0.94430506,1
1506797200,22589502,302.92,5.50000000,1
1506797171,22589485,302.96,4.10003700,1
1506797170,22589484,302.96,1.39996300,1
1506797135,22589466,302.94,0.24340000,1
1506797135,22589465,303.00,0.01960000,1
1506797043,22589448,303.00,5.48040000,1
1506797042,22589447,303.00,1.12460000,1
1506797024,22589421,303.02,29.68098141,0
1506797024,22589420,303.02,16.35140300,0
1506797024,22589419,303.02,0.93761559,1
1506797015,22589415,303.19,0.05151020,1
1506796951,22589403,303.02,4.56238441,1
1506796950,22589402,303.05,6.19630424,1
1506796950,22589401,303.05,16.80184200,0
1506796950,22589398,303.17,0.05000000,1
1506796949,22589396,303.42,0.05000000,1
1506796949,22589395,303.56,0.05000000,1
1506796944,22589389,303.56,0.22183077,1
1506796944,22589388,303.60,0.05000000,1
1506796831,22589354,303.60,0.12728301,1
1506796831,22589353,303.62,0.05000000,1
1506796802,22589343,303.66,0.00000037,1
1506796802,22589342,303.66,1.27412300,1
1506796790,22589334,303.77,0.05000000,1
1506796613,22589232,303.87,1.90393918,0
1506796532,22589179,303.88,0.03948927,0
1506796509,22589161,303.66,0.38117904,1
1506796499,22589155,303.66,1.22268000,1
1506796058,22588985,303.71,3.41139529,1
1506796058,22588984,303.83,0.05000000,1
1506796057,22588983,303.98,0.05000000,1
1506796033,22588968,304.06,3.01144962,0
1506796022,22588954,304.09,1.09547069,0
1506796021,22588950,303.81,0.51278589,0
1506795995,22588932,303.66,0.93210124,1
1506795994,22588929,303.74,1.00000000,1
1506795994,22588928,303.74,3.06789876,1
1506795971,22588896,303.74,0.14706200,1
1506795931,22588882,303.74,2.48859626,1
1506795931,22588881,303.76,0.52178807,1
1506795931,22588880,303.77,1.09599367,1
1506795919,22588869,303.76,1.86675700,1
1506795914,22588865,303.76,1.14021800,1
1506795877,22588841,304.17,0.86147725,1
1506795876,22588839,304.17,3.69818500,1
1506795801,22588787,304.17,0.18443634,1
1506795798,22588784,304.17,0.23000000,1
1506795794,22588780,304.17,0.25302100,1
1506795785,22588778,304.17,0.27288041,0
1506795783,22588776,304.01,2.08078132,0
1506795783,22588775,304.00,0.77000000,0
1506795773,22588770,303.74,4.20737949,1
1506795773,22588769,303.78,1.97335019,1
1506795753,22588748,303.74,0.08906349,0
1506795722,22588734,303.74,5.50000000,0
1506795705,22588727,303.74,4.68000000,0
1506795698,22588725,303.74,0.18298014,0
1506795690,22588723,303.74,0.82000000,0
1506795668,22588710,303.74,0.05000000,1
1506795622,22588695,303.89,13.29746210,0
1506795622,22588693,303.89,0.05000000,1
1506795620,22588692,304.00,1.00000000,0
1506795519,22588670,303.99,5.00000000,0
1506795472,22588653,304.10,12.95258888,0
1506795472,22588651,304.10,0.22998264,0
1506795472,22588650,304.06,1.72692657,0
1506795472,22588649,304.03,1.97348946,0
1506795471,22588646,304.01,10.41000000,1
1506795471,22588644,304.01,1.41574479,0
1506795332,22588603,304.00,2.00973563,1
1506795313,22588594,304.00,0.17693300,1
1506795313,22588593,304.00,0.79610768,1
1506795308,22588591,304.00,0.86781700,1
1506795306,22588589,304.00,2.96351700,1
1506795306,22588588,304.00,4.99996700,1
1506795304,22588580,304.00,0.80592300,1
1506795304,22588579,304.00,1.08475400,1
1506795302,22588576,304.00,0.80565790,1
1506795302,22588575,304.00,1.20614834,1
1506795299,22588574,303.97,0.10000000,0
1506795299,22588573,303.95,1.60814648,0
1506795298,22588572,303.91,0.17710218,0
1506795298,22588571,303.91,0.10000000,0
1506795294,22588565,302.68,0.87272912,0
1506795293,22588564,303.11,0.17231212,1
1506795293,22588563,303.11,1.73000000,0
1506795293,22588562,303.25,5.00000000,1
1506795292,22588561,303.50,3.90187271,1
1506795292,22588560,303.61,0.00000697,1
1506795292,22588559,303.61,0.17710219,1
1506795292,22588558,303.67,1.72835943,1
1506795290,22588557,303.68,1.00000000,1
1506795287,22588519,303.90,2.37057892,1
1506795286,22588518,303.90,0.17693358,1
1506795286,22588517,303.90,1.68035600,1
1506795286,22588516,303.90,2.85357276,1
1506795285,22588515,303.90,0.68436524,1
1506795277,22588511,303.90,0.00003312,0
1506795277,22588510,303.90,2.31560164,0
1506795264,22588503,303.67,3.00000000,1
1506795254,22588498,303.90,0.27163141,0
1506795248,22588491,303.90,0.27152813,0
1506795247,22588489,303.61,0.27164057,0
1506795224,22588463,303.18,1.09812729,0
1506795211,22588454,303.17,0.26632291,0
1506795205,22588442,303.17,0.28483800,0
1506795198,22588425,303.11,0.10000000,0
1506795185,22588405,303.10,0.32978477,0
1506795157,22588357,302.91,0.10000000,0
1506795114,22588298,302.76,0.10000000,0
1506795059,22588285,302.71,1.35221830,1
1506795049,22588282,302.74,1.06586509,0
1506795048,22588281,302.73,1.63132836,0
1506795034,22588276,302.65,0.26350000,1
1506795027,22588272,302.65,0.95954246,0
1506794932,22588234,302.56,0.05000000,1
1506794932,22588233,302.56,0.03709292,1
1506794932,22588232,302.56,1.00958615,1
1506794920,22588225,302.56,2.52501984,1
1506794918,22588224,302.56,0.42830109,1
1506794918,22588223,302.59,1.34987691,1
1506794918,22588222,302.59,1.00962945,1
1506794916,22588216,302.59,0.64049364,1
1506794916,22588215,302.62,1.63132836,1
1506794915,22588214,302.62,2.36867164,1
1506794915,22588213,302.67,1.63132836,1
1506794887,22588199,302.67,0.31851800,1
1506794861,22588190,302.67,1.05015364,1
1506794840,22588182,302.64,1.61702600,1
1506794754,22588162,302.64,0.68149800,1
1506794714,22588155,302.64,1.00000000,1
1506794687,22588127,302.64,0.31850200,1
1506794524,22588063,302.52,2.99037055,1
1506794524,22588062,302.53,0.26350000,1
1506794524,22588060,302.75,1.79655654,1
1506794517,22588056,302.75,3.53344346,0
1506794433,22588037,302.50,1.17000000,0
1506794430,22588036,302.49,0.13097300,1
1506794430,22588035,302.49,0.03300500,0
1506794384,22588007,302.50,0.05000000,1
1506794384,22588006,302.72,0.74315900,1
1506794345,22587998,302.72,0.25684100,1
1506794091,22587933,302.61,11.59109084,0
1506793955,22587903,302.19,0.13097300,1
1506793955,22587902,302.21,0.05000000,1
1506793955,22587901,302.36,0.05000000,1
1506793955,22587900,302.51,0.03300000,1
1506793831,22587840,302.37,0.26359500,0
1506793738,22587833,302.47,0.06581789,1
1506793737,22587832,302.46,0.26396688,0
1506793625,22587798,301.60,0.63053050,1
1506793587,22587787,301.61,4.74030502,1
1506793568,22587780,301.61,0.65624710,1
1506793499,22587764,301.61,5.00000000,1
1506793434,22587742,301.80,0.40267067,1
1506793434,22587740,301.80,1.48916118,1
1506793343,22587685,301.90,0.00003312,1
1506793320,22587680,302.66,1.09753770,0
1506793320,22587679,302.15,0.26400000,0
1506793302,22587672,301.90,2.85876118,1
1506793248,22587643,301.68,0.49999500,1
1506793152,22587571,301.46,4.49576034,1
1506793151,22587570,301.47,12.46048809,1
1506793151,22587569,301.89,0.09930710,1
1506793151,22587568,302.11,0.50000000,1
1506793149,22587566,302.16,2.44444447,1
1506792886,22587525,302.91,0.38117904,0
1506792879,22587523,302.04,0.99500000,1
1506792860,22587520,302.96,2.05364727,0
1506792860,22587519,302.95,0.31069789,0
1506792860,22587518,302.95,1.98052484,0
1506792854,22587515,301.89,0.00004969,0
1506792852,22587511,301.89,0.09935679,0
1506792843,22587491,300.90,1.87550900,0
1506792842,22587489,301.02,1.05000000,1
1506792842,22587488,301.35,0.05000000,1
1506792842,22587487,301.39,5.50000000,1
1506792841,22587486,301.39,6.64000000,0
1506792841,22587485,301.50,1.00000000,1
1506792841,22587484,301.59,0.09940648,1
1506792841,22587483,301.59,6.64000000,0
1506792840,22587482,301.67,0.27164057,1
1506792840,22587481,301.75,0.05000000,1
1506792840,22587480,301.87,1.20614834,1
1506792840,22587479,301.87,6.64000000,0
1506792839,22587478,301.89,5.23000000,1
1506792839,22587477,302.10,0.05000000,1
1506792839,22587476,302.23,6.64000000,1
1506792838,22587475,302.23,0.26360000,1
1506792838,22587474,302.40,0.05000000,1
1506792838,22587473,302.44,0.26400000,0
1506792836,22587472,302.65,0.05000000,1
1506792743,22587440,302.77,1.09812729,1
1506792742,22587439,302.79,2.42569830,1
1506792741,22587436,302.79,1.09812700,1
1506792722,22587422,302.84,0.27364284,1
1506792722,22587419,302.85,0.05000000,1
1506792722,22587417,303.00,0.05000000,1
1506792714,22587412,303.11,4.84000000,0
1506792706,22587408,303.14,0.08022431,0
1506792705,22587407,303.16,18.97694665,0
1506792705,22587406,303.15,8.73358400,0
1506792532,22587370,303.11,3.81654208,0
1506792532,22587369,303.11,1.02345792,0
1506792483,22587324,303.23,0.97863008,0
1506792423,22587303,302.40,2.00208800,1
1506792413,22587283,303.89,2.02021731,0
1506792413,22587281,303.89,2.20629200,0
1506792413,22587280,303.89,1.74132669,0
1506792413,22587279,303.57,0.17216400,0
1506792410,22587272,303.90,0.27165859,1
1506792410,22587271,304.16,14.46609272,1
1506792410,22587270,304.16,33.07240000,1
1506792410,22587269,304.16,10.30645400,1
1506792410,22587268,304.16,50.46062700,1
1506792410,22587267,304.16,5.79370800,1
1506792410,22587266,304.16,12.37028100,1
1506792409,22587264,304.16,6.64000000,1
1506792409,22587262,304.16,200.00000000,1
1506792409,22587261,304.16,0.17216400,1
1506792407,22587255,304.15,0.10000000,0
1506792407,22587252,304.10,0.10000000,0
1506792407,22587251,304.10,1.00001800,1
1506792407,22587250,304.10,23.90000000,1
1506792407,22587249,304.10,1.07390100,1
1506792406,22587248,304.10,2.66629200,1
1506792406,22587247,304.10,24.00000000,1
1506792406,22587246,304.10,0.68571160,1
1506792405,22587245,304.07,0.27297050,0
1506792405,22587244,304.07,3.50910469,0
1506792405,22587242,304.06,0.64000000,0
1506792404,22587240,303.95,0.10000000,0
1506792404,22587238,303.95,1.09387446,0
1506792404,22587237,303.95,0.10000000,0
1506792404,22587235,303.95,0.27297479,0
1506792404,22587231,303.90,0.10000000,0
1506792404,22587230,303.90,0.27312379,0
1506792403,22587229,303.90,12.36741300,1
1506792403,22587227,303.89,5.50000000,0
1506792403,22587226,303.87,3.20000000,0
1506792402,22587225,303.87,4.84000000,1
1506792402,22587223,303.75,0.10000000,0
1506792402,22587221,303.70,0.10000000,0
1506792402,22587220,303.70,0.31270004,1
1506792402,22587219,303.70,12.46000000,1
1506792401,22587218,303.60,0.10000000,0
1506792401,22587217,303.55,0.10000000,0
1506792400,22587216,303.54,0.62000000,0
1506792400,22587215,303.06,4.84000000,0
1506792400,22587214,302.91,0.10148474,0
1506792399,22587213,302.89,1.20209323,0
1506792399,22587212,302.33,5.05042709,0
1506792398,22587211,302.30,0.40056156,0
1506792287,22587150,302.30,0.16974400,0
1506792283,22587136,302.30,0.16974291,0
1506792283,22587134,302.00,0.00000109,0
1506792278,22587119,302.00,18.33686768,0
1506792278,22587118,301.97,0.17763232,0
1506792278,22587117,301.96,0.26400000,0
1506792242,22587101,301.41,0.12763233,0
1506792242,22587099,301.52,1.73995398,1
1506792241,22587097,301.59,0.05000000,1
1506792240,22587094,301.84,0.05000000,1
1506792208,22587088,302.04,0.05000000,1
1506792207,22587087,302.19,0.05000000,1
1506791891,22586974,302.30,0.52065076,0
1506791810,22586902,302.32,1.20884786,0
1506791622,22586855,301.95,0.62238782,0
1506791574,22586836,302.27,0.26400000,1
1506791573,22586835,302.19,0.05000000,1
1506791573,22586834,302.39,0.05000000,1
1506791573,22586833,302.42,0.54909010,1
1506791572,22586832,302.54,0.05000000,1
1506791523,22586815,302.65,6.67402280,1
1506791523,22586814,302.65,6.18000000,0
1506791494,22586798,302.42,0.16994000,1
1506791484,22586792,302.42,0.16880800,1
1506791378,22586743,302.78,3.72000000,0
1506791360,22586738,302.32,6.64000000,0
1506791349,22586737,302.03,1.78000000,1
1506791348,22586736,302.03,1.78000000,1
1506791347,22586735,302.03,1.73000000,1
1506791347,22586734,302.14,0.05000000,1
1506791346,22586733,302.34,1.78000000,0
1506791141,22586686,302.65,2.03372231,0
1506791141,22586685,302.64,3.81000000,0
1506791141,22586684,302.51,0.19157919,0
1506791140,22586683,302.49,6.64000000,0
1506791037,22586619,302.65,1.73546132,0
1506790963,22586595,302.22,0.19157919,1
1506790963,22586594,302.23,0.22426270,0
1506790963,22586593,302.34,2.00767348,1
1506790961,22586591,302.39,0.27437193,1
1506790820,22586523,302.25,0.08136537,0
1506790820,22586522,302.24,0.02426270,0
1506790819,22586521,302.24,0.20000000,0
1506790453,22586308,301.90,0.66022700,1
1506790452,22586306,301.90,0.89559400,1
1506790287,22586199,301.80,0.22426270,1
1506790287,22586198,301.81,0.21290000,1
1506790287,22586197,301.81,3.67265375,1
1506790287,22586196,302.11,0.94061064,1
1506790244,22586164,302.11,2.11938936,0
1506790242,22586157,302.11,4.73500000,0
1506790242,22586156,302.10,0.26500000,0
1506790215,22586134,301.03,8.16447016,1
1506790214,22586132,301.55,2.54680000,1
1506790197,22586116,301.55,2.95320000,1
1506790181,22586105,301.00,0.17135542,0
1506790181,22586104,301.02,0.10148827,1
1506790181,22586103,301.21,0.05000000,1
1506790181,22586102,301.44,4.36258340,1
1506790181,22586101,301.51,0.05000000,1
1506790180,22586100,301.56,0.26500000,1
1506790180,22586099,301.76,0.05000000,1
1506790170,22586092,301.96,0.05000000,1
1506790168,22586090,302.08,0.05000000,0
1506790132,22586006,302.22,2.95320974,0
1506790126,22585982,301.44,1.13741660,1
1506790126,22585979,301.44,6.18072968,0
1506790126,22585977,301.55,2.00627847,0
1506790125,22585975,301.55,2.83372153,0
1506790125,22585974,301.64,0.15027847,1
1506790123,22585970,301.74,3.00863463,1
1506790123,22585968,301.75,0.08136537,1
1506790122,22585962,301.75,0.96000000,1
1506790109,22585914,302.11,0.26400000,0
1506790106,22585893,302.00,1.10000000,1
1506790106,22585891,302.01,0.27297479,1
1506790103,22585873,302.12,0.27312379,1
1506790099,22585857,302.29,0.27297050,1
1506790099,22585854,302.41,1.20841005,0
1506790096,22585832,302.41,0.10148474,1
1506790094,22585829,302.42,6.15605362,1
1506790076,22585798,302.39,2.44904065,1
1506790076,22585797,302.39,0.27288041,1
1506790075,22585796,302.41,4.84000000,1
1506790075,22585795,302.77,0.26400000,1
1506790074,22585794,302.88,1.20209323,1
1506790074,22585793,302.90,0.27198571,0
1506790072,22585791,303.00,0.70000000,1
1506790061,22585773,303.00,0.30000000,1
1506790040,22585748,303.57,4.65658662,0
1506790033,22585737,303.41,0.30049400,1
1506789965,22585683,303.41,3.89632450,1
1506789965,22585682,303.49,1.84000000,1
1506789938,22585668,303.49,0.09000000,0
1506789930,22585666,303.49,2.91000000,0
1506789862,22585636,303.41,0.38074687,1
1506789831,22585617,303.39,5.36000000,1
1506789830,22585616,303.40,6.64000000,1
1506789785,22585597,303.39,1.94007900,1
1506789784,22585595,303.39,3.55992100,1
1506789773,22585584,303.03,7.37249159,0
1506789773,22585583,303.04,0.05000000,1
1506789773,22585582,303.07,0.27226938,1
1506789773,22585581,303.12,5.50000000,1
1506789773,22585580,303.21,22.92278272,1
1506789773,22585579,303.34,0.05000000,1
1506789772,22585578,303.41,0.97000000,1
1506789771,22585576,303.42,0.70778310,1
1506789771,22585575,303.60,0.27176590,1
1506789769,22585573,303.67,3.60967498,1
1506789768,22585571,303.40,0.01731485,1
1506789767,22585570,303.40,2.92018615,1
1506789767,22585569,303.59,0.05000000,1
1506789767,22585567,303.69,0.10655602,1
1506789766,22585566,303.78,3.21576776,1
1506789766,22585565,303.78,0.91560700,1
1506789765,22585561,303.78,0.70862524,1
1506789765,22585560,303.78,0.27163430,1
1506789765,22585559,303.79,0.05000000,1
1506789765,22585558,303.81,1.09387446,1
1506789765,22585557,303.94,0.05000000,1
1506789677,22585494,304.00,0.64000000,0
1506789674,22585492,304.00,0.50000000,1
1506789674,22585491,304.02,1.78016916,1
1506789581,22585450,304.05,1.12435432,1
1506789575,22585447,304.56,0.27106447,0
1506789420,22585375,304.06,2.00000000,1
1506789065,22585243,304.44,1.77000500,1
1506789053,22585236,304.48,1.34031730,0
1506789053,22585235,304.45,0.10000000,0
1506788725,22585020,304.15,0.00723123,0
1506788725,22585019,304.15,0.08090972,0
1506788718,22585011,304.12,2.07330025,0
1506788677,22584987,304.12,0.03000000,0
1506788635,22584970,303.78,0.46871268,1
1506788584,22584938,303.68,0.54640901,1
1506788572,22584933,303.69,0.64593325,1
1506788560,22584925,303.70,2.36475604,1
1506788559,22584924,303.70,2.95567105,1
1506788554,22584918,303.68,1.01028550,1
1506788554,22584917,303.68,0.27169627,1
1506788554,22584916,303.68,0.27490947,1
1506788500,22584865,303.62,0.18814022,1
1506788500,22584864,303.74,0.05000000,1
1506788500,22584863,303.85,0.17170330,1
1506788464,22584810,303.85,0.10000000,0
1506788463,22584802,303.62,0.09953622,0
1506788460,22584792,303.62,0.99500000,0
1506788401,22584697,303.53,1.28978687,1
1506788400,22584695,303.53,4.84000000,0
1506788400,22584693,303.52,0.51021313,0
1506788388,22584676,303.19,0.51021313,1
1506788324,22584606,303.50,4.20824618,0
1506788323,22584605,303.50,0.23000000,0
1506788323,22584604,303.50,6.41000000,0
1506788322,22584603,303.46,0.23000000,0
1506788299,22584600,303.03,3.51157516,0
1506788298,22584599,302.86,4.74000000,1
1506788290,22584593,303.04,0.05000000,1
1506788284,22584592,303.24,0.05000000,1
1506787919,22584470,303.39,0.05000000,0
1506787717,22584354,303.50,0.98095551,0
1506787717,22584353,303.49,2.70000000,0
1506787716,22584352,303.33,0.53741567,0
1506787716,22584350,303.20,0.46880208,0
1506787716,22584349,303.17,14.73983174,0
1506787715,22584348,303.10,0.21310000,1
1506787714,22584347,303.10,13.29746210,0
1506787422,22584175,302.58,1.86792268,0
1506787281,22584120,302.55,3.95504000,1
1506787202,22584078,302.53,1.82371000,1
1506787039,22583971,302.53,22.23121454,1
1506787039,22583970,302.69,0.05000000,1
1506787039,22583969,302.71,3.90724039,1
1506787011,22583955,302.85,0.27246676,1
1506787011,22583954,302.85,0.27246676,1
1506787011,22583953,302.89,0.05000000,1
1506787011,22583952,302.90,0.70000000,1
1506787011,22583951,302.94,0.27168541,1
1506786989,22583945,303.00,0.65841584,1
1506786965,22583911,303.04,0.05000000,1
1506786960,22583909,303.05,0.27221624,1
1506786846,22583865,303.15,2.25742331,1
1506786807,22583847,303.15,2.85000000,1
1506786759,22583821,303.15,0.21300378,1
1506786759,22583820,303.27,1.09453622,1
1506786644,22583787,303.40,3.49939874,1
1506786612,22583767,303.41,0.26310000,0
1506786593,22583758,303.41,1.01914901,0
1506786592,22583757,303.40,1.82102835,1
1506786552,22583749,303.41,1.00157516,1
1506786551,22583747,303.41,2.51000000,1
1506786437,22583720,303.25,1.45658411,1
1506786392,22583704,304.02,0.27112753,0
1506786390,22583703,304.02,0.82793895,1
1506786390,22583702,303.69,0.05000000,0
1506786389,22583701,303.66,1.04314210,0
1506786389,22583700,303.65,3.51130373,0
1506786389,22583699,303.64,0.26340000,0
1506786317,22583683,303.00,0.19571471,1
1506786317,22583682,303.01,0.26340000,1
1506786317,22583681,303.04,0.27229628,1
1506786316,22583680,303.09,0.27205501,1
1506786316,22583678,303.11,0.05000000,1
1506786307,22583676,303.12,5.55319700,1
1506786290,22583661,303.20,0.05737191,1
1506786289,22583660,303.20,5.32042709,1
1506786289,22583659,303.21,0.27225500,1
1506786289,22583658,303.24,0.03317000,1
1506786274,22583609,303.22,1.23174800,1
1506786268,22583607,303.25,1.16104087,1
1506786268,22583606,303.26,0.05000000,1
1506786268,22583605,303.30,1.04314210,1
1506786268,22583604,303.32,2.66129369,1
1506786247,22583594,303.30,0.05000000,1
1506786163,22583537,303.37,0.85001004,0
1506786124,22583519,303.35,0.81997693,0
1506786096,22583509,303.54,2.00000000,0
1506786093,22583508,303.28,1.94346155,1
1506785963,22583461,303.63,0.05653845,1
1506785963,22583459,303.63,0.49998301,1
1506785957,22583457,303.63,1.00000000,1
1506785952,22583447,303.63,3.23347854,0
1506785877,22583402,303.65,0.00723123,1
1506785826,22583387,303.96,0.27157973,0
1506785824,22583385,303.19,0.08090972,0
1506785823,22583383,303.65,0.08299028,1
1506785791,22583356,304.09,0.27133131,0
1506785787,22583349,304.76,1.51131578,0
1506785786,22583348,304.76,1.89450378,0
1506785786,22583347,304.76,1.11167720,0
1506785786,22583346,304.76,3.35138831,0
1506785786,22583345,304.76,1.87509163,0
1506785786,22583344,304.72,0.45000000,0
1506785785,22583343,304.70,1.00000000,0
1506785785,22583342,304.67,0.27242954,0
1506785785,22583341,304.60,0.27249248,0
1506785785,22583340,304.59,0.16606065,0
1506785785,22583339,304.47,0.01755780,0
1506785785,22583338,304.45,0.10515555,0
1506785785,22583337,304.45,0.16747191,0
1506785785,22583336,304.44,0.02270000,0
1506785784,22583334,304.43,0.13438486,0
1506785784,22583332,304.43,0.13826202,0
1506785784,22583331,304.43,0.27264646,0
1506785784,22583330,304.41,0.10033523,0
1506785784,22583329,304.37,0.27270305,0
1506785784,22583328,304.30,1.00000000,0
1506785784,22583327,304.25,0.15241117,0
1506785783,22583326,304.25,0.12039721,0
1506785783,22583325,304.22,0.03024123,0
1506785783,22583324,304.21,0.08356745,0
1506785783,22583323,304.21,0.18927079,0
1506785783,22583321,304.20,0.27285081,0
1506785783,22583320,304.19,0.01777057,0
1506785783,22583319,304.19,0.25509183,0
1506785783,22583318,304.18,0.02280000,0
1506785782,22583317,304.17,0.19178241,0
1506785782,22583316,304.17,0.05819853,0
1506785782,22583315,304.17,0.02290000,0
1506785782,22583314,304.17,0.27288041,0
1506785782,22583312,304.15,0.18075078,0
1506785782,22583310,304.15,0.01248152,0
1506785781,22583309,304.11,0.49384580,0
1506785781,22583307,304.10,0.59494173,0
1506785780,22583301,304.11,5.48990675,0
1506785779,22583299,304.11,0.65624745,0
1506785778,22583294,303.06,0.59494173,1
1506785778,22583292,303.08,3.50505827,1
1506785776,22583291,304.15,0.07966310,0
1506785776,22583290,304.12,3.49312044,0
1506785776,22583289,304.11,0.94657662,0
1506785772,22583281,304.11,4.05342338,0
1506785770,22583278,304.12,3.24347044,0
1506785769,22583270,304.12,0.86187259,0
1506785768,22583269,304.07,0.25386000,0
1506785768,22583268,303.49,0.08833295,0
1506785764,22583239,302.97,0.08833295,0
1506785763,22583228,302.99,3.49164912,1
1506785763,22583227,303.46,0.00000531,1
1506785762,22583216,303.46,0.27191485,1
1506785757,22583178,304.07,0.25386106,1
1506785756,22583171,304.07,0.01752070,0
1506785754,22583169,304.07,0.01752070,0
1506785754,22583168,304.06,0.27297951,0
1506785753,22583167,304.03,0.27193758,0
1506785753,22583166,303.90,0.69897200,0
1506785753,22583165,303.87,3.22845840,0
1506785749,22583160,303.87,1.12683954,0
1506785749,22583159,303.86,1.19387953,0
1506785749,22583158,303.86,1.02179869,0
1506785743,22583151,303.86,2.91464278,0
1506785742,22583146,303.87,0.21303453,0
1506785742,22583145,303.86,1.46487605,0
1506785741,22583144,303.86,0.58512395,0
1506785738,22583123,303.87,0.27166753,0
1506785736,22583112,304.03,3.77752195,1
1506785736,22583109,304.00,0.01660911,0
1506785736,22583108,304.00,0.03549400,0
1506785735,22583106,304.00,0.22093175,0
1506785735,22583103,304.00,8.84261016,0
1506785735,22583099,304.00,0.70000000,0
1506785735,22583098,304.00,1.00000000,0
1506785735,22583097,304.00,0.14000000,0
1506785735,22583096,304.00,0.50000000,0
1506785735,22583095,304.00,0.60000000,0
1506785734,22583091,303.99,1.97374914,1
1506785734,22583088,303.98,0.27304845,0
1506785734,22583086,303.90,0.08069108,0
1506785734,22583085,303.90,0.66930892,0
1506785734,22583084,303.90,5.68687700,1
1506785733,22583083,303.90,6.64000000,1
1506785733,22583081,303.90,0.69801522,1
1506785733,22583080,303.89,0.27313212,0
1506785732,22583079,303.86,0.06894108,0
1506785732,22583078,303.86,0.20421837,0
1506785732,22583077,303.86,0.00315777,0
1506785732,22583076,303.86,0.27000000,0
1506785732,22583075,303.83,0.27318696,0
1506785731,22583073,303.72,0.27327768,0
1506785731,22583068,303.70,0.27330186,0
1506785730,22583063,303.65,0.27334771,0
1506785730,22583061,303.65,0.01758340,0
1506785730,22583056,303.64,0.05502249,0
1506785730,22583055,303.64,0.27324676,0
1506785730,22583054,303.64,0.27335856,0
1506785729,22583053,303.60,2.00000000,0
1506785729,22583052,303.60,0.27339472,0
1506785729,22583051,303.60,2.30835581,1
1506785729,22583047,303.58,0.27341108,0
1506785728,22583045,303.54,0.27344731,0
1506785728,22583044,303.49,0.10000000,0
1506785728,22583042,303.41,1.20000000,0
1506785727,22583041,303.32,0.02290000,0
1506785727,22583040,303.30,0.04522193,0
1506785727,22583039,303.15,1.00000000,0
1506785726,22583038,303.12,1.68694200,0
1506785699,22583023,303.11,0.98806135,0
1506785699,22583022,303.02,0.27391097,0
1506785699,22583021,303.00,0.05000000,0
1506785694,22583016,302.61,0.62000000,1
1506785693,22583010,302.62,6.02000000,1
1506785693,22583007,302.62,0.62000000,1
1506785692,22583006,302.58,6.02000000,0
1506785691,22583000,302.58,0.62000000,0
1506785690,22582999,302.60,0.80161290,0
1506785690,22582998,302.60,0.61838710,1
1506785688,22582996,302.60,1.31484445,0
1506785685,22582995,302.82,0.10515555,1
1506785666,22582979,302.97,0.27249248,0
1506785662,22582972,302.97,1.14366393,0
1506785662,22582971,302.97,0.27395895,0
1506785638,22582946,302.82,0.10662066,0
1506785637,22582942,302.79,0.17228976,0
1506785637,22582940,302.79,0.10183645,0
1506785598,22582913,302.73,0.00147132,0
1506785593,22582910,302.70,2.00000000,0
1506785593,22582909,302.69,4.53369512,0
1506785593,22582908,302.69,2.10630488,0
1506785592,22582907,302.65,0.10064559,0
1506785592,22582906,302.65,0.19973514,0
1506785592,22582905,302.64,0.00000539,0
1506785558,22582833,302.64,0.18303600,0
1506785509,22582782,302.56,3.64852180,1
1506785497,22582769,302.56,0.00147820,0
1506785487,22582766,302.35,0.00143708,0
1506785483,22582764,302.20,0.00133709,0
1506785478,22582758,302.15,0.27457500,0
1506785476,22582757,302.00,2.23489134,0
1506785474,22582752,302.00,5.41178807,0
1506785473,22582749,302.00,17.73632450,0
1506785472,22582745,302.00,3.96417218,0
1506785472,22582743,302.00,1.44469600,0
1506785471,22582736,302.00,8.15317880,0
1506785471,22582735,302.00,5.34800800,0
1506785470,22582727,302.00,0.84000000,0
1506785470,22582724,302.00,46.42425500,0
1506785469,22582722,301.99,0.91000000,0
1506785464,22582714,302.00,4.84000000,0
1506785457,22582706,302.00,1.00000000,0
1506785457,22582704,302.00,1.44469600,0
1506785455,22582699,302.00,6.34777600,0
1506785454,22582697,301.99,1.08000000,0
1506785452,22582694,302.00,1.23931900,0
1506785449,22582690,302.00,7.42241200,0
1506785449,22582687,302.00,1.41973300,0
1506785448,22582678,302.00,19.38939300,0
1506785447,22582673,302.00,7.41827300,0
1506785444,22582668,302.00,0.58290800,0
1506785444,22582667,301.99,0.27000000,0
1506785440,22582664,301.99,1.01000000,1
1506785436,22582660,302.00,1.41852900,0
1506785427,22582642,301.99,1.53000000,1
1506785425,22582640,302.00,0.10000000,0
1506785420,22582636,302.00,1.88999500,0
1506785419,22582633,302.00,2.04204000,0
1506785416,22582625,302.00,5.93668496,0
1506785415,22582624,301.99,1.89000000,0
1506785413,22582614,301.99,0.41000000,0
1506785385,22582587,301.99,0.20881486,0
1506785357,22582565,302.00,8.30000000,0
1506785353,22582560,302.00,7.64092715,0
1506785353,22582559,301.99,2.28000000,0
1506785351,22582558,301.95,0.00000545,0
1506785303,22582537,301.95,0.15013100,0
1506785185,22582446,301.94,0.26480000,1
1506785184,22582444,301.94,17.93273578,0
1506785042,22582380,301.96,1.82989206,0
1506785042,22582379,301.96,1.09594083,0
1506784823,22582268,301.00,35.68294820,0
1506784823,22582267,301.04,0.05000000,1
1506784823,22582266,301.26,0.27391097,1
1506784822,22582265,301.27,0.26480000,1
1506784822,22582264,301.29,0.05000000,1
1506784822,22582263,301.49,0.05000000,1
1506784822,22582262,301.54,1.09594083,1
1506784822,22582261,301.64,0.05000000,1
1506784822,22582260,301.75,2.48240000,1
1506784812,22582259,301.97,5.95883100,0
1506784757,22582246,301.97,2.00000000,0
1506784691,22582213,301.96,0.99999500,0
1506784620,22582190,301.75,0.01760000,1
1506784480,22582147,301.97,2.53358148,0
1506784479,22582146,301.97,1.94921709,0
1506784479,22582145,301.96,1.99000000,0
1506784479,22582144,301.95,7.04370000,0
1506784444,22582105,301.97,1.19451905,0
1506784440,22582101,301.97,0.27330186,0
1506784438,22582099,301.97,6.47781381,0
1506784438,22582098,301.96,2.36000000,0
1506784432,22582094,301.86,0.01730000,1
1506784418,22582072,301.96,1.83606600,0
1506784388,22582024,301.99,0.39989600,0
1506784288,22581964,301.98,2.30000000,0
1506784245,22581936,301.98,1.94145308,0
1506784230,22581889,301.98,0.04555765,0
1506784224,22581885,301.98,0.04555765,0
1506784202,22581837,301.99,5.44000000,0
1506784201,22581836,301.99,1.20000000,0
1506784201,22581835,301.99,5.44000000,1
1506784200,22581834,301.99,1.20000000,0
1506784147,22581806,301.99,1.43000000,0
1506784147,22581805,301.99,1.56000000,0
1506784126,22581795,301.99,6.64000000,0
1506784125,22581794,301.99,1.80000000,0
1506784125,22581793,301.99,4.84000000,0
1506784105,22581785,301.97,0.05000000,1
1506784086,22581777,301.97,0.05000000,1
1506784084,22581771,301.97,5.08082694,0
1506784046,22581735,301.97,0.70476297,0
1506784001,22581713,301.97,0.62246100,0
1506783997,22581707,301.97,1.57160813,0
1506783997,22581706,301.96,0.38297883,0
1506783997,22581705,301.95,0.07733304,0
1506783956,22581671,301.83,0.18746514,0
1506783945,22581644,301.54,0.05000000,1
1506783908,22581597,301.89,0.00000182,0
1506783908,22581596,301.49,0.01700000,0
1506783907,22581594,301.23,0.07304818,0
1506783906,22581592,301.23,0.14415182,1
1506783853,22581554,301.18,0.05000000,1
1506783826,22581542,301.11,0.38297883,1
1506783800,22581526,301.02,0.05000000,1
1506783786,22581521,301.97,2.07431201,0
1506783785,22581520,301.96,1.98701815,0
1506783785,22581518,301.77,0.08872440,0
1506783785,22581517,301.77,4.84000000,1
1506783783,22581514,301.76,2.57786264,0
1506783760,22581469,301.76,0.91196000,0
1506783722,22581415,301.76,0.01650318,0
1506783713,22581407,301.71,0.75030241,0
1506783713,22581406,301.70,2.62969759,0
1506783690,22581383,300.20,2.62969759,0
1506783690,22581381,300.22,0.05000000,1
1506783690,22581379,300.46,0.15013645,1
1506783689,22581377,300.52,19.95411287,1
1506783689,22581375,300.62,0.05000000,1
1506783689,22581373,300.80,4.84000000,1
1506783689,22581372,300.80,0.27432901,1
1506783688,22581370,300.97,0.05000000,1
1506783688,22581369,300.97,0.08872440,0
1506783688,22581367,301.03,1.99187386,1
1506783688,22581363,301.16,1.00000000,1
1506783688,22581360,301.17,0.26480000,1
1506783687,22581358,301.18,3.50632582,1
1506783687,22581356,301.27,0.05000000,1
1506783687,22581354,301.52,0.05000000,1
1506783685,22581348,301.72,0.05000000,1
1506783676,22581324,301.87,0.05000000,1
1506783654,22581311,301.96,2.56699563,0
1506783647,22581310,301.96,3.67045304,0
1506783642,22581303,301.97,7.34069610,0
1506783638,22581295,301.97,0.34304732,0
1506783636,22581294,301.96,6.99788000,0
1506783610,22581280,301.98,2.93353864,0
1506783599,22581263,301.98,6.83194251,0
1506783599,22581262,301.98,0.50851050,0
1506783593,22581261,301.98,7.34045301,0
1506783587,22581258,301.98,7.34045301,0
1506783581,22581252,301.98,7.34045301,0
1506783574,22581250,301.99,7.24020994,0
1506783573,22581249,301.99,0.10000000,0
1506783569,22581239,301.98,7.34045301,0
1506783561,22581236,301.97,7.34069610,0
1506783555,22581229,301.98,3.67020995,0
1506783548,22581225,301.98,7.34045301,0
1506783536,22581181,301.98,7.34045301,0
1506783526,22581174,301.98,7.33972449,0
1506783511,22581134,301.98,7.33972449,0
1506783504,22581127,301.98,3.66984569,0
1506783491,22581116,301.92,4.73469753,1
1506783491,22581115,301.91,3.17778699,0
1506783491,22581114,301.91,1.98734722,0
1506783491,22581112,301.90,4.84000000,0
1506783479,22581101,301.93,4.36000000,1
1506783478,22581100,301.93,6.64000000,0
1506783474,22581098,301.40,2.56489224,1
1506783474,22581097,301.40,0.61289475,1
1506783463,22581090,301.98,2.75004967,0
1506783463,22581088,301.92,0.10000000,0
1506783463,22581087,301.89,0.27494019,0
1506783463,22581086,301.86,0.04522193,0
1506783461,22581085,301.85,0.50000000,0
1506783454,22581078,301.80,3.67203446,0
1506783447,22581072,301.83,3.27184176,0
1506783446,22581071,301.79,0.10000000,0
1506783446,22581068,301.67,0.10000000,0
1506783446,22581066,301.66,0.10000000,0
1506783444,22581064,301.64,0.10000000,0
1506783420,22581043,301.38,0.13724382,1
1506783420,22581042,301.43,0.05308471,0
1506783420,22581040,301.43,3.62345711,0
1506783418,22581034,301.64,3.01654289,1
1506783417,22581033,301.50,0.20000000,0
1506783417,22581032,301.50,1.09607680,0
1506783417,22581031,301.47,0.10000000,0
1506783417,22581029,301.43,6.64000000,0
1506783415,22581028,301.42,8.82448500,0
1506783414,22581027,301.38,10.29014356,1
1506783399,22581011,301.38,0.14970000,1
1506783382,22581006,301.37,3.00000000,0
1506783351,22581002,301.41,3.67678577,0
1506783157,22580924,301.25,3.67861648,0
1506783128,22580907,301.47,3.15769396,1
1506783128,22580906,301.33,0.10000000,0
1506783126,22580905,301.32,0.41862230,0
1506783085,22580888,301.23,0.66580400,1
1506783085,22580887,301.12,0.10000000,0
1506783083,22580886,301.07,0.23419600,0
1506783060,22580878,300.59,0.50002688,1
1506783059,22580877,301.08,1.00000000,0
1506783043,22580849,301.07,1.00000000,0
1506783033,22580846,301.11,0.85510000,1
1506783033,22580845,301.10,0.14490000,0
1506783026,22580843,300.54,0.14490000,1
1506783026,22580842,301.00,0.00500000,1
1506783007,22580836,301.11,0.18153461,0
1506783007,22580835,301.11,0.81846539,0
1506783005,22580830,301.00,0.99500000,1
1506782895,22580793,300.58,0.41500000,1
1506782754,22580721,300.56,0.23419600,1
1506782695,22580687,300.78,2.56978040,1
1506782680,22580683,300.77,0.15000000,0
1506782680,22580682,300.77,0.17303574,0
1506782680,22580681,300.77,0.08042965,0
1506782482,22580612,300.77,0.60262834,0
1506782482,22580610,300.76,0.21825702,0
1506782444,22580569,300.76,0.17445817,0
1506782444,22580568,300.53,0.10000000,0
1506782373,22580535,300.52,3.12351006,0
1506782143,22580445,300.20,2.96360701,1
1506782143,22580444,300.20,1.64367780,1
1506782142,22580443,300.22,0.39271519,1
1506782012,22580401,300.52,0.38297883,0
1506781901,22580374,300.42,0.08912377,0
1506781888,22580367,300.38,0.10000000,0
1506781585,22580293,300.01,0.18992700,0
1506781566,22580283,300.03,3.30599300,0
1506781561,22580279,299.96,0.03442175,0
1506781561,22580278,299.96,1.86341117,0
1506781558,22580274,299.57,1.00438221,1
1506781555,22580269,299.96,0.22658883,0
1506781555,22580267,299.96,0.85596825,0
1506781555,22580265,299.55,0.35626991,1
1506781551,22580261,299.96,2.86961000,0
1506781549,22580258,299.96,0.41442175,0
1506781549,22580257,299.96,0.45000000,0
1506781548,22580255,299.96,2.09421125,0
1506781544,22580246,299.96,4.13136700,0
1506781542,22580243,299.96,0.00442175,1
1506781541,22580238,299.96,0.24000000,0
1506781541,22580237,299.96,0.21000000,0
1506781541,22580236,299.96,1.86000000,0
1506781541,22580235,299.96,4.37030900,0
1506781539,22580232,299.96,0.24442700,0
1506781520,22580214,299.96,0.20802200,0
1506781518,22580209,299.96,1.85724200,0
1506781499,22580180,299.92,2.00053319,0
1506781498,22580179,299.92,0.26660000,0
1506781498,22580178,299.91,9.72671881,0
1506781487,22580175,299.87,0.00000500,0
1506781485,22580171,299.87,0.26699500,0
1506781311,22580072,299.10,1.29177119,1
1506781299,22580070,299.02,0.26660000,1
1506781299,22580069,299.29,0.26700000,1
1506780979,22579952,299.08,3.89588333,1
1506780962,22579943,299.01,2.72466554,0
1506780961,22579942,299.01,3.63165348,1
1506780961,22579941,299.01,1.14834652,1
1506780961,22579940,299.05,0.05000000,1
1506780960,22579939,299.30,0.05000000,1
1506780960,22579938,299.50,0.05000000,1
1506780960,22579937,299.50,0.33769616,1
1506780960,22579936,299.57,0.17303574,1
1506780741,22579831,299.57,0.68305799,1
1506780741,22579830,299.65,0.05000000,1
1506780368,22579720,299.76,1.80162900,1
1506780225,22579682,300.41,4.39294539,0
1506780225,22579681,300.00,0.00643898,0
1506780213,22579670,300.00,0.88521137,0
1506780212,22579669,300.00,1.10834965,0
1506780212,22579668,299.99,0.26600000,0
1506780025,22579597,299.80,4.40571514,1
1506780025,22579596,299.92,0.08912377,1
1506780014,22579592,299.92,0.05000000,1
1506779982,22579551,300.31,0.26600000,1
1506779978,22579549,300.54,2.50149753,1
1506779978,22579547,300.54,1.00499136,1
1506779976,22579544,300.86,1.03968916,0
1506779974,22579543,300.52,0.20669628,0
1506779973,22579542,300.51,3.69092300,0
1506779950,22579535,300.19,0.13733100,0
1506779946,22579534,300.20,0.10000000,0
1506779825,22579504,300.05,0.20669628,1
1506779638,22579451,300.05,3.69092300,1
1506779637,22579449,300.98,5.74945179,0
1506779636,22579448,300.97,0.10000000,0
1506779636,22579446,300.86,3.50245209,0
1506779636,22579445,300.41,4.84000000,0
1506779634,22579443,300.15,2.41613603,0
1506779614,22579439,300.15,4.98500750,0
1506779598,22579436,300.03,0.19981000,1
1506779546,22579412,300.03,2.11774600,1
1506779541,22579408,300.03,0.29265000,1
1506779420,22579304,300.15,0.50885647,0
1506779420,22579303,300.14,9.72885800,0
1506779419,22579302,300.02,0.49777100,1
1506779275,22579275,300.14,0.01899114,0
1506779066,22579232,300.15,0.05000000,1
1506778673,22578927,300.26,2.23000000,1
1506778671,22578926,300.25,2.22944900,0
1506778670,22578925,300.25,0.27000000,0
1506778670,22578924,300.25,6.41400000,0
1506778669,22578923,300.25,0.26600000,0
1506778564,22578858,299.93,2.12456406,0
1506778564,22578857,299.92,0.02804400,0
1506778563,22578856,299.91,4.52739194,0
1506778522,22578830,299.71,4.52739800,1
1506778507,22578820,299.71,0.33000000,1
1506778507,22578819,299.71,6.35308462,1
1506778490,22578809,299.71,0.32691538,1
1506778486,22578804,299.72,3.98722700,1
1506778463,22578791,299.67,2.69277300,1
1506778461,22578789,299.68,0.15678000,1
1506778396,22578760,300.01,3.00000000,1
1506778383,22578742,300.07,0.38338494,1
1506778379,22578739,300.04,0.02804400,1
1506778379,22578738,300.30,2.80032700,1
1506778372,22578732,300.30,45.59005000,1
1506778348,22578696,300.30,2.00962300,1
1506778348,22578695,300.43,0.26600000,1
1506778313,22578671,300.52,4.84000000,1
1506778117,22578607,300.25,0.99208074,1
1506778105,22578591,300.23,0.05000000,1
1506778105,22578590,300.48,0.05000000,1
1506778105,22578589,300.68,0.05000000,1
1506778105,22578588,300.83,0.05000000,1
1506778083,22578562,301.31,4.73480000,0
1506778083,22578560,301.30,0.26520000,0
1506778031,22578510,300.94,4.83990165,1
1506778030,22578508,300.94,4.84000000,1
1506778013,22578499,300.92,0.00000035,0
1506778012,22578498,300.92,1.46717000,1
1506778012,22578497,300.94,0.90928465,1
1506777925,22578471,300.94,1.60895700,1
1506777923,22578470,300.94,0.03818400,1
1506777860,22578454,300.94,0.92600244,1
1506777860,22578453,300.95,0.26520000,1
1506777860,22578452,300.95,0.22891756,1
1506777716,22578416,301.29,2.10438200,1
1506777711,22578413,301.28,0.02002400,1
1506777704,22578412,301.23,0.02801400,1
1506777601,22578389,301.39,3.12668917,0
1506777601,22578388,301.39,0.37053749,0
1506777601,22578387,301.38,0.26480000,0
1506777489,22578347,300.92,3.37283000,1
1506777489,22578346,301.00,0.05000000,1
1506777489,22578345,301.20,0.05000000,1
1506777360,22578252,301.35,0.05000000,1
1506777304,22578238,301.46,0.33000000,0
1506777210,22578206,300.90,37.49435062,0
1506777209,22578205,300.90,2.50564938,1
1506776948,22578145,300.74,2.33435062,0
1506776948,22578140,300.89,0.05000000,1
1506776948,22578138,300.90,4.84000000,1
1506776947,22578136,300.91,0.26480000,1
1506776947,22578135,300.92,1.77362272,1
1506776947,22578134,300.92,3.49722666,1
1506776945,22578132,301.41,0.24000000,1
1506776927,22578128,301.46,10.05000000,0
1506776829,22578098,301.32,0.10000000,0
1506776829,22578096,301.26,0.10000000,0
1506776702,22578042,301.00,0.83341000,0
1506776701,22578041,301.00,5.07547000,0
1506776699,22578036,301.00,1.60453000,1
1506776698,22578033,301.00,6.65000000,0
1506776698,22578032,301.00,0.03202377,0
1506776693,22578022,301.00,6.64797623,0
1506776693,22578021,301.00,0.85202377,0
1506776596,22577930,300.30,4.33331505,0
1506776595,22577927,300.30,8.49090908,0
1506776569,22577919,300.30,0.38338494,0
1506776509,22577897,300.30,2.00432900,0
1506776491,22577890,300.30,1.43736263,0
1506776217,22577845,300.30,2.00069930,0
1506776159,22577826,300.29,1.78233030,0
1506776154,22577824,300.29,0.01999411,0
1506776145,22577808,300.29,0.00000589,0
1506776145,22577807,300.29,0.06571577,0
1506776145,22577806,300.29,0.26600000,0
1506776114,22577801,300.20,0.00001374,0
1506776074,22577784,300.20,2.02998626,0
1506776074,22577783,300.00,0.00001374,0
1506775977,22577761,299.99,0.19998423,0
1506775971,22577755,300.00,0.40380721,0
1506775948,22577752,300.00,0.02000000,1
1506775702,22577676,300.41,3.50314163,0
1506775520,22577619,300.02,5.49998237,0
1506775517,22577614,298.50,0.11238217,1
1506775517,22577613,298.56,0.04427921,1
1506775517,22577612,298.63,0.05000000,1
1506775516,22577611,298.64,1.50000000,1
1506775516,22577610,298.78,10.38000000,1
1506775516,22577608,298.78,5.50000000,1
1506775516,22577607,299.08,0.05000000,1
1506775516,22577606,299.09,7.50000000,1
1506775516,22577605,299.44,0.85202377,1
1506775516,22577604,299.48,0.05000000,1
1506775516,22577603,299.83,0.05000000,1
1506775516,22577602,300.00,7.04370000,1
1506775515,22577601,300.01,0.26600000,1
1506775515,22577600,300.02,2.55545894,1
1506775513,22577599,300.02,1.26361100,1
1506775510,22577597,300.13,0.05000000,1
1506775510,22577596,300.25,1.59229963,1
1506775504,22577594,300.25,0.79600000,1
1506775498,22577592,300.25,3.76773700,1
1506775498,22577591,300.38,0.05000000,1
1506775492,22577586,300.40,3.55074290,1
1506775492,22577585,300.41,0.26570000,1
1506775482,22577580,300.42,0.38303058,1
1506775474,22577577,300.40,3.50314163,1
1506775474,22577576,300.58,0.05000000,1
1506775474,22577575,300.73,0.05000000,1
1506775438,22577562,300.91,0.21150000,0
1506775393,22577552,300.92,0.08284594,0
1506775260,22577506,300.74,0.05920400,1
1506775120,22577472,301.00,4.99097289,0
1506775118,22577467,301.00,8.21952400,0
1506775111,22577452,301.00,5.27209299,0
1506775111,22577451,300.99,0.00000003,0
1506775110,22577448,300.99,4.99999997,0
1506775105,22577444,300.85,0.00000247,0
1506775105,22577443,300.84,5.00000000,0
1506775103,22577435,300.85,5.95338000,0
1506775099,22577430,300.85,0.19017208,0
1506775099,22577429,300.84,3.49431592,0
1506775097,22577426,300.84,1.50568408,0
1506775001,22577409,300.57,0.53930337,0
1506775001,22577406,300.57,0.77941910,0
1506775000,22577404,300.57,0.72548823,0
1506774996,22577398,300.57,0.83720930,0
1506774906,22577364,300.58,1.14412644,0
1506774906,22577362,300.43,0.05001967,0
1506774896,22577358,300.02,0.34460500,1
1506774896,22577357,300.23,0.05000000,1
1506774870,22577353,300.43,0.05000000,1
1506774810,22577336,300.50,0.54998033,0
1506774790,22577322,300.48,2.53681500,1
1506774694,22577294,301.00,4.71488970,0
1506774693,22577293,301.00,0.10000000,0
1506774693,22577292,300.97,3.49511030,0
1506774693,22577291,300.91,0.10000000,0
1506774693,22577290,300.90,0.10000000,0
1506774693,22577289,300.86,5.00000000,0
1506774693,22577288,300.85,6.49000000,0
1506774653,22577245,300.58,0.05000000,1
1506774653,22577244,300.59,0.10000000,1
1506774494,22577198,300.69,0.21381472,0
1506774329,22577156,300.61,0.10000000,0
1506774211,22577119,300.36,0.10000000,0
1506774065,22577077,300.16,0.10000000,0
1506773986,22577050,300.01,0.10000000,0
1506773985,22577049,300.00,0.10000000,0
1506773984,22577048,300.00,6.29884968,0
1506773972,22577015,300.00,0.80293333,0
1506773921,22576997,300.00,0.11020000,0
1506773921,22576996,300.00,0.12976666,0
1506773898,22576988,300.00,1.00000000,0
1506773888,22576987,300.00,2.12640000,0
1506773887,22576986,300.00,1.52003335,0
1506773885,22576985,300.00,48.23530000,0
1506773884,22576981,300.00,57.00000000,0
1506773881,22576975,300.00,0.25356666,0
1506773881,22576974,300.00,1.05470000,0
1506773881,22576973,300.00,2.21090000,0
1506773880,22576972,299.99,0.03643334,0
1506773880,22576971,299.99,0.25356666,0
1506773871,22576961,300.00,0.19310000,0
1506773871,22576960,299.99,0.35000000,0
1506773799,22576934,300.00,20.19620000,0
1506773799,22576933,300.00,2.01636666,0
1506773798,22576931,300.00,0.12306668,0
1506773798,22576930,299.99,0.42000000,0
1506773792,22576924,300.00,0.20810000,0
1506773792,22576923,300.00,1.80950000,0
1506773792,22576922,300.00,1.52053333,0
1506773791,22576921,300.00,0.17879999,0
1506773791,22576918,299.99,0.07380001,0
1506773791,22576915,299.99,0.20823333,0
1506773789,22576907,299.99,0.20796666,0
1506773780,22576877,300.00,0.41726666,0
1506773779,22576876,300.00,2.18980000,0
1506773779,22576875,300.00,0.90676666,0
1506773775,22576867,300.00,20.17307000,0
1506773773,22576864,300.00,0.48079500,0
1506773773,22576862,300.00,0.31146666,0
1506773773,22576861,299.99,0.58000000,0
1506773770,22576857,300.00,0.82356666,0
1506773768,22576845,300.00,0.41683333,0
1506773768,22576843,299.99,0.69000000,0
1506773755,22576824,300.00,1.76616667,0
1506773755,22576823,300.00,0.30914534,0
1506773755,22576821,299.99,0.14983566,0
1506773745,22576808,299.99,0.67016434,1
1506773743,22576804,300.00,0.45903333,0
1506773742,22576801,300.00,0.36746667,0
1506773742,22576799,300.00,0.16853334,0
1506773742,22576798,300.00,3.18356666,0
1506773742,22576797,300.00,1.23033333,0
1506773740,22576796,300.00,0.56016898,0
1506773740,22576795,299.99,0.46169768,0
1506773739,22576794,299.99,0.20846666,0
1506773734,22576785,299.99,0.16136666,0
1506773733,22576782,299.99,0.14846900,0
1506773731,22576778,300.00,0.45883333,0
1506773731,22576777,300.00,0.44653333,0
1506773730,22576775,300.00,0.52366666,0
1506773729,22576772,300.00,0.18636168,0
1506773729,22576770,300.00,1.16536666,0
1506773725,22576766,300.00,1.64973332,0
1506773725,22576765,299.99,0.22483334,0
1506773721,22576754,299.99,0.38516666,0
1506773719,22576750,300.00,2.50770000,0
1506773718,22576749,300.00,4.50020000,0
1506773710,22576738,300.00,1.77650000,0
1506773709,22576737,299.99,0.73000000,0
1506773697,22576725,299.99,0.50000000,0
1506773683,22576719,299.99,0.36346667,0
1506773654,22576713,299.99,0.95616000,0
1506773612,22576699,299.99,0.14803333,0
1506773611,22576697,299.99,0.00037004,0
1506773576,22576689,299.99,0.51690000,0
1506773575,22576688,299.99,0.31396666,0
1506773573,22576678,300.00,0.32726134,0
1506773573,22576677,300.00,1.66796666,0
1506773569,22576674,300.00,0.32726034,0
1506773569,22576673,300.00,1.66676666,0
1506773567,22576667,300.00,2.63056665,0
1506773567,22576666,299.99,1.06270001,0
1506773567,22576664,299.99,0.32729999,0
1506773559,22576656,299.99,0.05362381,1
1506773559,22576655,299.99,0.14410480,1
1506773559,22576654,299.99,0.18617205,1
1506773548,22576639,299.99,0.48548367,1
1506773547,22576638,299.99,0.19997333,1
1506773547,22576637,299.99,0.96454300,1
1506773545,22576631,300.00,0.74246666,0
1506773541,22576612,300.00,0.74232834,0
1506773541,22576610,300.00,2.24584635,0
1506773540,22576609,299.99,0.96454865,0
1506773538,22576594,299.99,0.12412800,0
1506773534,22576575,299.99,0.20480682,1
1506773534,22576574,299.99,0.32207739,1
1506773534,22576572,299.99,0.34443914,1
1506773527,22576550,300.00,0.12413333,0
1506773526,22576545,300.00,2.48823333,0
1506773525,22576543,299.99,0.00000568,0
1506773525,22576541,299.99,2.32999432,0
1506773491,22576523,299.99,0.22134071,0
1506773491,22576521,299.99,0.12210408,0
1506773490,22576519,299.99,0.20000666,0
1506773453,22576510,299.99,0.54335144,0
1506773451,22576506,299.99,0.54435147,0
1506773449,22576499,299.99,0.54405146,0
1506773416,22576489,299.99,1.02000000,0
1506773409,22576483,299.99,0.54385146,0
1506773343,22576469,299.99,0.54335144,0
1506773340,22576466,299.99,0.54291809,0
1506773336,22576465,299.99,0.42337725,0
1506773314,22576458,299.99,1.20670689,0
1506773300,22576446,300.00,1.20496666,0
1506773298,22576444,300.00,17.26586000,0
1506773298,22576442,299.99,2.88000000,0
1506773278,22576400,300.00,1.20333333,0
1506773276,22576393,300.00,18.54077486,0
1506773276,22576392,299.99,0.85046822,0
1506773276,22576391,299.99,0.72727692,0
1506773275,22576389,299.99,1.20334011,0
1506773275,22576388,299.99,0.14393813,0
1506773273,22576381,299.99,1.34544484,0
1506773261,22576371,299.99,0.67410000,0
1506773257,22576361,299.99,0.66952231,1
1506773257,22576360,300.00,0.11636667,0
1506773256,22576355,300.00,1.27262637,0
1506773255,22576352,300.00,0.58096666,0
1506773254,22576348,300.00,20.09122000,0
1506773253,22576347,300.00,0.02134388,0
1506773253,22576346,299.99,0.51182278,0
1506773253,22576343,299.99,0.82999433,0
1506773250,22576334,299.99,2.06993333,0
1506773250,22576332,299.99,0.77073333,0
1506773250,22576331,299.99,0.13751623,0
1506773249,22576330,299.70,0.24407722,0
1506773247,22576320,299.70,0.20010000,0
1506773245,22576313,299.70,1.00170170,0
1506773245,22576310,299.70,0.38160000,0
1506773239,22576296,299.70,0.38165510,0
1506773236,22576292,299.70,0.38165510,0
1506773231,22576283,299.70,0.38168767,0
1506773230,22576281,299.70,20.07650000,0
1506773227,22576278,299.70,0.38168767,0
1506773225,22576276,299.70,3.18565232,0
1506773224,22576274,299.70,0.97187187,0
1506773222,22576267,299.70,1.40070070,0
1506773221,22576265,299.70,0.18212193,0
1506773219,22576262,299.68,0.26600000,0
1506773217,22576260,299.69,0.32000000,0
1506773213,22576248,299.69,0.15836690,1
1506773212,22576244,299.70,0.72459211,0
1506773212,22576243,299.69,3.29953201,0
1506773209,22576234,299.70,3.01172336,0
1506773208,22576233,299.69,0.95827503,0
1506773208,22576232,299.69,0.38172497,0
1506773208,22576231,299.70,10.04772991,0
1506773207,22576230,299.69,9.99793009,0
1506773206,22576229,299.70,3.29953201,0
1506773206,22576228,299.94,6.68000000,1
1506773206,22576227,299.95,1.99994275,1
1506773206,22576226,300.06,0.06546858,1
1506773201,22576224,300.00,0.05400000,0
1506773201,22576223,300.02,0.26600000,1
1506773088,22576166,300.95,3.29953201,0
1506773085,22576161,299.28,1.33687449,1
1506773080,22576148,299.93,0.08923622,0
1506773080,22576147,299.86,3.10671553,0
1506773079,22576146,299.86,0.38192599,1
1506773079,22576145,299.88,2.00135848,1
1506773078,22576142,299.88,2.00080032,0
1506773076,22576137,299.26,0.26600000,1
1506773076,22576136,298.58,9.88784453,0
1506773076,22576135,298.58,3.87453300,0
1506773076,22576134,298.58,4.52365300,0
1506773075,22576133,298.84,0.10000000,1
1506773075,22576132,298.84,0.10000000,1
1506773075,22576131,298.98,0.05000000,1
1506773074,22576130,299.00,0.85046822,1
1506773074,22576129,299.00,10.12043478,1
1506773074,22576128,299.04,5.50000000,1
1506773074,22576126,299.04,12.39199700,0
1506773074,22576125,299.04,0.08923622,0
1506773073,22576123,299.10,1.27673691,1
1506773073,22576122,299.10,2.09338194,1
1506773073,22576121,299.10,1.62988115,1
1506773073,22576120,299.24,0.10000000,1
1506773072,22576119,299.24,0.10000000,1
1506773072,22576118,299.33,0.05000000,1
1506773072,22576117,299.43,0.04415055,1
1506773072,22576116,299.43,0.38191885,0
1506773071,22576114,299.59,0.10000000,1
1506773071,22576113,299.59,0.10000000,1
1506773071,22576112,299.63,0.05000000,1
1506773070,22576111,299.88,0.05000000,1
1506773070,22576110,299.89,0.10000000,1
1506773070,22576109,299.89,0.10000000,1
1506773070,22576108,300.04,0.04406079,1
1506773069,22576107,300.08,0.05000000,1
1506773069,22576106,300.13,0.27494019,1
1506773069,22576105,300.14,0.10000000,1
1506773068,22576104,300.14,0.10000000,1
1506773068,22576103,300.15,5.56000000,1
1506773068,22576102,300.23,0.05000000,1
1506773066,22576101,300.34,0.15676287,1
1506772936,22576062,301.24,0.07266631,0
1506772936,22576061,300.83,0.04522193,0
1506772936,22576060,300.82,0.59906256,0
1506772934,22576059,300.39,1.27673691,0
1506772890,22576056,300.39,2.09338194,0
1506772881,22576052,300.39,1.62988115,0
1506772801,22576019,300.34,0.10000000,1
1506772801,22576018,300.34,0.06096419,1
1506772801,22576016,300.37,0.26600000,1
1506772742,22575963,300.34,0.03903581,1
1506772742,22575962,300.41,0.01804619,1
1506772731,22575943,300.41,0.03549400,1
1506772680,22575897,300.41,0.22093175,1
1506772680,22575896,300.47,0.00000025,1
1506772660,22575870,300.47,1.99999975,1
1506772660,22575869,300.49,0.10000000,1
1506772660,22575868,300.49,0.01592508,1
1506772660,22575867,300.56,0.07027817,1
1506772555,22575809,300.84,0.24507573,0
1506772552,22575807,300.84,0.45572497,1
1506772552,22575806,300.84,0.14444967,1
1506772245,22575745,300.84,0.00000100,0
1506772231,22575738,300.84,0.45572397,0
1506772227,22575735,300.84,0.59902273,1
1506772008,22575672,301.49,0.11528000,1
1506772008,22575671,301.46,1.29000000,0
1506771997,22575660,300.56,0.20421837,0
1506771994,22575657,300.49,0.08407492,1
1506771994,22575656,300.49,0.27457500,1
1506771994,22575655,300.55,0.84525037,1
1506771989,22575639,301.53,2.99519321,1
1506771985,22575630,301.53,0.49991709,1
1506771982,22575626,301.97,2.13939406,0
1506771982,22575625,301.97,1.85249781,0
1506771968,22575604,301.51,0.31300000,0
1506771968,22575602,301.51,0.20017241,0
1506771915,22575492,301.62,0.00019313,0
1506771915,22575491,301.61,0.32157115,0
1506771913,22575488,301.71,0.00002885,1
1506771913,22575486,301.71,0.32160000,1
1506771911,22575481,301.72,2.45442795,1
1506771911,22575480,301.73,4.77440095,0
1506771909,22575470,301.73,0.65587000,1
1506771908,22575468,301.73,5.00000000,1
1506771908,22575465,301.73,0.60000000,0
1506771908,22575464,301.71,13.23200000,0
1506771878,22575429,301.04,0.30000000,1
1506771873,22575427,301.04,0.30000000,1
1506771842,22575386,301.41,0.10000000,1
1506771822,22575382,301.41,1.39499701,0
1506771822,22575381,301.41,0.92923303,0
1506771822,22575380,301.40,0.09900000,0
1506771821,22575375,301.41,1.43836147,0
1506771821,22575374,301.40,3.49525055,0
1506771755,22575328,301.04,2.27689565,1
1506771678,22575299,301.04,1.21835490,1
1506771678,22575297,301.44,0.03000000,1
1506771671,22575295,301.80,3.30914513,0
1506771667,22575292,301.44,0.02000000,1
1506771633,22575267,301.58,0.40195636,1
1506771589,22575242,301.58,0.10000000,1
1506771571,22575214,302.00,0.09020824,1
1506771566,22575209,302.10,12.28438936,1
1506771566,22575208,302.11,1.87742645,1
1506771566,22575207,302.16,0.58909187,1
1506771494,22575179,302.10,5.00000000,1
1506771493,22575178,302.00,18.00000000,0
1506771492,22575177,301.99,9.40000000,0
1506771492,22575176,301.99,1.83000000,0
1506771492,22575175,301.96,3.48561064,0
1506771492,22575174,301.90,5.00000000,0
1506771416,22575161,302.00,0.20245033,0
1506771238,22575080,302.01,1.87765570,0
1506771142,22575068,302.19,0.38390066,0
1506771120,22575063,302.00,1.86817000,1
1506771117,22575058,302.00,0.38029437,1
1506770979,22575007,302.16,1.85025481,0
1506770876,22574964,301.95,0.11997483,0
1506770872,22574958,301.72,2.73935346,1
1506770871,22574957,301.72,2.94305979,1
1506770871,22574956,301.84,0.52237575,1
1506770849,22574951,301.75,2.47165700,1
1506770830,22574947,301.75,0.05000000,1
1506770824,22574944,301.98,0.19999214,0
1506770822,22574942,301.75,0.84185798,1
1506770810,22574939,301.75,0.20155400,1
1506770772,22574930,301.73,0.05000000,0
1506770642,22574887,301.72,1.64752088,0
1506770625,22574882,301.74,0.93409866,1
1506770619,22574880,301.73,0.26430000,0
1506770514,22574817,301.67,4.59578347,0
1506770441,22574795,301.95,1.11304458,0
1506770427,22574781,302.06,1.00573268,0
1506770402,22574776,302.05,1.01931000,0
1506770402,22574775,302.04,0.04813818,0
1506770375,22574765,302.19,0.27313212,0
1506770370,22574763,301.13,0.10181951,0
1506770370,22574762,300.63,0.00000049,0
1506770370,22574761,300.63,4.74818000,0
1506770367,22574758,300.63,0.10181951,0
1506770366,22574757,300.63,0.10000000,1
1506770360,22574751,301.99,0.27334771,0
1506770358,22574749,302.01,0.00000349,0
1506770358,22574748,300.63,0.10000000,0
1506770358,22574747,300.61,0.10000000,0
1506770358,22574746,300.46,0.00198651,0
1506770356,22574745,300.46,0.09801349,0
1506770356,22574742,300.40,4.36000000,1
1506770328,22574734,302.16,0.10000000,1
1506770321,22574730,302.18,0.10000000,1
1506770319,22574728,302.19,0.10000000,0
1506770304,22574715,302.21,0.27289540,0
1506770302,22574714,302.22,0.00315777,1
1506770302,22574709,302.22,0.27000000,1
1506770289,22574707,301.61,4.78284983,0
1506770278,22574699,299.68,0.11037035,1
1506770276,22574691,301.00,0.29961000,1
1506770276,22574690,301.08,0.17228976,1
1506770275,22574689,301.08,0.10183645,0
1506770273,22574678,298.28,37.04655467,1
1506770273,22574677,298.29,50.00000000,1
1506770272,22574676,298.30,0.10033523,1
1506770272,22574675,299.65,0.05339563,1
1506770272,22574674,299.87,5.00000000,1
1506770271,22574673,299.95,5.50000000,1
1506770271,22574672,299.96,1.29000000,1
1506770271,22574671,300.10,0.84185798,1
1506770271,22574670,300.16,4.84000000,0
1506770270,22574668,300.54,6.43000000,1
1506770270,22574667,300.54,0.10183645,0
1506770270,22574666,300.56,1.99628162,1
1506770269,22574665,300.58,10.25000000,0
1506770269,22574664,300.58,12.34491571,0
1506770269,22574663,300.58,6.68000000,0
1506770269,22574662,301.50,2.74323833,1
1506770269,22574661,301.51,0.39980009,1
1506770268,22574660,301.52,0.26430000,1
1506770268,22574659,301.53,0.27324676,0
1506770266,22574657,301.65,0.05327366,1
1506770258,22574655,302.05,0.95983651,1
1506770258,22574654,302.05,0.13624029,1
1506770258,22574653,302.21,0.93309288,1
1506770251,22574644,302.21,0.41964976,1
1506770250,22574643,302.21,1.89093676,1
1506770203,22574627,302.23,3.14561064,1
1506770066,22574564,302.23,0.34000000,1
1506769925,22574533,302.57,1.86836104,0
1506769910,22574528,302.24,0.83587187,0
1506769899,22574507,302.39,0.54093781,0
1506769899,22574506,302.38,1.42000000,0
1506769853,22574480,302.41,0.32240473,0
1506769834,22574459,302.25,0.32274587,1
1506769834,22574458,302.25,4.24238213,1
1506769740,22574425,302.58,0.21462678,0
1506769740,22574424,302.57,0.72000000,0
1506769559,22574360,302.55,1.09425971,0
1506769544,22574357,302.42,1.17794783,0
1506769543,22574356,302.42,1.00582841,0
1506769543,22574355,302.25,2.39397459,0
1506769521,22574345,302.25,0.66507857,0
1506769520,22574344,302.25,1.06630272,0
1506769517,22574339,302.25,0.87469199,0
1506769516,22574337,302.25,6.29677420,0
1506769516,22574335,302.25,0.89990822,0
1506769515,22574334,302.24,0.01638623,0
1506769515,22574331,302.24,0.15004632,0
1506769477,22574313,302.25,0.49998345,0
1506769477,22574311,302.25,0.49588089,0
1506769468,22574303,302.25,1.02631666,0
1506769468,22574302,302.24,1.98517734,0
1506769454,22574290,302.21,7.69549233,1
1506769435,22574278,302.21,1.70318846,1
1506769435,22574276,302.22,1.98495399,1
1506769434,22574275,302.23,0.19999500,1
1506769434,22574274,302.25,0.68682900,0
1506769418,22574271,302.25,1.09425971,1
1506769389,22574265,302.42,0.83586827,0
1506769373,22574257,302.42,0.07989876,1
1506769367,22574256,302.45,2.93347000,0
1506769359,22574250,302.45,1.37103767,0
1506769336,22574238,302.42,0.05000000,1
1506769326,22574235,302.56,3.05036101,0
1506769324,22574233,302.42,0.07005122,1
1506769322,22574231,302.50,0.09994878,1
1506769317,22574225,302.56,2.06150154,1
1506769276,22574201,302.58,1.36978410,0
1506769275,22574199,302.58,2.02674532,0
1506769273,22574195,302.58,1.36908048,0
1506769272,22574192,302.57,1.06946526,1
1506769272,22574191,302.57,2.04529106,1
1506769270,22574190,302.57,0.85000000,1
1506769265,22574185,302.57,1.07000000,0
1506769256,22574183,302.57,0.27235127,0
1506769247,22574168,302.50,0.00014993,0
1506769246,22574166,302.50,0.29985007,0
1506769242,22574156,302.42,0.10000000,0
1506769242,22574155,302.42,0.10000000,0
1506769242,22574154,302.42,0.00004998,0
1506769241,22574152,302.42,0.09995002,0
1506769241,22574151,302.41,0.00004998,0
1506769239,22574146,302.41,0.09995002,0
1506769226,22574136,302.23,0.10000000,0
1506769226,22574134,302.23,0.10000000,0
1506769226,22574133,302.23,0.10000000,0
1506769226,22574132,302.22,11.29144354,0
1506769225,22574131,302.21,1.86719713,0
1506769211,22574076,302.20,0.27280287,0
1506769184,22574049,302.10,0.10000000,1
1506769183,22574047,302.10,0.10000000,1
1506769182,22574043,302.10,0.10000000,1
1506769180,22574042,302.10,0.10000000,1
1506769169,22574032,302.09,2.14000000,1
1506769150,22574008,302.07,0.00000360,1
1506769149,22574007,302.46,0.00000040,1
1506769149,22574006,302.48,0.01763600,1
1506769114,22573980,302.48,0.31188000,1
1506769111,22573978,302.58,0.08356745,1
1506769024,22573922,302.64,0.09075292,0
1506769018,22573914,302.58,0.08504002,0
1506769018,22573913,302.57,0.27417771,0
1506769011,22573896,302.55,4.86561514,0
1506769010,22573894,302.55,0.13438486,1
1506769009,22573893,302.55,0.13826202,0
1506769007,22573890,302.55,0.26173798,0
1506769007,22573889,302.55,0.10000000,0
1506769006,22573888,302.55,0.10000000,0
1506769006,22573886,302.55,0.27434087,0
1506768996,22573875,302.48,0.10000000,0
1506768821,22573813,302.46,2.28614700,1
1506768817,22573811,302.46,0.02443912,0
1506768796,22573805,302.46,0.02290000,0
1506768786,22573799,302.38,0.35124200,1
1506768786,22573798,302.38,0.27398970,0
1506768784,22573797,302.12,0.40000000,1
1506768540,22573709,302.38,3.20282426,1
1506768538,22573708,302.33,0.10000000,0
1506768459,22573607,302.17,1.76609127,0
1506768459,22573606,302.16,1.06000000,0
1506768459,22573604,302.16,0.36583268,0
1506768458,22573601,302.16,4.63416732,0
1506768425,22573593,302.19,3.30487442,0
1506768362,22573572,302.32,0.46955431,0
1506768362,22573570,302.30,0.07871673,0
1506768350,22573563,302.30,0.02128327,0
1506768348,22573562,302.30,0.10000000,0
1506768348,22573561,302.10,0.10000000,0
1506768348,22573560,302.10,0.10000000,0
