date,tid,price,amount,type
1506814613,22597202,1.18155,289.17947,1
1506814611,22597200,1.18155,110.12999,1
1506814466,22597174,1.18155,70.00000,1
1506814097,22597082,1.18155,65.64829,1
1506811530,22596659,1.18156,60.00000,1
1506811525,22596647,1.18155,116.95572,1
1506811521,22596642,1.18155,116.95572,1
1506809679,22595893,1.18155,80.00000,1
1506808752,22595323,1.18154,2.87686,1
1506808752,22595322,1.18155,547.87053,1
1506808209,22595149,1.18155,425.40958,1
1506807797,22594958,1.18155,79.76000,1
1506807787,22594944,1.18154,2185.73050,1
1506807787,22594943,1.18155,721.43310,1
1506807787,22594942,1.18156,170.00000,1
1506807783,22594941,1.18156,84.98584,1
1506807783,22594937,1.18155,164.47000,1
1506807742,22594907,1.18156,109.21242,1
1506807742,22594906,1.18200,0.00760,1
1506807696,22594880,1.18200,432.98647,1
1506807694,22594875,1.18500,0.52056,0
1506807693,22594873,1.18200,79.81388,1
1506807314,22594724,1.18500,495.56777,0
1506807299,22594698,1.18200,27.36887,1
1506807293,22594690,1.18200,362.41201,1
1506807290,22594685,1.18500,32.32067,0
1506807289,22594683,1.18200,32.47039,1
1506807281,22594673,1.18200,32.47039,1
1506807266,22594659,1.18500,32.32067,0
1506807265,22594657,1.18200,32.47039,1
1506807243,22594631,1.18155,54.80000,1
1506807239,22594611,1.18155,442.27500,1
1506807234,22594606,1.18155,364.47443,1
1506807232,22594601,1.18155,79.76000,1
1506807003,22594407,1.18155,44.63978,1
1506807003,22594406,1.18200,696.62954,1
1506806997,22594391,1.18200,379.01862,1
1506806982,22594376,1.18500,34.68354,0
1506806928,22594310,1.18200,699.62613,1
1506806924,22594308,1.18500,404.58679,0
1506806707,22594189,1.18201,411.70238,1
1506805463,22593445,1.18200,224.72571,1
1506803879,22592842,1.18500,302.49577,1
1506803878,22592841,1.18500,416.98000,1
1506803815,22592818,1.18500,54.53000,1
1506803693,22592791,1.18500,23.30499,1
1506803675,22592783,1.18500,23.96999,1
1506803616,22592755,1.18500,46.61000,1
1506803556,22592722,1.18500,46.61000,1
1506803550,22592716,1.18500,38.38998,1
1506803550,22592715,1.18500,605.30002,1
1506803539,22592702,1.18500,643.83000,1
1506803537,22592697,1.18500,196.92000,1
1506803537,22592696,1.18500,38.39000,1
1506803526,22592684,1.18500,617.50312,1
1506803526,22592683,1.18500,26.01688,1
1506803516,22592676,1.18500,132.45110,1
1506803516,22592675,1.18500,235.55890,1
1506803515,22592674,1.18500,275.51000,1
1506803505,22592662,1.18500,275.51000,1
1506803504,22592661,1.18500,82.59000,1
1506803502,22592658,1.18500,109.01659,1
1506803502,22592657,1.18500,285.28999,1
1506803502,22592656,1.18500,275.45001,1
1506803476,22592631,1.18500,82.54000,1
1506803474,22592625,1.18500,26.02000,1
1506803469,22592610,1.18500,91.13000,1
1506803469,22592609,1.18500,652.99109,1
1506803469,22592608,1.18500,596.50891,1
1506803462,22592595,1.18500,82.42000,1
1506803460,22592586,1.18500,487.68146,1
1506803460,22592583,1.18500,284.19854,1
1506803460,22592580,1.18500,198.92000,1
1506803456,22592571,1.18500,657.93000,1
1506803454,22592566,1.18500,137.11000,1
1506803453,22592564,1.18500,30.09218,1
1506803451,22592558,1.18500,175.52000,1
1506803448,22592528,1.18500,30.09218,1
1506803441,22592512,1.18500,885.08011,1
1506803440,22592508,1.18500,72.82901,1
1506803439,22592502,1.18500,82.46000,1
1506803434,22592488,1.18500,2923.80174,1
1506803425,22592447,1.18500,335.86750,1
1506803383,22592415,1.18500,256.39000,1
1506803373,22592408,1.18500,3591.17391,1
1506803324,22592390,1.18500,41.01000,1
1506803195,22592344,1.18500,846.25702,1
1506803150,22592312,1.18500,51.35000,1
1506803133,22592296,1.18500,79.85000,1
1506803129,22592294,1.18500,14.55000,1
1506803129,22592293,1.18500,131.19000,1
1506803127,22592285,1.18500,1417.24000,1
1506803127,22592282,1.18500,116.09487,1
1506803127,22592281,1.18500,965.72832,1
1506803126,22592279,1.18500,261.47681,1
1506803016,22592239,1.18500,67.65000,1
1506802875,22592161,1.18500,131.22000,1
1506802791,22592138,1.18500,51.28000,1
1506802785,22592130,1.18500,1478.61897,1
1506802785,22592129,1.18500,990.36103,1
1506802774,22592115,1.18500,69.10000,1
1506802769,22592104,1.18500,1692.36912,1
1506802763,22592088,1.18500,69.39000,1
1506802758,22592078,1.18500,89.86000,1
1506802747,22592065,1.18500,1096.13388,1
1506802746,22592059,1.18500,309.88275,1
1506802745,22592055,1.18500,1684.57000,1
1506802743,22592036,1.18500,2018.64408,1
1506802743,22592032,1.18500,1992.34600,1
1506802742,22592031,1.18500,751.68992,1
1506802742,22592026,1.18500,384.79339,1
1506802741,22592023,1.18500,313.80726,1
1506802739,22592012,1.18500,1992.35333,1
1506802739,22592010,1.18500,4286.66667,1
1506802738,22592005,1.18500,123.23672,1
1506802738,22591998,1.18500,123.31000,1
1506802737,22591995,1.18500,51.30000,1
1506802736,22591990,1.18500,1935.45000,1
1506802735,22591981,1.18500,614.37416,1
1506802681,22591922,1.18500,77.32997,1
1506802681,22591921,1.18500,51.29999,1
1506802633,22591889,1.18500,51.30000,1
1506802633,22591888,1.18500,51.25073,1
1506802630,22591881,1.18500,303.32000,1
1506802629,22591875,1.18500,10.25054,1
1506798762,22590328,1.18153,50.00000,1
1506798012,22590011,1.18190,216.27000,0
1506797884,22589957,1.18190,55.31797,0
1506797838,22589914,1.18175,1058.45823,1
1506797837,22589910,1.18175,94.71491,1
1506797731,22589874,1.18186,985.85158,1
1506797728,22589871,1.18153,4.59930,1
1506797727,22589869,1.18154,2597.43845,1
1506797727,22589868,1.18185,0.00820,1
1506797725,22589857,1.18185,99.87732,1
1506797724,22589849,1.18193,269.99290,1
1506797585,22589807,1.18197,62.21999,1
1506797581,22589802,1.18195,100.39465,1
1506797578,22589797,1.18194,85.21667,1
1506797578,22589795,1.18194,62.16302,1
1506797576,22589790,1.18194,255.65000,1
1506797576,22589785,1.18194,227.70171,1
1506797570,22589758,1.18193,680.00000,1
1506796023,22588958,1.18679,391.80402,1
1506796022,22588953,1.18677,0.33058,0
1506796021,22588952,1.18679,478.54716,1
1506796016,22588947,1.18681,1994.83664,0
1506796015,22588945,1.18681,478.51927,0
1506795475,22588655,1.18680,441.95000,0
1506795019,22588265,1.18254,113.61958,1
1506794197,22587949,1.18262,295.33578,1
1506793271,22587663,1.18253,50.00000,1
1506792855,22587517,1.18249,25.39382,1
1506792853,22587513,1.18248,25.39283,1
1506792843,22587492,1.18246,517.40000,1
1506792412,22587276,1.18696,58.86333,0
1506792408,22587258,1.18696,411.39701,0
1506792405,22587241,1.18692,476.14895,0
1506792287,22587149,1.18691,102.25800,0
1506792285,22587145,1.18692,102.51513,0
1506792016,22587026,1.18201,200.88690,1
1506791917,22587004,1.18201,427.09687,1
1506791912,22586994,1.18201,127.77640,1
1506791907,22586989,1.18204,140.33008,1
1506791891,22586973,1.18215,299.72889,1
1506791837,22586935,1.18300,113.11997,1
1506791812,22586904,1.18300,309.28162,1
1506791810,22586903,1.18300,309.01307,1
1506791746,22586888,1.18300,81.84999,1
1506791434,22586767,1.18300,129.33652,1
1506790840,22586529,1.18300,57.39883,1
1506790795,22586486,1.18201,444.49000,1
1506790793,22586475,1.18237,127.69152,0
1506790792,22586467,1.18239,0.00843,1
1506790791,22586465,1.18240,573.16000,1
1506790791,22586461,1.18240,16.84000,1
1506790790,22586450,1.18239,1999.99157,1
1506790459,22586316,1.18206,94.90213,1
1506790128,22585994,1.18210,78.90341,1
1506790099,22585858,1.18302,365.80315,1
1506788847,22585088,1.18265,60.00000,1
1506787255,22584110,1.18209,677.76999,1
1506787227,22584090,1.18307,72.57169,0
1506787227,22584089,1.18307,483.50999,0
1506787219,22584084,1.18209,38.84521,1
1506785964,22583462,1.18699,30.00000,1
1506785963,22583460,1.18699,40.00000,0
1506785956,22583454,1.18691,78.72562,1
1506785774,22583285,1.18700,278.01051,0
1506785764,22583243,1.18700,1725.31721,0
1506785763,22583230,1.18700,69.44000,0
1506785763,22583225,1.18700,400.04841,0
1506785763,22583222,1.18700,436.17049,0
1506785762,22583217,1.18700,65.03078,0
1506785757,22583183,1.18700,564.81948,0
1506785746,22583155,1.18700,486.93000,0
1506785743,22583152,1.18700,486.93000,0
1506785741,22583143,1.18700,486.93000,0
1506785740,22583137,1.18691,760.32272,0
1506785739,22583136,1.18691,486.93000,0
1506785736,22583110,1.18691,3265.81728,0
1506785735,22583104,1.18689,17.00065,0
1506785734,22583090,1.18691,486.93000,0
1506785733,22583082,1.18650,4705.12346,0
1506785731,22583065,1.18650,294.87654,0
1506785730,22583060,1.18649,410.47000,0
1506785730,22583057,1.18649,89.53000,0
1506783725,22581419,1.18649,919.17266,0
1506783698,22581399,1.18600,2.30840,0
1506783695,22581396,1.18600,1981.66637,0
1506783691,22581389,1.18599,449.32706,0
1506783006,22580834,1.18367,1000.00000,0
1506783005,22580832,1.18367,0.82524,0
1506782548,22580637,1.18205,28.45858,1
1506780863,22579884,1.18220,141.21976,1
1506780359,22579714,1.18216,418.00000,1
1506780006,22579585,1.18133,104.79055,1
1506779996,22579563,1.18291,125.31574,1
1506779596,22579434,1.18367,50.37034,0
1506779596,22579433,1.18269,0.25966,0
1506779545,22579411,1.18269,999.74034,0
1506779544,22579410,1.18269,522.49966,0
1506779544,22579409,1.18260,0.25000,0
1506779534,22579399,1.18260,49.75000,0
1506779324,22579283,1.18265,100.00000,1
1506778775,22579039,1.18134,206.15987,1
1506778763,22579033,1.18156,692.02000,1
1506778727,22578982,1.18147,344.02000,1
1506778708,22578969,1.18143,204.82000,1
1506778658,22578918,1.18151,102.83685,1
1506778658,22578917,1.18151,587.13315,1
1506778572,22578877,1.18138,2000.00000,1
1506778549,22578843,1.18132,1018.63000,1
1506778538,22578838,1.18136,473.80000,1
1506778537,22578837,1.18136,893.62999,1
1506778517,22578826,1.18169,393.61078,1
1506778470,22578798,1.18182,39.82496,1
1506778379,22578740,1.18160,51.00863,1
1506778369,22578728,1.18218,372.69171,1
1506778330,22578688,1.18209,485.07852,1
1506778244,22578649,1.18188,524.30532,1
1506778239,22578643,1.18187,486.91999,1
1506778113,22578604,1.18158,0.12249,1
1506778113,22578603,1.18159,69.72961,1
1506778110,22578602,1.18159,1930.27039,1
1506778106,22578596,1.18158,3.51413,1
1506778106,22578594,1.18161,2000.00000,1
1506778094,22578576,1.18161,59.11133,1
1506778082,22578559,1.18209,350.37462,1
1506777992,22578488,1.18187,70.00000,0
1506777866,22578461,1.18258,0.27045,0
1506777865,22578458,1.18260,425.87452,1
1506777601,22578386,1.18267,1562.04184,1
1506777527,22578373,1.18264,1551.42235,1
1506777360,22578254,1.18271,146.73043,1
1506777303,22578237,1.18329,84.15520,1
1506776715,22578062,1.18258,424.57881,0
1506776715,22578059,1.18257,1.29571,0
1506776709,22578051,1.18257,998.70429,0
1506776709,22578049,1.18257,597.29204,0
1506776703,22578043,1.18257,465.63153,0
1506776698,22578030,1.18238,1702.76054,1
1506776598,22577934,1.18160,27.65834,0
1506776597,22577933,1.18160,159.83410,0
1506776597,22577932,1.18160,727.42801,1
1506776596,22577931,1.18160,187.49472,1
1506776595,22577928,1.18176,59.10047,1
1506776595,22577926,1.18176,159.84259,1
1506776594,22577924,1.18176,1781.05694,1
1506776539,22577911,1.18160,1084.58584,1
1506776509,22577896,1.18159,509.91461,1
1506776491,22577891,1.18159,365.67676,1
1506776217,22577846,1.18159,508.99213,1
1506776154,22577823,1.18159,458.50930,1
1506776147,22577809,1.18159,84.38999,1
1506776114,22577800,1.18159,67.65461,1
1506776074,22577782,1.18182,516.17844,1
1506775977,22577762,1.18159,50.84999,1
1506775972,22577756,1.18172,102.66998,1
1506775915,22577743,1.18173,382.96664,1
1506775851,22577723,1.18224,195.30015,1
1506775727,22577686,1.18194,102.01967,1
1506775702,22577677,1.18188,891.32569,1
1506775646,22577665,1.18192,124.72000,1
1506775578,22577652,1.18184,226.74000,1
1506775576,22577651,1.18184,63.41534,1
1506775574,22577648,1.18183,1349.21267,1
1506775572,22577643,1.18183,63.38999,1
1506775538,22577636,1.18178,535.54941,1
1506775536,22577634,1.18178,162.28201,1
1506775522,22577626,1.18180,369.43999,0
1506775521,22577623,1.18180,659.34003,1
1506775521,22577620,1.18180,369.43999,1
1506775518,22577616,1.18180,971.21998,1
1506775496,22577590,1.18189,50.73999,1
1506775437,22577560,1.18199,53.90063,1
1506775337,22577522,1.18198,675.84042,1
1506775156,22577492,1.18137,979.54263,1
1506775120,22577471,1.18240,1271.81157,1
1506775119,22577470,1.18235,386.09549,0
1506775115,22577466,1.18238,233.27782,0
1506775115,22577465,1.18130,858.82842,0
1506775113,22577463,1.18235,213.59130,1
1506775113,22577462,1.18235,213.59130,1
1506775113,22577461,1.18235,213.59130,1
1506775113,22577460,1.18235,18.51021,1
1506775113,22577459,1.18235,195.08109,1
1506775113,22577458,1.18235,191.02109,1
1506775112,22577457,1.18238,1475.20000,1
1506775112,22577456,1.18238,233.28458,1
1506775112,22577454,1.18238,291.51542,1
1506775110,22577449,1.18237,1708.48458,1
1506775103,22577441,1.18235,22.57021,1
1506775103,22577440,1.18235,213.59130,1
1506775103,22577439,1.18235,213.59130,1
1506775103,22577438,1.18235,213.59130,1
1506775103,22577437,1.18235,213.59130,1
1506775103,22577436,1.18235,213.59130,1
1506775103,22577434,1.18235,213.59130,1
1506775103,22577433,1.18235,213.59130,1
1506775098,22577428,1.18148,1616.21539,1
1506775097,22577425,1.18147,383.78461,0
1506775019,22577413,1.18133,168.08642,1
1506775002,22577410,1.18152,137.34120,1
1506775000,22577405,1.18151,198.48330,1
1506775000,22577403,1.18151,184.74664,1
1506774995,22577397,1.18150,213.20356,1
1506774905,22577361,1.18180,304.02776,1
1506774811,22577337,1.18157,140.07999,1
1506774693,22577287,1.18167,34.07199,1
1506774531,22577215,1.18138,180.75540,1
1506774494,22577200,1.18168,54.47999,1
1506774329,22577157,1.18185,50.94600,1
1506774211,22577120,1.18156,25.45787,1
1506773999,22577056,1.18203,0.00002,0
1506773999,22577055,1.18203,185.26300,0
1506773920,22576995,1.18248,28.00530,1
1506773920,22576994,1.18248,32.95895,1
1506773885,22576984,1.18239,445.00571,1
1506773885,22576983,1.18239,257.03590,1
1506773885,22576982,1.18239,224.07414,1
1506773884,22576980,1.18239,32.96176,1
1506773884,22576978,1.18239,0.00005,1
1506773879,22576970,1.18240,138.05819,1
1506773878,22576968,1.18240,637.09890,1
1506773877,22576967,1.18203,256.98000,0
1506773876,22576966,1.18189,0.05585,0
1506773875,22576965,1.18191,52.97678,1
1506773870,22576959,1.18203,147.40789,1
1506773870,22576958,1.18203,722.42193,1
1506773866,22576954,1.18202,722.42193,1
1506773809,22576946,1.18251,939.06652,1
1506773809,22576945,1.18251,1257.66180,1
1506773809,22576944,1.18251,1257.66180,1
1506773809,22576943,1.18251,1257.66180,1
1506773809,22576942,1.18251,422.40844,1
1506773798,22576929,1.18251,503.21029,1
1506773797,22576928,1.18251,146.76971,1
1506773791,22576919,1.18251,52.86000,1
1506773791,22576917,1.18251,132.41336,1
1506773791,22576916,1.18251,327.12259,1
1506773790,22576914,1.18251,438.99961,1
1506773790,22576912,1.18251,64.22444,1
1506773788,22576901,1.18251,52.88000,1
1506773787,22576900,1.18251,52.89000,1
1506773786,22576892,1.18251,321.54516,1
1506773786,22576891,1.18251,1257.66180,1
1506773785,22576890,1.18251,1257.66180,1
1506773785,22576889,1.18251,1257.66180,1
1506773785,22576888,1.18251,1034.47283,1
1506773779,22576874,1.18251,106.08000,1
1506773778,22576872,1.18251,117.10897,1
1506773778,22576871,1.18251,439.00243,1
1506773778,22576870,1.18251,230.28860,1
1506773773,22576863,1.18251,134.16000,1
1506773772,22576859,1.18251,348.50000,1
1506773770,22576856,1.18251,105.71077,1
1506773769,22576854,1.18251,546.43923,1
1506773768,22576838,1.18251,281.09474,1
1506773767,22576837,1.18252,0.00104,1
1506773757,22576828,1.18252,122.10365,1
1506773756,22576827,1.18252,980.93795,1
1506773754,22576820,1.18252,38.05433,1
1506773754,22576819,1.18252,742.32994,1
1506773743,22576803,1.18252,116.57309,1
1506773739,22576793,1.18251,430.12783,1
1506773738,22576792,1.18192,52.97358,1
1506773738,22576790,1.18193,1257.66180,0
1506773731,22576776,1.18193,116.58203,1
1506773730,22576774,1.18193,113.45946,1
1506773730,22576773,1.18193,133.05851,1
1506773728,22576769,1.18192,343.45430,1
1506773722,22576762,1.18255,476.03740,1
1506773722,22576761,1.18255,161.06150,1
1506773722,22576760,1.18255,637.09890,1
1506773722,22576759,1.18255,48.56875,1
1506773720,22576753,1.18255,97.82000,1
1506773718,22576747,1.18255,490.71015,1
1506773717,22576745,1.18255,637.09890,1
1506773717,22576744,1.18255,637.09890,1
1506773709,22576735,1.18203,715.56320,1
1506773657,22576715,1.18210,393.99815,1
1506773653,22576711,1.18210,242.89824,1
1506773599,22576696,1.18197,50.00000,1
1506773575,22576687,1.18191,91.45936,1
1506773575,22576686,1.18252,39.87180,1
1506773575,22576685,1.18252,0.00710,1
1506773575,22576684,1.18252,39.86470,1
1506773574,22576683,1.18252,39.87180,1
1506773572,22576676,1.18255,506.67626,1
1506773568,22576669,1.18254,506.37611,1
1506773566,22576662,1.18254,1021.00564,1
1506773554,22576650,1.18192,83.16131,1
1506773547,22576635,1.18192,511.74146,1
1506773544,22576629,1.18192,188.65227,1
1506773543,22576626,1.18191,474.87348,1
1506773539,22576606,1.18191,736.38944,1
1506773539,22576604,1.18257,99.37310,1
1506773539,22576602,1.18257,99.37310,1
1506773539,22576600,1.18257,99.37310,1
1506773539,22576599,1.18257,26.26578,1
1506773538,22576596,1.18257,73.10732,1
1506773538,22576595,1.18257,99.37310,1
1506773538,22576592,1.18257,99.37310,1
1506773538,22576591,1.18257,99.37310,1
1506773538,22576590,1.18257,60.96557,1
1506773538,22576588,1.18257,38.40753,1
1506773537,22576586,1.18257,12.42158,1
1506773537,22576584,1.18257,86.95152,1
1506773537,22576581,1.18257,99.37310,1
1506773537,22576580,1.18257,67.84856,1
1506773533,22576568,1.18258,1477.12721,1
1506773531,22576561,1.18258,423.40149,1
1506773528,22576553,1.18258,99.47130,1
1506773527,22576548,1.18257,31.52454,1
1506773526,22576547,1.18257,0.00003,1
1506773525,22576542,1.18198,99.37307,0
1506773524,22576540,1.18192,1444.35327,1
1506773517,22576531,1.18198,631.80678,1
1506773491,22576520,1.18200,55.48000,1
1506773490,22576518,1.18200,31.78000,1
1506773489,22576515,1.18200,50.81000,1
1506773453,22576509,1.18201,138.32050,1
1506773450,22576505,1.18201,138.29950,1
1506773448,22576498,1.18200,138.22999,1
1506773408,22576482,1.18207,138.16558,1
1506773342,22576468,1.18193,138.05503,1
1506773334,22576462,1.18270,107.66000,1
1506773313,22576457,1.18267,306.39993,1
1506773309,22576454,1.18266,1077.87525,1
1506773309,22576453,1.18266,1334.96000,1
1506773309,22576452,1.18266,709.61488,1
1506773309,22576451,1.18268,2000.00000,1
1506773299,22576445,1.18269,305.97000,1
1506773287,22576412,1.18266,625.34512,1
1506773286,22576411,1.18266,1334.96000,1
1506773286,22576410,1.18266,526.17547,1
1506773286,22576409,1.18267,1313.32323,1
1506773286,22576408,1.18268,1315.73162,1
1506773278,22576399,1.18268,305.55838,1
1506773276,22576394,1.18268,36.59000,1
1506773275,22576387,1.18268,171.17902,1
1506773275,22576386,1.18268,32.84076,1
1506773274,22576385,1.18268,101.53998,1
1506773274,22576384,1.18268,36.56024,1
1506773272,22576380,1.18267,341.63000,1
1506773265,22576376,1.18266,808.78453,1
1506773264,22576375,1.18266,1334.96000,1
1506773264,22576374,1.18266,62.05000,1
1506773264,22576373,1.18267,1397.56016,1
1506773264,22576372,1.18268,1505.24000,1
1506773261,22576370,1.18268,171.18000,1
1506773259,22576364,1.18268,50.86000,1
1506773257,22576362,1.18268,101.55000,1
1506773257,22576358,1.18268,171.17000,1
1506773255,22576353,1.18267,17.59786,1
1506773255,22576351,1.18267,305.56214,1
1506773253,22576344,1.18267,318.22134,1
1506773252,22576342,1.18267,305.55866,1
1506773251,22576337,1.18267,118.23000,1
1506773250,22576333,1.18267,97.04000,1
1506773248,22576325,1.18267,31.09067,1
1506773247,22576324,1.18267,195.82533,1
1506773246,22576314,1.18266,97.04000,1
1506773245,22576312,1.18266,1006.32980,1
1506773244,22576309,1.18200,169.54020,0
1506773244,22576307,1.18200,50.85000,0
1506773243,22576306,1.18200,50.85000,0
1506773243,22576305,1.18200,50.85000,0
1506773243,22576304,1.18200,50.85000,0
1506773243,22576303,1.18200,50.85000,0
1506773243,22576302,1.18200,50.85000,0
1506773240,22576299,1.18191,3644.30094,1
1506773240,22576298,1.18200,1460.55128,1
1506773239,22576297,1.18200,97.04000,1
1506773236,22576293,1.18200,97.05000,1
1506773230,22576280,1.18200,97.06000,1
1506773226,22576277,1.18200,97.06000,1
1506773224,22576272,1.18200,1164.04380,1
1506773224,22576271,1.18200,246.67620,1
1506773222,22576266,1.18200,46.31000,1
1506773221,22576264,1.18200,355.52000,1
1506773219,22576261,1.18200,377.72767,1
1506773217,22576259,1.18200,3135.88676,1
1506773217,22576258,1.18201,1959.74000,1
1506773216,22576254,1.18201,40.26000,1
1506773211,22576240,1.18290,1009.64999,1
1506773210,22576238,1.18290,97.08000,1
1506773108,22576192,1.18266,489.52852,1
1506773108,22576191,1.18266,21.99148,1
1506773103,22576187,1.18264,141.17490,1
1506773103,22576186,1.18264,91.14510,1
1506773101,22576183,1.18229,213.69490,0
1506773101,22576182,1.18229,30.38170,0
1506773101,22576181,1.18229,30.38168,0
1506773101,22576179,1.18229,0.00002,0
1506773100,22576178,1.18229,30.38170,0
1506773083,22576155,1.18200,2809.54049,1
1506773083,22576154,1.18229,2280.90644,1
1506773081,22576149,1.18229,97.17000,1
1506773074,22576127,1.18229,97.16000,1
1506772991,22576081,1.18229,869.43365,1
1506772991,22576080,1.18229,200.08635,1
1506772881,22576050,1.18229,454.40000,1
1506772786,22576012,1.18229,39.89000,1
1506772767,22575996,1.18229,2.18720,1
1506772767,22575995,1.18230,2000.00000,1
1506772764,22575992,1.18229,691.86636,1
1506772763,22575990,1.18231,1310.32000,1
1506772761,22575988,1.18231,689.68000,1
1506772754,22575976,1.18237,1998.14132,1
1506772751,22575974,1.18234,1.85868,0
1506772750,22575972,1.18236,2000.00000,1
1506772739,22575954,1.18229,266.90000,1
1506772718,22575925,1.18241,50.92200,1
1506772718,22575924,1.18238,1.94283,0
1506772717,22575921,1.18240,2000.00000,1
1506772670,22575885,1.18242,909.17702,1
1506772670,22575884,1.18242,379.75302,1
1506772667,22575882,1.18241,1090.81999,1
1506772662,22575873,1.18240,721.02305,1
1506772614,22575850,1.18291,454.32996,1
1506772558,22575811,1.18291,50.93999,1
1506772491,22575793,1.18291,89.69999,1
1506772244,22575744,1.18291,799.86232,1
1506772231,22575737,1.18291,116.01898,1
1506772002,22575665,1.18291,357.52319,1
1506771979,22575623,1.18291,305.97425,1
1506771918,22575500,1.18291,51.09434,1
1506771914,22575489,1.18291,82.33049,1
1506771913,22575487,1.18291,106.20420,1
1506771910,22575476,1.18291,82.29583,1
1506771910,22575474,1.18291,1845.72792,1
1506771823,22575383,1.18292,123.54001,1
1506771822,22575379,1.18292,338.90038,1
1506771821,22575378,1.18292,279.19962,1
1506771820,22575373,1.18292,1258.35999,1
1506771605,22575253,1.18294,1020.12782,1
1506771594,22575245,1.18293,277.21844,1
1506771585,22575237,1.18293,414.58075,1
1506771584,22575230,1.18293,691.77382,1
1506771577,22575216,1.18291,150.01987,1
1506771567,22575210,1.18295,150.01000,0
1506771545,22575195,1.18298,336.58999,1
1506771361,22575125,1.18318,292.86331,1
1506771248,22575092,1.18293,211.10775,1
1506771247,22575091,1.18293,46.93431,1
1506771246,22575088,1.18292,691.94874,0
1506771240,22575083,1.18319,899.00186,1
1506771238,22575078,1.18319,691.74858,1
1506771118,22575059,1.18323,97.31000,1
1506771114,22575056,1.18322,477.30386,1
1506770979,22575006,1.18327,338.80001,1
1506770874,22574960,1.18302,133.41999,1
1506770824,22574945,1.18334,51.09999,1
1506770643,22574889,1.18296,755.42491,0
1506770641,22574885,1.18296,416.60966,1
1506770618,22574879,1.18302,1719.74034,1
1506770572,22574842,1.18316,2000.00000,1
1506770514,22574815,1.18302,12.47359,1
1506770466,22574804,1.18303,25.76641,1
1506770464,22574801,1.18302,12.49358,0
1506770434,22574790,1.18305,1877.60974,1
1506770434,22574788,1.18305,122.39026,1
1506770369,22574759,1.18294,25.38590,0
1506770356,22574743,1.18294,24.87952,1
1506770342,22574736,1.18305,127.55999,1
1506770282,22574706,1.18292,434.37000,1
1506770278,22574700,1.18292,505.90000,1
1506770275,22574688,1.18303,505.90000,1
1506770274,22574683,1.18303,76.40281,1
1506770274,22574679,1.18303,256.46183,1
1506769944,22574537,1.18313,50.00000,1
1506769853,22574477,1.18303,426.61860,1
1506769852,22574476,1.18303,302.01889,1
1506769741,22574426,1.18344,82.51369,1
1506769520,22574342,1.18359,170.01871,1
1506769519,22574341,1.18359,63.19129,1
1506769517,22574340,1.18359,160.48869,1
1506769515,22574332,1.18357,214.04132,1
1506769515,22574330,1.18358,1668.21124,1
1506769477,22574312,1.18340,127.83614,1
1506769476,22574310,1.18340,126.78723,1
1506769471,22574304,1.18337,273.78524,0
1506769433,22574273,1.18319,175.63537,1
1506769362,22574252,1.18334,750.51620,1
1506769359,22574251,1.18335,350.98838,1
1506769277,22574203,1.18334,350.66746,1
1506769274,22574197,1.18335,518.75608,1
1506769273,22574194,1.18335,350.48733,1
1506769264,22574184,1.18339,1014.87253,1
1506769253,22574181,1.18336,527.91335,1
1506769247,22574167,1.18334,76.77420,1
1506769246,22574165,1.18334,25.63999,1
1506769245,22574164,1.18334,25.62240,1
1506769241,22574153,1.18369,25.62000,1
1506769240,22574149,1.18369,25.59040,1
1506769040,22573939,1.18317,483.98331,1
1506768459,22573605,1.18358,815.72856,1
1506768458,22573602,1.18358,1184.26300,1
1506768246,22573473,1.18304,700.32777,0
1506768202,22573429,1.18292,82.50770,1
1506768196,22573421,1.18292,878.08801,1
1506768193,22573410,1.18292,133.34444,1
1506768186,22573395,1.18292,102.14982,1
1506768185,22573389,1.18292,97.27000,1
1506768184,22573371,1.18292,204.17274,1
1506768180,22573353,1.18306,724.52791,1
1506768179,22573349,1.18306,1275.47209,1
1506768115,22573280,1.18310,97.49000,1
1506768113,22573274,1.18310,10.22811,1
1506768113,22573271,1.18307,127.30266,0
1506768070,22573238,1.18299,9.64045,0
1506767828,22573137,1.18302,2000.00000,1
1506767137,22572798,1.18339,599.32567,1
1506767135,22572787,1.18338,1400.66589,1
1506767126,22572775,1.18336,66.41259,1
1506766547,22572508,1.18427,133.37360,0
1506766348,22572406,1.18303,1490.01171,1
1506766291,22572371,1.18389,51.82000,0
1506766169,22572337,1.18389,43.59000,0
1506766047,22572279,1.18389,182.06000,0
1506765800,22572186,1.18389,83.05000,0
1506765734,22572171,1.18292,508.48659,1
1506765733,22572169,1.18292,190.39999,1
1506765732,22572167,1.18292,646.56951,1
1506765731,22572163,1.18292,123.92321,1
1506765730,22572159,1.18291,507.97867,1
1506765727,22572156,1.18329,1492.02412,1
1506765727,22572155,1.18329,1384.04664,1
1506765727,22572154,1.18330,2000.00000,1
1506765726,22572153,1.18329,507.97588,1
1506765726,22572151,1.18329,1615.95336,1
1506765722,22572146,1.18391,147.36726,1
1506765719,22572142,1.18391,507.63809,1
1506765718,22572139,1.18391,982.53664,1
1506765717,22572138,1.18391,1615.95335,1
1506765715,22572135,1.18391,89.70496,1
1506765712,22572131,1.18391,97.49000,1
1506765711,22572128,1.18391,507.37163,1
1506765710,22572123,1.18391,1051.93807,1
1506765708,22572119,1.18429,372.86308,1
1506765707,22572115,1.18429,97.48000,1
1506765707,22572114,1.18429,1422.32900,1
1506765705,22572110,1.18429,1357.26080,1
1506764900,22571831,1.18429,373.52338,1
1506764853,22571811,1.18429,208.74955,1
1506764841,22571808,1.18429,125.75468,1
1506764834,22571805,1.18429,357.07698,1
1506764834,22571801,1.18429,647.56998,1
1506764796,22571787,1.18429,14.44969,1
1506764791,22571783,1.18429,22.94286,1
1506764780,22571776,1.18491,1701.32390,1
1506764761,22571761,1.18492,278.90184,1
1506764723,22571735,1.18493,584.06826,0
1506764722,22571732,1.18492,584.11999,1
1506764718,22571726,1.18492,447.73999,1
1506764183,22571508,1.18492,125.54435,1
1506764173,22571503,1.18492,126.00500,1
1506764170,22571499,1.18491,125.87908,1
1506764169,22571493,1.18492,12.85145,1
1506763609,22571308,1.18493,40.00000,1
1506763597,22571302,1.18493,80.00000,1
1506763475,22571253,1.18493,160.00000,1
1506763444,22571241,1.18493,298.50000,1
1506763172,22571185,1.18493,392.92441,0
1506763171,22571183,1.18492,600.95659,1
1506762841,22571070,1.18493,23.10816,1
1506762840,22571067,1.18493,23.11924,1
1506762839,22571064,1.18493,486.97074,1
1506762071,22570834,1.18493,50.00000,1
1506761890,22570747,1.18491,455.84066,1
1506761889,22570742,1.18491,2101.33261,1
1506761887,22570733,1.18492,1150.00000,0
1506761887,22570729,1.18491,615.62375,1
1506761886,22570721,1.18492,50.35163,1
1506761882,22570705,1.18493,610.95369,1
1506761484,22570531,1.18493,76.30999,1
1506761425,22570505,1.18492,600.00000,1
1506761423,22570503,1.18499,126.14999,0
1506761373,22570480,1.18492,152.39756,1
1506761370,22570476,1.18496,206.43096,0
1506761368,22570474,1.18501,358.99742,0
1506761110,22570371,1.18997,1024.90555,1
1506761110,22570370,1.18997,199.30988,1
1506761109,22570366,1.18997,200.00000,0
1506761015,22570336,1.18495,126.76732,1
1506760862,22570268,1.18500,50.00000,1
1506760645,22570212,1.18934,51.05000,0
1506760095,22570068,1.18496,111.39400,1
1506760095,22570067,1.18591,1083.62958,1
1506760094,22570063,1.18591,212.26131,1
1506759984,22570023,1.18591,293.02869,1
1506759910,22569990,1.18591,371.99000,1
1506759909,22569989,1.18591,1285.80244,1
1506759906,22569988,1.18591,477.38000,1
1506759904,22569983,1.18591,254.55000,1
1506759903,22569978,1.18591,420.28671,1
1506759861,22569958,1.18591,197.78067,1
1506759824,22569928,1.18591,403.29060,1
1506759551,22569835,1.18691,1313.06759,1
1506759538,22569812,1.18691,3245.70732,1
1506759510,22569772,1.18691,230.84999,1
1506759333,22569705,1.18691,94.65756,1
1506759154,22569630,1.18691,115.71754,1
1506759154,22569629,1.18791,264.28246,1
1506758738,22569449,1.18791,355.47318,1
1506758736,22569445,1.18791,885.27000,1
1506758694,22569430,1.18791,173.34000,1
1506758683,22569427,1.18791,211.93000,1
1506758664,22569423,1.18791,16.11024,1
1506758655,22569420,1.18791,16.09413,1
1506758629,22569399,1.18791,209.00000,1
1506758607,22569388,1.18791,2868.49999,1
1506758603,22569379,1.18891,0.00255,1
1506758601,22569375,1.18891,661.54000,1
1506758594,22569372,1.18891,1567.42000,1
1506758592,22569364,1.18891,41.84000,1
1506758592,22569363,1.18891,1567.42000,1
1506758590,22569361,1.18891,97.54999,1
1506758588,22569356,1.18891,97.48000,1
1506758585,22569352,1.18891,97.60781,1
1506758585,22569350,1.18891,97.51000,1
1506758584,22569346,1.18891,159.65000,1
1506758582,22569342,1.18891,97.55000,1
1506758581,22569339,1.18891,159.48762,1
1506758577,22569333,1.18891,257.39203,1
1506758577,22569329,1.18891,97.55000,1
1506758574,22569325,1.18892,97.56000,1
1506758573,22569322,1.18892,201.66228,1
1506758571,22569316,1.18892,201.66228,1
1506758570,22569311,1.18892,97.56000,1
1506758554,22569291,1.18892,103.43793,1
1506758545,22569284,1.18892,115.96000,1
1506758543,22569281,1.18892,467.10000,1
1506758521,22569258,1.18892,0.31568,1
1506758521,22569257,1.18934,462.93432,1
1506758484,22569237,1.18934,60.00000,1
1506758442,22569193,1.18991,1040.24306,1
1506758425,22569163,1.18991,428.81000,1
1506758420,22569149,1.18991,78.06996,1
1506758416,22569141,1.18991,206.81097,1
1506758311,22569047,1.18998,252.69267,0
1506758309,22569041,1.18998,98.04000,0
1506758308,22569032,1.18998,252.69267,0
1506758306,22569025,1.18998,179.92000,0
1506758297,22568996,1.18998,1361.53995,0
1506758295,22568986,1.18998,69.30612,0
1506758294,22568984,1.18998,243.27000,0
1506758292,22568968,1.18998,3602.22025,0
1506758289,22568962,1.18998,677.75993,0
1506758288,22568958,1.18998,283.20839,0
1506758280,22568929,1.18998,779.14000,0
1506758280,22568927,1.18998,6524.06844,0
1506758278,22568917,1.18998,779.13000,0
1506758240,22568841,1.18998,1115.26482,0
1506758219,22568796,1.18998,182.22116,0
1506758215,22568792,1.18998,3771.75383,0
1506758215,22568791,1.18997,1096.82440,0
1506758212,22568778,1.18998,1958.21884,0
1506758211,22568775,1.18998,1314.63074,0
1506758210,22568768,1.18998,2141.97539,0
1506758210,22568767,1.18997,0.14461,0
1506758209,22568765,1.18997,116.39455,1
1506758207,22568750,1.18997,369.13545,1
1506758206,22568747,1.18998,16.62214,0
1506758205,22568744,1.18998,1729.22211,0
1506758205,22568742,1.18997,485.53575,0
1506758204,22568737,1.18991,3246.06601,1
1506758204,22568735,1.18997,857.94000,0
1506758201,22568723,1.18998,23.84466,0
1506758201,22568720,1.18990,1.86459,0
1506758201,22568717,1.18990,1441.86000,1
1506758197,22568706,1.18997,669.27412,0
1506758197,22568705,1.18990,754.02588,0
1506758197,22568704,1.18990,681.08412,0
1506758197,22568701,1.18990,6.77392,0
1506758197,22568700,1.18980,6.77449,0
1506758196,22568697,1.18970,6.77507,0
1506758196,22568694,1.18960,6.77564,0
1506758196,22568693,1.18950,6.77622,0
1506758196,22568692,1.18949,291.93000,0
1506758196,22568691,1.18940,6.77679,0
1506758196,22568690,1.18932,232.26450,0
1506758195,22568689,1.18932,285.09299,0
1506758195,22568687,1.18930,6.77736,0
1506758195,22568684,1.18929,0.02965,0
1506758194,22568680,1.18929,171.07000,0
1506758191,22568671,1.18929,4.90428,0
1506758187,22568662,1.18929,4995.09572,0
1506758187,22568660,1.18920,6.77794,0
1506758187,22568658,1.18910,6.77851,0
1506758187,22568656,1.18910,6.77470,0
1506758186,22568655,1.18900,6.77909,0
1506758186,22568654,1.18890,6.77966,0
1506758183,22568643,1.18888,2.03048,0
1506758182,22568635,1.18888,1699.48240,0
1506758179,22568616,1.18888,6460.76196,0
1506758176,22568603,1.18888,326.62565,0
1506758172,22568575,1.18888,550.29489,0
1506758171,22568565,1.18888,289.65307,0
1506758170,22568556,1.18888,1529.93000,0
1506758169,22568554,1.18887,290.01000,0
1506758169,22568550,1.18887,709.99000,0
1506758168,22568546,1.18886,290.00000,0
1506757785,22568309,1.18406,80.00000,0
1506756989,22568014,1.18408,407.01896,1
1506756570,22567777,1.18888,263.92747,0
1506756566,22567771,1.18888,263.92747,0
1506756561,22567770,1.18888,3950.57684,0
1506756561,22567769,1.18888,299.38394,0
1506756561,22567768,1.18888,75.52000,0
1506756560,22567764,1.18888,78.55000,0
1506756560,22567763,1.18888,74.16497,0
1506756558,22567760,1.18888,198.98503,0
1506756558,22567759,1.18888,130.19269,0
1506756558,22567758,1.18888,900.78000,0
1506756558,22567757,1.18888,920.20466,0
1506756558,22567755,1.18888,261.44528,0
1506756558,22567754,1.18888,2063.01616,0
1506756554,22567748,1.18888,3989.39732,0
1506756551,22567744,1.18888,573.29955,0
1506756550,22567743,1.18888,65.05187,0
1506756550,22567742,1.18888,1569.23998,0
1506756549,22567740,1.18888,646.54533,0
1506756549,22567738,1.18888,778.01283,0
1506756549,22567736,1.18888,48.00000,0
1506756549,22567735,1.18888,52.56703,0
1506756549,22567734,1.18888,1320.72000,0
1506756549,22567733,1.18888,1400.00803,0
1506756549,22567730,1.18888,811.58953,0
1506756548,22567726,1.18888,1.35513,0
1506756548,22567724,1.18880,0.06841,0
1506756545,22567721,1.18880,6.71183,0
1506756545,22567720,1.18870,6.78081,0
1506756545,22567719,1.18870,6.73004,0
1506756545,22567718,1.18860,6.78139,0
1506756545,22567717,1.18860,6.73061,0
1506756544,22567716,1.18850,6.78196,0
1506756544,22567715,1.18840,6.78253,0
1506756544,22567714,1.18830,5.54071,0
1506756540,22567709,1.18830,1.24240,0
1506756540,22567707,1.18830,4279.86018,0
1506756540,22567704,1.18828,0.80190,0
1506756536,22567701,1.18828,999.19810,0
1506756531,22567698,1.18827,82.34391,0
1506756531,22567697,1.18825,19.87961,0
1506756525,22567689,1.18824,332.09472,0
1506756305,22567629,1.18827,19.82798,1
1506756304,22567621,1.18827,82.42235,1
1506756302,22567611,1.18826,229.52048,0
1506756027,22567435,1.18392,112.36612,1
1506755980,22567373,1.18827,141.69575,0
1506755928,22567341,1.18342,332.57441,1
1506754915,22566936,1.18361,60.00000,1
1506754913,22566934,1.18360,104.48686,1
1506754913,22566933,1.18361,273.58000,1
1506754858,22566879,1.18827,206.78247,0
1506753929,22566402,1.18337,207.29407,1
1506753664,22566228,1.18830,71.58000,0
1506753450,22566143,1.18830,143.84000,0
1506753448,22566135,1.18830,504.71982,0
1506752339,22565407,1.18829,1754.00584,1
1506752335,22565399,1.18829,1692.86021,1
1506752329,22565396,1.18829,6546.33079,1
1506752294,22565347,1.18829,6.80316,0
1506752061,22565209,1.18829,69.71133,0
1506752061,22565208,1.18820,6.78369,0
1506752061,22565207,1.18800,0.01498,0
1506752055,22565199,1.18800,2.49942,0
1506752054,22565198,1.18800,4.29588,0
1506752054,22565197,1.18780,6.81143,0
1506752041,22565161,1.18779,67.91000,0
1506751905,22565028,1.18779,145.83615,0
1506751904,22565027,1.18729,67.69385,0
1506751877,22565011,1.18729,254.76000,0
1506751811,22564936,1.18729,959.90002,0
1506751795,22564920,1.18729,182.57000,0
1506751754,22564894,1.18729,581.76000,0
1506751734,22564816,1.18729,289.82548,0
1506751731,22564801,1.18728,1579.31054,0
1506751728,22564791,1.18729,1013.03000,0
1506751728,22564790,1.18728,80.00000,0
1506751727,22564783,1.18726,419.48000,0
1506751725,22564776,1.18672,1183.66570,0
1506751725,22564771,1.18672,706.40000,0
1506751724,22564767,1.18729,59.47838,0
1506751724,22564766,1.18728,140.00000,0
1506751724,22564765,1.18674,505.57162,0
1506751723,22564761,1.18674,200.85000,0
1506751722,22564754,1.18674,1129.95000,0
1506751720,22564739,1.18674,277.78967,0
1506751718,22564732,1.18674,839.41589,0
1506751715,22564722,1.18674,1342.22000,0
1506751710,22564694,1.18673,289.71579,0
1506751645,22564339,1.18673,196.54288,0
1506751598,22564227,1.18673,69.44000,0
1506751593,22564205,1.18674,219.72000,0
1506751592,22564203,1.18673,620.00000,0
1506751589,22564182,1.18674,484.48282,0
1506751587,22564169,1.18673,46.65585,0
1506751567,22564131,1.18673,745.25361,0
1506751562,22564119,1.18671,373.35076,1
1506751557,22564108,1.18672,8.43429,0
1506751537,22564072,1.18672,3364.30347,0
1506751531,22564044,1.18595,201.23653,0
1506751475,22563933,1.18595,155.14143,0
1506751469,22563928,1.18595,287.89377,0
1506750841,22563651,1.18595,355.72827,0
1506750840,22563649,1.18595,0.00378,0
1506750364,22563517,1.18209,70.00000,0
1506749734,22563208,1.18595,57.66523,0
1506749734,22563206,1.18595,246.87477,0
1506749732,22563203,1.18595,2472.43281,0
1506749732,22563202,1.18595,620.11719,0
1506749049,22562931,1.18595,274.66587,0
1506749047,22562927,1.18595,258.39983,0
1506749046,22562925,1.18595,273.10105,0
1506748902,22562867,1.18595,994.32000,0
1506748900,22562861,1.18595,226.21000,0
1506748900,22562860,1.18595,616.51839,0
1506748896,22562855,1.18595,994.09000,0
1506748886,22562852,1.18594,275.88951,0
1506748883,22562850,1.18594,766.36253,0
1506748882,22562845,1.18594,11.56272,0
1506748697,22562797,1.18594,304.82232,0
1506748696,22562793,1.18594,774.48268,0
1506748692,22562789,1.18594,303.55816,0
1506748691,22562788,1.18594,617.21000,0
1506748690,22562785,1.18594,50.67479,0
1506748350,22562690,1.18594,754.05162,0
1506748088,22562575,1.18594,263.04039,0
1506748086,22562565,1.18594,1069.96345,0
1506748080,22562538,1.18594,1069.96345,0
1506748079,22562530,1.18594,1047.21000,0
1506748077,22562517,1.18594,1053.05423,0
1506748074,22562489,1.18594,473.42318,0
1506748073,22562485,1.18594,301.94520,0
1506748071,22562462,1.18594,282.08980,0
1506748064,22562383,1.18200,57.66901,1
1506748061,22562364,1.18201,174.43889,1
1506748061,22562362,1.18206,132.96000,1
1506748060,22562346,1.18594,723.92926,0
1506748058,22562330,1.18205,606.60146,1
1506748057,22562319,1.18594,424.18459,0
1506748054,22562283,1.18594,23.25000,0
1506748049,22562243,1.18202,23.07708,1
1506748044,22562188,1.18234,582.23369,1
1506748044,22562181,1.18594,432.56075,0
1506748040,22562142,1.18594,3599.43408,0
1506748032,22562076,1.18594,643.96174,0
1506748029,22562044,1.18594,16.20921,0
1506748028,22562041,1.18594,315.74755,0
1506748025,22562015,1.18594,13449.99211,0
1506748025,22562010,1.18594,857.96000,0
1506748024,22562008,1.18594,101.88000,0
1506748023,22561986,1.18594,329.91568,0
1506748022,22561971,1.18594,298.13085,0
1506748021,22561965,1.18594,16.86426,0
1506748021,22561963,1.18594,252.96389,0
1506747990,22561927,1.18595,742.57767,0
1506747301,22561712,1.18599,629.69000,0
1506747281,22561640,1.18599,30.87714,0
1506747274,22561603,1.18599,589.60346,0
1506747270,22561587,1.18599,450.93972,0
1506747264,22561516,1.18599,82.83238,0
1506747264,22561513,1.18598,24.14851,0
1506747264,22561506,1.18598,108.35147,0
1506747263,22561503,1.18596,214.55853,0
1506747259,22561466,1.18596,16.86398,0
1506747259,22561464,1.18596,252.95963,0
1506747246,22561354,1.18235,1258.99001,0
1506747245,22561349,1.18235,113.54999,1
1506747244,22561339,1.18235,741.00999,1
1506747082,22561267,1.18205,478.77247,1
1506747065,22561247,1.18598,15.80693,1
1506747045,22561167,1.18599,468.22588,0
1506747045,22561165,1.18599,278.50000,0
1506747040,22561144,1.18596,15.82595,0
1506747039,22561142,1.18596,280.80733,0
1506747018,22561081,1.18200,208.91707,1
1506747013,22561064,1.18200,635.12138,1
1506747009,22561020,1.18200,3306.03104,1
1506747009,22561017,1.18201,2000.00000,1
1506747009,22561012,1.18201,79.44000,1
1506747008,22561009,1.18202,440.00000,1
1506747008,22561005,1.18202,7.29776,1
1506747008,22561002,1.18203,380.00000,1
1506747004,22560951,1.18257,592.53354,1
1506746993,22560858,1.18599,16.86355,0
1506746993,22560856,1.18599,252.95323,0
1506746992,22560851,1.18599,898.76351,0
1506746990,22560838,1.18599,1968.04826,0
1506746990,22560837,1.18598,1000.00000,0
1506746990,22560834,1.18598,3096.71701,0
1506745792,22560465,1.18259,50.14418,1
1506745778,22560460,1.18255,50.14588,1
1506741107,22559640,1.18598,145.38000,0
1506737919,22558964,1.18598,387.01569,0
1506736602,22558479,1.18598,104.18000,0
1506736130,22558392,1.18598,0.05691,0
1506736130,22558391,1.18596,85.21309,0
1506736106,22558386,1.18596,344.16000,0
1506735998,22558342,1.18596,258.49000,0
1506735995,22558339,1.18596,312.13691,0
1506735994,22558338,1.18596,2.63309,0
1506735930,22558302,1.18596,1977.66985,0
1506735906,22558272,1.18596,3219.24802,0
1506735903,22558263,1.18596,6671.62342,0
1506735897,22558247,1.18596,6668.95692,0
1506735893,22558228,1.18596,1745.75000,0
1506735888,22558211,1.18596,1776.64005,0
1506735884,22558203,1.18595,1387.24044,0
1506735884,22558202,1.18499,0.12030,0
1506735874,22558187,1.18499,149.87970,0
1506735619,22557772,1.18550,149.70739,0
1506734878,22557543,1.18223,42.40361,1
1506733344,22557238,1.18593,26.88191,1
1506733324,22557222,1.18594,360.04542,1
1506732579,22557076,1.18596,264.65211,0
1506732577,22557071,1.18596,156.27403,0
1506732575,22557068,1.18596,156.17354,0
1506732574,22557066,1.18596,156.07333,0
1506732573,22557062,1.18596,155.97338,0
1506732570,22557054,1.18594,127.79528,0
1506732570,22557053,1.18594,190.83373,0
1506732567,22557036,1.18593,360.05543,0
1506732566,22557031,1.18593,639.94457,0
1506729667,22556496,1.18203,70.00000,1
