date,tid,price,amount,type
1506815333,22597329,0.01280011,9.09137566,1
1506815333,22597328,0.01280011,10.91001105,0
1506813841,22597030,0.01273001,3.36485349,1
1506813841,22597029,0.01273001,1.06665456,0
1506813841,22597028,0.01273330,10.00000000,1
1506813840,22597027,0.01273334,12.12000000,0
1506811848,22596697,0.01278387,0.93634092,0
1506810660,22596380,0.01279640,1.66186400,0
1506808815,22595351,0.01276073,12.57187505,1
1506808718,22595302,0.01281862,38.91236888,0
1506806667,22594117,0.01279556,1.31045921,0
1506806656,22594098,0.01279566,97.71100608,0
1506806656,22594097,0.01279563,26.34502120,0
1506806099,22593718,0.01280049,6.07064864,0
1506806098,22593717,0.01280050,11.09135136,1
1506806095,22593699,0.01280041,57.61850955,1
1506806094,22593696,0.01280041,1.04228100,1
1506806092,22593688,0.01280040,57.32241279,1
1506806091,22593683,0.01277785,0.76720784,0
1506806090,22593680,0.01277773,12.69884373,0
1506804684,22593162,0.01278569,2.00002112,0
1506802991,22592225,0.01276000,48.91381600,1
1506802974,22592216,0.01276000,23.93618400,1
1506802964,22592212,0.01276001,11.38909047,1
1506802964,22592211,0.01276002,0.47541853,1
1506800492,22590949,0.01282337,0.98673360,0
1506795768,22588764,0.01278012,0.29178931,1
1506793097,22587554,0.01279001,2.45159790,1
1506792568,22587378,0.01280800,1.14581000,0
1506792534,22587372,0.01280800,2.20941000,0
1506792479,22587323,0.01282001,0.99000000,1
1506792299,22587161,0.01280685,5.32734500,1
1506792295,22587160,0.01280688,29.81102400,1
1506792240,22587095,0.01280691,6.14878400,1
1506791852,22586946,0.01280545,2.32515435,1
1506791406,22586755,0.01285876,17.52511535,0
1506790803,22586498,0.01284626,1.75420300,1
1506790793,22586474,0.01284659,0.76732900,0
1506790792,22586472,0.01284635,8.19854981,1
1506790792,22586469,0.01284659,1.63958201,0
1506790791,22586463,0.01284659,3.19114605,0
1506790791,22586459,0.01284635,8.19870254,0
1506790790,22586454,0.01284630,10.63680956,0
1506790790,22586451,0.01284625,24.40136491,0
1506790626,22586383,0.01284818,2.65778866,0
1506790364,22586229,0.01287044,22.01353297,0
1506790255,22586169,0.01281095,2.76554600,0
1506790223,22586144,0.01284000,9.00000000,1
1506790204,22586129,0.01287175,3.00000000,0
1506790117,22585946,0.01281027,7.49387500,0
1506790116,22585944,0.01281028,5.79130528,0
1506790115,22585942,0.01281028,7.26209460,0
1506790115,22585940,0.01281028,3.98305112,0
1506790106,22585895,0.01281001,9.93653660,1
1506790106,22585892,0.01281022,0.00045799,1
1506790105,22585886,0.01281022,3.59736211,1
1506790103,22585876,0.01281028,26.10915100,1
1506789861,22585632,0.01281117,1.00000000,1
1506789206,22585308,0.01283290,2.00564331,0
1506788602,22584954,0.01282897,7.91645782,0
1506787851,22584442,0.01277073,2.00000000,0
1506787773,22584397,0.01277073,3.03035197,0
1506787773,22584395,0.01277073,1.49554803,0
1506785615,22582920,0.01279911,3.52684782,0
1506785595,22582911,0.01279911,0.73725000,0
1506785537,22582809,0.01279911,2.55848352,0
1506785537,22582807,0.01279910,4.26409748,0
1506785500,22582772,0.01279887,35.44002900,0
1506785323,22582545,0.01272016,10.67800000,1
1506784891,22582290,0.01272000,22.30000000,0
1506784880,22582289,0.01272000,177.70000000,0
1506784427,22582084,0.01271005,1.39000000,0
1506783951,22581661,0.01274375,36.39019458,1
1506783944,22581643,0.01274380,13.76389613,1
1506783937,22581637,0.01278615,10.61231438,0
1506783937,22581636,0.01278612,36.39019458,0
1506783765,22581486,0.01274375,36.39019458,1
1506783003,22580826,0.01279911,1.07741866,0
1506782530,22580627,0.01279727,0.60533303,0
1506782198,22580459,0.01279351,7.61666735,0
1506781895,22580370,0.01279911,7.93762067,1
1506781894,22580369,0.01279911,35.42141488,0
1506781338,22580080,0.01280822,0.40278372,0
1506780162,22579625,0.01278145,0.59303924,0
1506778946,22579205,0.01276925,0.73564617,0
1506778878,22579161,0.01270000,12.10472295,0
1506778875,22579159,0.01270000,1.84800000,0
1506778868,22579154,0.01270000,3.60944881,0
1506778865,22579144,0.01270000,4.95600000,0
1506778864,22579134,0.01270000,23.34195091,0
1506778858,22579133,0.01270000,15.01601600,0
1506778855,22579132,0.01270000,3.61055118,0
1506778854,22579130,0.01270000,1.01898200,0
1506778850,22579126,0.01270000,18.61291337,0
1506778840,22579119,0.01270000,15.01000000,0
1506778837,22579112,0.01270000,22.70307085,0
1506778826,22579108,0.01270000,5.57400000,0
1506778826,22579107,0.01270000,22.68543307,0
1506778817,22579086,0.01270000,1.07154876,0
1506778815,22579082,0.01270000,22.67417322,0
1506778812,22579079,0.01270000,5.41200000,0
1506778807,22579074,0.01270000,22.65645668,0
1506778803,22579066,0.01270000,22.63236219,0
1506778799,22579060,0.01270000,9.00000000,0
1506778794,22579056,0.01270000,22.61299212,0
1506778784,22579046,0.01270000,22.60188975,0
1506778780,22579042,0.01270000,9.00000000,0
1506778775,22579040,0.01270000,15.00346456,0
1506778764,22579034,0.01270000,22.59322834,0
1506778756,22579029,0.01270000,9.00000000,0
1506778737,22578998,0.01270000,7.45204724,0
1506778736,22578995,0.01270000,9.00000000,0
1506778736,22578992,0.01270000,22.58338581,0
1506778727,22578983,0.01270000,15.00023622,0
1506778720,22578976,0.01270000,9.00000000,0
1506778709,22578973,0.01270000,7.52362204,0
1506778708,22578968,0.01270000,15.01590551,0
1506778706,22578962,0.01270000,30.01330708,0
1506778703,22578957,0.01270000,3.00000000,0
1506778701,22578955,0.01270000,15.01000000,0
1506778696,22578949,0.01270000,9.00000000,0
1506778686,22578944,0.01270000,15.00023622,0
1506778676,22578933,0.01270000,9.00000000,0
1506778673,22578928,0.01270000,14.68998528,0
1506778662,22578919,0.01270000,0.27609000,0
1506778658,22578916,0.01270000,15.00023622,0
1506778652,22578912,0.01270000,3.12081700,0
1506778652,22578909,0.01270000,3.60000000,0
1506778651,22578907,0.01270000,102.72776514,0
1506778563,22578855,0.01274270,10.00000000,1
1506775548,22577640,0.01280684,0.56599598,0
1506772662,22575874,0.01272010,0.00018338,0
1506772249,22575746,0.01272010,1.99981662,0
1506771968,22575605,0.01278158,27.63290383,0
1506770931,22574986,0.01274372,10.00000000,1
1506770931,22574985,0.01274530,0.76711858,1
1506770931,22574984,0.01274533,4.64176554,1
1506769853,22574481,0.01282372,3.35237352,0
1506768483,22573622,0.01275298,59.41582638,1
1506767289,22572848,0.01281886,1.28939202,0
1506767211,22572816,0.01274003,150.00000000,1
1506766565,22572530,0.01272089,1.35748488,0
1506766563,22572529,0.01277097,0.64251512,1
1506766291,22572370,0.01277097,6.43771681,1
1506765800,22572185,0.01277097,2.91976807,1
1506763404,22571217,0.01282394,6.51753087,0
1506762593,22570993,0.01276982,5.00000000,1
1506758421,22569152,0.01275274,19.99980108,0
1506758419,22569146,0.01282999,13.61000434,1
1506758419,22569145,0.01283002,36.39019458,1
1506758299,22569001,0.01284437,13.10187153,0
1506758299,22568999,0.01284430,49.25534756,0
1506758299,22568997,0.01284428,36.39019458,0
1506758135,22568467,0.01284449,16.54877913,1
1506758135,22568463,0.01284448,19.84100000,0
1506757679,22568247,0.01275240,39.67369696,1
1506757574,22568201,0.01275231,73.60980542,0
1506757573,22568199,0.01275231,36.39019458,1
1506757324,22568073,0.01274856,2.11043838,1
1506757017,22568030,0.01285633,55.13026968,1
1506757017,22568029,0.01285633,0.61660790,1
1506757016,22568026,0.01285633,3.66894880,0
1506756908,22567952,0.01285792,2.77558112,0
1506756631,22567809,0.01281526,1.01000000,0
1506756612,22567797,0.01282509,0.83519002,1
1506756489,22567678,0.01282509,0.66450000,1
1506756302,22567612,0.01287976,3.20450000,0
1506755508,22567170,0.01282016,9.64902992,0
1506755506,22567168,0.01290000,0.00062092,1
1506754895,22566907,0.01290000,1.51158838,1
1506754776,22566769,0.01285388,9.40433005,1
1506754776,22566768,0.01288399,0.00000047,1
1506754698,22566677,0.01288399,9.58486200,1
1506754676,22566652,0.01288399,3.32878500,1
1506754669,22566648,0.01288399,1.99659900,1
1506754575,22566567,0.01291376,0.34081000,0
1506753760,22566298,0.01292449,4.01146396,0
1506753760,22566297,0.01291050,0.98958004,0
1506752693,22565632,0.01290000,11.00000000,0
1506751598,22564225,0.01287962,9.38553568,1
1506751597,22564223,0.01287964,1.76291230,0
1506751597,22564222,0.01287950,9.38553568,0
1506751409,22563862,0.01278823,5.21128446,1
1506749604,22563146,0.01286685,6.18684215,0
1506749266,22563041,0.01278900,3.00000000,1
1506749247,22563028,0.01278887,1.00000000,1
1506749234,22563022,0.01278872,1.00000000,1
1506749221,22563016,0.01278873,0.50000000,1
1506748776,22562828,0.01278079,4.36109290,1
1506748270,22562653,0.01279114,1.50000000,1
1506747032,22561110,0.01279983,6.31031400,0
1506743689,22560143,0.01281436,39.70317427,1
1506743689,22560142,0.01281453,10.09970983,1
1506743689,22560141,0.01281454,2.70178358,1
1506743689,22560140,0.01281460,65.78533232,1
1506742882,22560000,0.01289569,6.73763869,0
1506742880,22559998,0.01286412,1.00000000,0
1506741172,22559704,0.01286412,1.00000000,0
1506741141,22559687,0.01286412,1.00000000,0
1506741119,22559650,0.01286258,1.00000000,0
1506738176,22559017,0.01284784,19.00000000,0
1506735132,22557592,0.01276874,16.50000000,0
1506734354,22557476,0.01276873,0.22000000,0
1506732254,22556978,0.01289998,65.34768482,1
1506732254,22556977,0.01289998,65.34992478,1
1506732253,22556976,0.01278627,1.00000000,0
1506732253,22556975,0.01278626,1.43998619,0
1506732253,22556973,0.01276874,7.19993097,0
1506732252,22556971,0.01276869,86.21400000,1
1506732252,22556970,0.01273860,1.44700000,0
1506732252,22556969,0.01273860,24.29512059,1
1506732250,22556966,0.01273859,5.32360725,0
1506732170,22556948,0.01272802,34.43323200,0
1506730531,22556652,0.01269005,15.62956805,1
1506729809,22556535,0.01268046,9.99955838,1
