date,tid,price,amount,type
1506814791,22597245,46.62,0.15000000,0
1506814762,22597241,46.62,4.16945516,0
1506814760,22597240,46.59,0.11000000,0
1506810041,22596208,46.62,10.62212300,0
1506808682,22595288,46.65,21.97034800,0
1506808681,22595287,46.65,62.66819200,0
1506808605,22595259,46.70,4.51000000,1
1506808580,22595244,46.66,9.12932300,0
1506808579,22595240,46.66,52.42801100,0
1506808091,22595099,46.64,5.20208269,0
1506807888,22595019,46.57,13.42164600,0
1506807886,22595018,46.59,0.92471800,1
1506807885,22595017,46.59,0.40762500,0
1506807881,22595015,46.59,5.96237500,0
1506807879,22595014,46.58,7.63000000,0
1506807877,22595010,46.58,6.37000000,0
1506807739,22594901,46.65,7.55999979,0
1506807739,22594900,46.60,0.00000021,0
1506807684,22594866,46.60,10.55079700,0
1506807002,22594404,46.77,8.98000000,1
1506807002,22594402,46.79,16.20901800,0
1506807002,22594400,46.79,0.11000000,0
1506807001,22594399,46.77,8.98000000,0
1506806944,22594323,46.77,3.00000000,0
1506806654,22594095,46.76,11.08990955,1
1506806098,22593716,46.77,1.77468910,0
1506805683,22593500,46.67,0.11000000,1
1506805682,22593498,46.68,1.00428449,0
1506805358,22593390,46.47,7.14034707,1
1506805340,22593376,46.63,9.69568947,0
1506805163,22593315,46.66,0.50000000,0
1506805158,22593314,46.66,2.21598457,0
1506804948,22593240,46.70,0.32034261,0
1506804616,22593134,46.69,0.50000000,0
1506804575,22593126,46.69,0.39000000,0
1506804575,22593125,46.69,0.11000000,0
1506804516,22593123,46.65,0.50000000,0
1506804455,22593113,46.64,0.50000000,0
1506804415,22593109,46.64,0.50000000,0
1506804355,22593102,46.64,0.50000000,0
1506804234,22593010,46.68,0.50000000,0
1506803948,22592866,46.49,13.85757294,1
1506803948,22592865,46.49,1.13451471,1
1506803948,22592864,46.50,11.69498090,1
1506803947,22592863,46.64,1.02159090,1
1506803943,22592861,46.69,1.52840900,0
1506803938,22592859,46.62,1.52840910,0
1506803933,22592857,46.62,0.18133998,0
1506803931,22592856,46.61,0.31866002,0
1506803891,22592847,46.61,0.50000000,0
1506803877,22592839,46.61,20.07140001,0
1506803876,22592838,46.61,7.90659999,0
1506803852,22592832,46.61,0.39000000,0
1506803851,22592831,46.59,0.11000000,0
1506803812,22592817,46.61,0.39000000,0
1506803810,22592816,46.59,0.11000000,0
1506803772,22592809,46.61,0.39000000,0
1506803770,22592808,46.59,0.11000000,0
1506803732,22592797,46.61,0.39000000,0
1506803730,22592796,46.59,0.11000000,0
1506803690,22592790,46.61,0.50000000,0
1506803650,22592781,46.61,0.50000000,0
1506803615,22592754,46.61,0.50000000,0
1506803594,22592731,46.61,0.50000000,0
1506803554,22592719,46.61,0.50000000,0
1506803549,22592712,46.48,13.85173209,1
1506803544,22592709,46.61,0.50000000,0
1506803539,22592701,46.48,13.85474400,1
1506803525,22592680,46.47,13.84807382,1
1506803515,22592673,46.47,7.91930300,1
1506803515,22592672,46.47,5.92877104,1
1506803503,22592660,46.49,5.92877100,1
1506803501,22592655,46.61,12.03047201,0
1506803501,22592654,46.61,0.77195599,0
1506803501,22592652,46.61,0.50000000,0
1506803474,22592626,46.61,0.50000000,0
1506803471,22592614,46.48,1.77581800,1
1506803463,22592599,46.55,1.77242376,0
1506803463,22592598,46.52,0.00000024,0
1506803463,22592596,46.52,1.95987700,0
1506803462,22592593,46.52,1.77242400,0
1506803462,22592591,46.52,26.07513716,0
1506803462,22592590,46.51,0.64745749,0
1506803462,22592589,46.50,1.95987735,0
1506803461,22592588,46.50,1.77242400,0
1506803459,22592577,46.48,16.61028600,1
1506803459,22592576,46.48,4.27977400,1
1506803452,22592559,46.47,14.15816635,1
1506803451,22592555,46.50,0.00006565,1
1506803451,22592554,46.50,1.99993435,1
1506803451,22592553,46.50,1.77468910,1
1506803450,22592548,46.51,2.94751461,0
1506803450,22592544,46.51,0.00045336,1
1506803448,22592526,46.51,0.64745749,1
1506803441,22592510,46.55,19.03093416,1
1506803439,22592499,46.54,1.77252700,1
1506803438,22592495,46.62,3.77017956,0
1506803437,22592493,46.57,0.00000044,0
1506803432,22592477,46.57,21.38528000,0
1506803432,22592476,46.57,35.09471700,0
1506803429,22592462,46.57,1.77202669,1
1506803429,22592461,46.60,2.77116630,1
1506803429,22592460,46.61,1.77077957,1
1506803425,22592451,46.69,1.76748109,1
1506803326,22592392,46.82,0.39000000,0
1506803325,22592391,46.79,0.11000000,0
1506803161,22592322,46.72,1.64402000,0
1506803161,22592321,46.71,0.35000000,0
1506803031,22592246,46.80,0.23666527,0
1506803030,22592245,46.80,1.76333473,1
1506802963,22592210,46.82,115.55501420,1
1506802760,22592082,46.97,0.31488183,0
1506802758,22592077,46.89,0.11000000,0
1506802584,22591850,46.93,7.64410000,1
1506802574,22591842,46.93,0.81180000,1
1506802572,22591841,46.93,29.00000000,1
1506802569,22591834,46.93,0.81180000,1
1506802566,22591832,46.93,0.81100000,1
1506802563,22591829,46.93,0.81130000,1
1506802554,22591826,46.93,1.00000000,1
1506802552,22591825,46.89,0.11000000,0
1506802367,22591773,46.93,42.24461964,0
1506802365,22591772,46.92,0.27000000,0
1506802333,22591759,46.89,29.89000000,1
1506802278,22591740,46.89,0.11000000,0
1506802117,22591641,46.98,20.11313576,0
1506802117,22591640,46.97,0.32000000,0
1506802117,22591639,46.94,1.76823707,0
1506802117,22591638,46.89,0.11000000,0
1506802032,22591591,46.91,0.11000000,1
1506802030,22591590,46.91,0.38000000,1
1506802027,22591589,46.91,19.43950000,1
1506802025,22591588,46.90,0.46000000,0
1506802025,22591587,46.89,0.11000000,0
1506802025,22591586,46.79,0.11000000,0
1506801680,22591425,46.91,0.28000000,1
1506801680,22591424,46.89,0.11000000,0
1506801678,22591420,46.79,0.11000000,0
1506801660,22591406,46.69,0.11000000,0
1506801658,22591400,46.67,35.54286007,0
1506801654,22591395,46.67,7.57565900,0
1506801647,22591365,46.67,18.92798400,0
1506801638,22591351,46.67,0.50000000,0
1506801609,22591324,46.67,224.00000000,0
1506801598,22591317,46.67,0.50000000,0
1506801585,22591313,46.67,0.50000000,0
1506801558,22591308,46.67,0.50000000,0
1506801518,22591300,46.67,0.50000000,0
1506801517,22591299,46.67,0.50000000,0
1506801477,22591254,46.67,0.50000000,0
1506801448,22591244,46.67,0.50000000,0
1506801437,22591243,46.67,0.50000000,0
1506801386,22591227,46.67,0.50000000,0
1506801375,22591226,46.67,0.50000000,0
1506801345,22591217,46.67,0.50000000,0
1506801306,22591213,46.67,0.50000000,0
1506801181,22591187,46.67,0.50000000,0
1506801160,22591184,46.67,0.50000000,0
1506801147,22591178,46.67,2.13000000,0
1506801140,22591177,46.66,0.50000000,0
1506801099,22591152,46.66,0.50000000,0
1506801082,22591150,46.66,0.50000000,0
1506801058,22591147,46.66,0.50000000,0
1506801017,22591136,46.67,0.50000000,0
1506801013,22591135,46.67,0.50000000,0
1506800976,22591124,46.66,0.50000000,0
1506800973,22591122,46.67,5.11000000,0
1506800968,22591118,46.67,3.20967900,0
1506800968,22591117,46.66,1.01000000,0
1506800961,22591112,46.67,23.84600400,0
1506800943,22591103,46.67,0.50000000,0
1506800936,22591100,46.67,0.50000000,0
1506800895,22591083,46.67,0.50000000,0
1506800889,22591082,46.67,214.00000000,0
1506800869,22591080,46.66,0.50000000,0
1506800854,22591079,46.66,0.50000000,0
1506800813,22591034,46.67,0.50000000,0
1506800803,22591032,46.67,0.50000000,0
1506800772,22591024,46.66,0.50000000,0
1506800733,22591018,46.67,0.50000000,0
1506800713,22591010,46.67,0.50000000,0
1506800691,22591002,46.67,29.92286265,0
1506800672,22591000,46.67,0.50000000,0
1506800667,22590999,46.67,0.50000000,0
1506800632,22590990,46.67,0.50000000,0
1506800592,22590979,46.66,0.50000000,0
1506800591,22590978,46.66,0.50000000,0
1506800552,22590968,46.66,0.50000000,1
1506800523,22590956,46.66,0.50000000,0
1506800487,22590947,46.66,0.50000000,0
1506800446,22590935,46.66,0.50000000,0
1506800430,22590931,46.66,0.50000000,0
1506800405,22590924,46.66,0.50000000,0
1506800364,22590912,46.66,0.50000000,0
1506800357,22590908,46.66,0.50000000,0
1506800323,22590891,46.66,0.50000000,0
1506800293,22590890,46.67,11.44268645,0
1506800291,22590889,46.66,1.01000000,0
1506800289,22590884,46.66,0.50000000,0
1506800282,22590877,46.66,0.50000000,0
1506800268,22590874,46.66,1.00000000,0
1506800241,22590860,46.66,0.50000000,0
1506800218,22590855,46.66,0.21000000,0
1506800218,22590854,46.66,0.29000000,0
1506800201,22590853,46.66,0.50000000,0
1506800160,22590842,46.66,0.50000000,0
1506800119,22590806,46.66,0.50000000,0
1506800112,22590805,46.66,0.50000000,0
1506800079,22590795,46.66,0.50000000,0
1506800042,22590788,46.66,0.50000000,0
1506800038,22590785,46.66,0.50000000,0
1506799997,22590763,46.66,0.50000000,0
1506799972,22590742,46.66,0.50000000,0
1506799956,22590737,46.66,0.50000000,0
1506799915,22590724,46.67,0.50000000,0
1506799913,22590723,46.67,10.29226483,0
1506799912,22590722,46.66,2.96000000,0
1506799903,22590716,46.66,0.50000000,0
1506799855,22590665,46.66,0.50000000,0
1506799824,22590637,46.66,0.50000000,0
1506799735,22590563,46.61,1.79100538,1
1506799399,22590456,46.78,5.14358273,1
1506799398,22590455,46.78,3.94000000,0
1506799128,22590398,46.81,0.28000000,0
1506799128,22590397,46.79,0.11000000,0
1506799127,22590396,46.69,0.11000000,0
1506799099,22590394,46.68,48.37000000,0
1506798102,22590075,46.70,4.27583679,0
1506798033,22590019,46.70,5.75463600,0
1506798021,22590013,46.70,4.27583700,0
1506798012,22590012,46.70,4.63104925,0
1506797989,22590001,46.70,2.67598000,0
1506797959,22589986,46.70,0.38666096,0
1506797959,22589985,46.69,0.11000000,0
1506797959,22589984,46.69,0.00333904,0
1506797756,22589883,46.69,0.10666096,0
1506797715,22589840,46.60,1.34884626,0
1506797713,22589839,46.67,1.76823707,1
1506797297,22589552,46.68,4.00000000,1
1506797207,22589518,46.79,8.00000000,1
1506797206,22589517,46.80,56.07000000,0
1506797202,22589507,46.80,0.30000000,0
1506797200,22589504,46.80,0.70000000,1
1506797158,22589478,46.85,2.12913554,0
1506796867,22589362,46.97,5.62000000,0
1506796867,22589361,46.97,0.84000000,0
1506796867,22589360,46.89,0.11000000,0
1506796294,22589085,46.99,1.26773170,0
1506796294,22589084,46.99,0.11000000,0
1506796293,22589083,46.89,0.00208800,0
1506796267,22589072,46.89,0.10791200,0
1506795907,22588859,46.91,1.50000000,0
1506795847,22588812,46.89,0.11000000,0
1506795474,22588654,46.91,21.26412279,0
1506795384,22588627,46.95,1.75840357,1
1506795375,22588624,46.90,0.74833088,0
1506795374,22588621,46.89,0.11000000,0
1506795237,22588475,46.76,2.49950000,1
1506795128,22588319,46.84,1.76047745,0
1506794946,22588238,46.82,3.35027765,1
1506794946,22588237,46.79,0.11000000,0
1506794944,22588236,46.77,7.20000000,0
1506794886,22588197,46.73,1.29847000,0
1506794886,22588196,46.69,0.11000000,0
1506794715,22588156,46.68,0.95702200,0
1506794696,22588138,46.59,0.11000000,0
1506794487,22588049,46.73,4.26829268,0
1506794204,22587951,46.69,0.11000000,0
1506793709,22587825,46.58,9.27866037,0
1506793562,22587779,46.71,3.41200911,0
1506793561,22587778,46.70,21.66201884,1
1506793561,22587777,46.70,9.50197978,1
1506793413,22587731,46.75,56.38000000,0
1506793413,22587728,46.75,7.00000000,1
1506792973,22587540,46.71,10.00000000,0
1506792769,22587454,46.93,1.75897694,0
1506792759,22587451,46.89,1.75973759,0
1506792759,22587450,46.89,5.46532351,0
1506792759,22587449,46.89,0.11000000,0
1506792757,22587448,46.79,0.11000000,0
1506792387,22587209,46.69,0.11000000,0
1506791885,22586968,46.66,1.76729600,0
1506791885,22586964,46.66,25.31630000,0
1506791884,22586960,46.66,26.22680400,0
1506791884,22586959,46.66,25.61830000,0
1506791884,22586958,46.59,0.11000000,0
1506791844,22586942,46.58,54.82000000,1
1506791564,22586823,46.66,21.07130000,0
1506791564,22586822,46.59,0.11000000,0
1506790828,22586524,46.66,0.76732900,1
1506790798,22586490,46.88,1.76092346,1
1506790798,22586489,46.88,21.11000000,0
1506790794,22586485,46.99,1.75448095,1
1506790794,22586484,47.02,10.18838757,1
1506790793,22586482,47.02,50.00000000,1
1506790793,22586480,47.02,50.00000000,1
1506790793,22586479,47.02,50.00000000,1
1506790793,22586477,47.02,34.03843000,1
1506790793,22586476,47.02,14.96054950,1
1506790791,22586462,47.00,124.00000000,0
1506790791,22586460,47.00,1.76597107,0
1506790791,22586458,47.00,5.00000000,0
1506790791,22586457,47.00,30.00000000,0
1506790791,22586456,47.00,1.31425957,0
1506790790,22586453,46.99,0.11000000,0
1506790790,22586452,46.99,18.44219400,1
1506790790,22586449,46.97,1.76648628,0
1506790789,22586448,46.97,15.00000000,1
1506790789,22586447,46.95,20.00000000,0
1506790789,22586446,46.92,116.00000000,0
1506790789,22586445,46.92,1.76899369,0
1506790789,22586444,46.92,17.99977400,1
1506790788,22586443,46.89,0.11000000,0
1506790788,22586442,46.88,1.76964081,0
1506790788,22586441,46.88,119.00000000,1
1506790787,22586440,46.85,112.00000000,0
1506790787,22586439,46.85,115.00000000,1
1506790787,22586438,46.79,0.11000000,0
1506790787,22586437,46.78,127.00000000,0
1506790786,22586436,46.75,1.00000000,0
1506790786,22586435,46.74,1.64000000,1
1506790785,22586434,46.69,0.11000000,0
1506790785,22586433,46.66,8.20000000,1
1506790784,22586432,46.59,0.11000000,0
1506790784,22586431,46.50,5.46016302,0
1506790782,22586430,46.49,0.11000000,0
1506790601,22586367,46.50,14.11541900,0
1506790601,22586366,46.50,35.26701600,0
1506790601,22586365,46.50,17.85310100,0
1506790600,22586363,46.50,14.72903400,0
1506790588,22586355,46.50,5.35016300,0
1506790588,22586354,46.49,0.11000000,0
1506790500,22586342,46.51,1.77000000,1
1506790441,22586291,46.73,4.31243312,1
1506790410,22586237,46.69,0.11000000,0
1506790352,22586226,46.59,0.11000000,0
1506790219,22586138,46.49,0.11000000,0
1506790198,22586117,46.46,10.00000000,1
1506790147,22586062,46.56,0.62599246,1
1506790147,22586061,46.56,15.00000000,1
1506790147,22586060,46.61,0.31815050,1
1506790147,22586059,46.62,1.76964081,1
1506790117,22585948,46.65,12.71529800,0
1506790114,22585937,46.65,5.20320000,0
1506790113,22585936,46.65,5.20320000,0
1506790113,22585934,46.65,5.20320000,0
1506790113,22585933,46.65,5.20320000,0
1506790113,22585932,46.65,5.20320000,0
1506790113,22585931,46.65,5.20320000,0
1506790113,22585930,46.65,5.20320000,0
1506790113,22585929,46.65,5.20320000,0
1506790112,22585928,46.65,5.20320000,0
1506790112,22585927,46.65,5.20320000,0
1506790112,22585926,46.65,5.20210000,0
1506790111,22585925,46.65,5.20320000,0
1506790111,22585924,46.65,5.20320000,0
1506790111,22585923,46.65,5.20320000,0
1506790111,22585922,46.65,5.20320000,0
1506790110,22585921,46.65,5.20320000,0
1506790110,22585920,46.65,5.20320000,0
1506790110,22585919,46.65,5.20320000,0
1506790110,22585918,46.65,5.20320000,0
1506790109,22585915,46.65,5.20320000,0
1506790109,22585913,46.65,5.20320000,0
1506790109,22585912,46.65,5.20320000,0
1506790109,22585911,46.65,5.20320000,0
1506790109,22585910,46.65,5.20320000,0
1506790109,22585909,46.65,5.20210000,0
1506790109,22585908,46.65,5.20210000,0
1506790108,22585907,46.65,5.20210000,0
1506790108,22585906,46.65,5.20210000,0
1506790108,22585905,46.65,5.20210000,0
1506790108,22585903,46.65,5.20090000,0
1506790107,22585901,46.65,5.20090000,0
1506790107,22585900,46.65,5.20090000,0
1506790107,22585899,46.65,5.20090000,0
1506790107,22585898,46.65,5.20090000,0
1506790107,22585897,46.65,5.20090000,0
1506790106,22585896,46.65,5.20090000,0
1506790106,22585894,46.65,5.20090000,0
1506790105,22585888,46.65,5.20090000,0
1506790105,22585887,46.65,5.20090000,0
1506790105,22585885,46.65,5.20090000,0
1506790104,22585881,46.65,13.53435670,0
1506790103,22585877,46.65,14.44707000,0
1506790103,22585874,46.65,33.37124560,0
1506790101,22585870,46.65,31.52000000,1
1506790101,22585869,46.66,3.98349764,1
1506790089,22585826,46.79,0.11000000,0
1506790072,22585790,46.62,16.53527222,1
1506790072,22585789,46.65,1.76899369,1
1506790072,22585788,46.66,1.76648628,1
1506790071,22585787,46.69,18.13094521,1
1506790071,22585786,46.73,1.76597107,1
1506790071,22585785,46.74,0.31695970,1
1506790064,22585779,46.89,1.76061838,1
1506790034,22585741,46.96,1.69000703,1
1506790034,22585740,46.89,0.11000000,0
1506790032,22585736,46.75,0.27813404,0
1506790028,22585730,46.75,2.16282000,0
1506790026,22585726,46.75,16.70520000,0
1506790025,22585723,46.75,3.56960000,0
1506790025,22585722,46.75,70.03369600,0
1506790024,22585719,46.75,1.76493672,0
1506790023,22585715,46.75,73.98778240,0
1506790023,22585714,46.75,1.76521702,1
1506790022,22585713,46.76,28.74000000,1
1506790022,22585712,46.81,0.99261382,1
1506789635,22585473,46.85,19.75102469,0
1506789635,22585472,46.85,1.76145644,1
1506789571,22585443,46.93,7.90194690,0
1506789571,22585441,46.89,0.11000000,0
1506789554,22585428,46.93,16.78100000,0
1506789540,22585414,46.93,5.84960600,0
1506789535,22585411,46.93,1.75594299,1
1506789396,22585371,47.00,2.12234043,0
1506789315,22585356,47.00,3.89023000,0
1506789313,22585348,46.99,0.11000000,0
1506789049,22585189,47.00,12.67317000,0
1506789049,22585188,47.00,0.11000000,0
1506789049,22585187,47.00,1.00000000,0
1506789047,22585185,46.99,4.67000000,0
1506789047,22585184,46.99,0.11000000,0
1506788974,22585151,46.99,4.04734000,0
1506788922,22585129,46.99,0.42468820,0
1506788905,22585125,46.99,10.12363309,0
1506788905,22585124,46.99,0.11000000,0
1506788905,22585123,46.99,0.11000000,0
1506788819,22585082,46.93,2.24405701,1
1506788819,22585081,46.94,1.75874299,1
1506788819,22585080,46.97,1.75733830,1
1506788813,22585077,46.97,1.08591624,1
1506788807,22585076,46.97,1.09825585,0
1506788807,22585075,46.94,0.35000000,0
1506788807,22585073,46.92,0.11000000,0
1506788806,22585072,46.91,1.65946375,0
1506788806,22585071,46.91,0.11000000,0
1506788806,22585070,46.91,1.76943303,0
1506788806,22585069,46.89,0.11000000,0
1506788804,22585068,46.88,0.11982029,0
1506788763,22585033,46.88,0.11000000,0
1506788750,22585026,46.85,0.27204590,0
1506788573,22584935,46.85,1.49649300,0
1506788547,22584904,46.84,2.04000000,0
1506788542,22584896,46.84,1.65239197,1
1506788542,22584895,46.84,0.11000000,0
1506788540,22584891,46.83,0.09775927,1
1506788533,22584886,46.83,0.11000000,0
1506788533,22584885,46.83,0.11000000,0
1506788533,22584884,46.83,0.11000000,0
1506788533,22584883,46.83,0.00000036,0
1506788533,22584882,46.83,0.00666952,0
1506788506,22584867,46.82,22.04500000,0
1506788496,22584858,46.82,6.82809800,0
1506788494,22584856,46.81,1.00263000,0
1506788493,22584854,46.81,0.45837000,0
1506788493,22584853,46.79,0.11000000,0
1506788321,22584602,46.69,0.11000000,0
1506788127,22584532,46.74,5.22528883,0
1506788126,22584531,46.69,0.11000000,0
1506787721,22584355,46.76,0.42641230,0
1506787602,22584290,46.80,1.76206273,0
1506787594,22584288,46.80,1.66000000,0
1506787593,22584287,46.79,1.65441649,1
1506787592,22584286,46.80,54.52976562,0
1506787592,22584285,46.80,1.77382346,0
1506787592,22584284,46.80,0.21641092,0
1506787581,22584272,46.79,0.11000000,0
1506787579,22584271,46.62,0.22932673,0
1506787542,22584260,46.62,1.77067327,0
1506787333,22584142,46.79,1.04015479,0
1506787259,22584112,46.79,6.84141201,0
1506787259,22584111,46.69,14.51638446,0
1506787243,22584099,46.80,39.12000000,0
1506787242,22584098,46.79,0.11000000,0
1506787242,22584097,46.69,0.11000000,0
1506787240,22584096,46.68,0.66000000,0
1506787206,22584080,46.68,56.00000000,0
1506787187,22584068,46.75,26.34632091,0
1506787187,22584067,46.74,10.34467245,0
1506787186,22584065,46.74,19.96900664,0
1506787186,22584063,46.79,30.31362003,0
1506787185,22584061,46.74,0.68637997,0
1506787171,22584055,46.74,98.89000000,0
1506787169,22584054,46.69,0.11000000,0
1506787152,22584051,46.67,2.00000000,0
1506787121,22584025,46.59,0.11000000,0
1506787095,22584016,46.61,1.50023000,0
1506786883,22583881,46.67,10.12999500,0
1506786872,22583876,46.59,1.76853890,1
1506786675,22583799,46.74,6.42362003,0
1506786615,22583770,46.61,2.00000000,1
1506786612,22583769,46.79,0.20143100,0
1506786612,22583768,46.79,0.11000000,0
1506786524,22583743,46.58,3.00000000,1
1506786520,22583742,46.80,0.31641230,0
1506786520,22583740,46.79,0.11000000,0
1506786311,22583677,46.80,1.76149794,0
1506786307,22583675,46.80,1.76305111,0
1506786305,22583674,46.80,25.00262773,0
1506786305,22583673,46.80,4.82109021,0
1506786305,22583672,46.79,0.11000000,0
1506786304,22583671,46.78,1.76476252,0
1506786304,22583670,46.78,0.00985906,0
1506786304,22583669,46.78,1.77447953,0
1506786304,22583668,46.78,29.93978773,0
1506786302,22583667,46.76,0.43101720,0
1506786302,22583666,46.76,0.11000000,0
1506786116,22583517,46.75,13.13605888,1
1506786116,22583516,46.75,1.79977000,0
1506785966,22583465,46.75,0.20023000,0
1506785966,22583464,46.75,3.50000000,0
1506785929,22583436,46.72,0.42714250,1
1506785929,22583435,46.72,1.38776188,1
1506785921,22583428,46.72,14.64844822,1
1506785920,22583427,46.72,3.31240000,1
1506785919,22583426,46.72,0.43138990,0
1506785919,22583425,46.72,0.11000000,0
1506785918,22583424,46.69,0.11000000,0
1506785541,22582819,46.71,4.26395721,0
1506785537,22582806,46.71,7.91000000,0
1506785480,22582762,46.68,7.90943289,0
1506785479,22582759,46.70,0.48163711,1
1506785472,22582739,46.70,0.00236308,0
1506785471,22582738,46.70,0.48949987,0
1506785471,22582737,46.69,0.11000000,0
1506785471,22582732,46.67,1.53754524,0
1506785471,22582731,46.67,0.24126848,0
1506785470,22582729,46.65,1.77930976,0
1506785470,22582728,46.65,0.12009348,0
1506785466,22582715,46.65,0.11000000,0
1506785458,22582708,46.63,0.93013612,0
1506785457,22582707,46.63,0.35000000,0
1506785431,22582656,46.63,0.50000000,0
1506785422,22582637,46.61,34.86000000,0
1506785420,22582635,46.62,1.76943303,0
1506785414,22582622,46.62,0.00000021,0
1506785414,22582621,46.62,1.78036200,0
1506785414,22582620,46.62,1.75211563,0
1506785414,22582619,46.62,0.02824658,0
1506785414,22582618,46.61,97.27000000,0
1506785414,22582617,46.60,6.10000000,0
1506785413,22582616,46.60,7.85900000,0
1506785413,22582615,46.60,0.11000000,0
1506785409,22582607,46.59,0.11000000,0
1506785396,22582603,46.58,11.83905186,0
1506785396,22582602,46.58,1.03516644,0
1506785396,22582601,46.57,0.00000027,0
1506785396,22582600,46.57,0.11965922,0
1506785356,22582564,46.57,0.11000000,0
1506785354,22582563,46.55,0.65567648,0
1506785354,22582562,46.55,0.11000000,0
1506785354,22582561,46.55,1.01751280,0
1506785302,22582531,46.54,0.12000000,0
1506785302,22582530,46.54,7.11519711,0
1506785302,22582529,46.54,1.78318900,0
1506784893,22582295,46.53,18.23541860,1
1506784892,22582294,46.53,9.88268829,0
1506784892,22582293,46.52,4.17038900,0
1506784754,22582242,46.45,2.00023000,0
1506784753,22582240,46.45,5.25117655,0
1506784600,22582187,46.54,1.77382346,0
1506784592,22582185,46.52,1.76476252,1
1506784588,22582184,46.30,12.17349618,1
1506784588,22582183,46.32,53.18000000,1
1506784586,22582182,46.34,17.33000000,1
1506784401,22582057,46.51,1.01751280,0
1506784401,22582056,46.51,0.76711858,0
1506784401,22582055,46.51,1.78463138,0
1506784399,22582054,46.50,0.00000107,0
1506784399,22582053,46.50,14.51003700,0
1506784399,22582051,46.50,7.19414600,0
1506784399,22582050,46.50,9.59522600,0
1506784399,22582049,46.50,1.79442300,0
1506784399,22582048,46.50,3.88791600,0
1506784398,22582047,46.50,3.88791600,0
1506784398,22582046,46.50,3.88791500,0
1506784398,22582044,46.50,3.88791600,0
1506784398,22582043,46.50,3.88791600,0
1506784398,22582042,46.50,2.77583200,0
1506784398,22582041,46.50,1.00000000,0
1506784398,22582040,46.49,49.64500000,0
1506784209,22581848,46.49,0.35500000,0
1506784209,22581847,46.49,0.11000000,0
1506784208,22581845,46.48,0.03500000,0
1506784170,22581818,46.48,0.07500000,0
1506784170,22581817,46.43,0.11000000,0
1506784169,22581816,46.42,0.11000000,0
1506784169,22581815,46.41,0.11000000,0
1506784167,22581814,46.40,0.09500000,0
1506784163,22581812,46.39,0.11000000,0
1506784161,22581811,46.38,7.04000000,0
1506784146,22581804,46.38,33.45300800,0
1506784126,22581796,46.38,0.50000000,0
1506784072,22581758,46.38,0.50000000,0
1506784031,22581731,46.38,0.50000000,0
1506783974,22581681,46.38,0.50000000,0
1506783839,22581547,46.25,3.00000000,1
1506783535,22581180,46.37,0.88850549,0
1506783533,22581179,46.29,0.11000000,0
1506782867,22580776,46.40,0.01500000,0
1506782867,22580775,46.39,0.11000000,0
1506782499,22580617,46.37,0.00000021,1
1506782480,22580609,46.39,1.77930976,0
1506782480,22580608,46.37,1.78036200,1
1506782476,22580604,46.39,1.73067090,1
1506782476,22580603,46.39,0.11000000,0
1506782476,22580602,46.38,0.11000000,0
1506782475,22580600,46.37,0.11000000,0
1506782475,22580599,46.37,0.03782565,0
1506782470,22580597,46.37,1.76173052,0
1506782470,22580596,46.36,0.46046960,0
1506782470,22580595,46.36,1.21005872,0
1506782470,22580594,46.36,0.11991701,0
1506782469,22580593,46.35,1.78966069,0
1506782469,22580592,46.29,0.11000000,0
1506782467,22580591,46.27,2.03973479,0
1506781935,22580387,46.20,50.00000000,0
1506781885,22580366,46.19,0.11000000,1
1506781648,22580306,46.19,0.11000000,0
1506780963,22579946,46.11,0.18325600,1
1506780858,22579883,46.19,3.05738522,1
1506780857,22579881,46.19,0.11000000,0
1506780041,22579604,46.26,13.45741461,0
1506780039,22579603,46.19,0.11000000,0
1506779905,22579525,46.11,1.83193617,1
1506779615,22579441,46.12,4.84000000,0
1506779615,22579440,46.12,3.60000000,1
1506779313,22579280,46.09,0.11000000,0
1506779233,22579271,46.18,0.89023000,0
1506779232,22579269,46.09,0.11000000,0
1506779089,22579236,46.09,0.11000000,0
1506779051,22579229,46.02,2.50000000,1
1506778983,22579212,46.09,0.11000000,0
1506778868,22579151,46.00,3.60919874,0
1506778867,22579149,46.03,0.00014909,1
1506778865,22579145,46.03,2.19245091,1
1506778865,22579143,46.03,2.19260000,1
1506778865,22579142,46.03,2.19260000,1
1506778865,22579141,46.03,2.19260000,1
1506778865,22579140,46.03,2.19260000,1
1506778865,22579139,46.03,2.19260000,1
1506778865,22579138,46.03,2.19260000,1
1506778864,22579137,46.03,2.19260000,1
1506778864,22579136,46.03,2.19260000,1
1506778864,22579135,46.03,3.60870000,1
1506778854,22579129,46.04,3.60808169,1
1506778850,22579128,46.01,0.00065203,1
1506778849,22579124,46.01,14.99934797,1
1506778839,22579117,46.03,14.99934826,1
1506778837,22579115,46.03,7.68535449,1
1506778837,22579113,46.05,0.00065160,1
1506778836,22579110,46.04,14.99934840,0
1506778825,22579103,46.03,7.67427206,1
1506778825,22579102,46.04,15.00000000,1
1506778815,22579083,46.03,7.65710561,1
1506778815,22579080,46.04,14.99934840,1
1506778807,22579077,46.03,7.63233434,1
1506778807,22579075,46.07,0.00065132,1
1506778806,22579073,46.06,14.99934868,0
1506778803,22579065,46.06,7.61373018,1
1506778803,22579064,46.04,14.99934840,1
1506778793,22579055,46.02,0.00428637,1
1506778793,22579054,46.02,7.59740000,1
1506778793,22579053,46.02,0.00000855,1
1506778793,22579052,46.04,15.00000000,1
1506778787,22579047,46.00,7.59739145,0
1506778784,22579045,46.01,0.00065203,1
1506778783,22579043,46.01,14.99934797,1
1506778774,22579036,46.01,14.99934797,0
1506778763,22579031,46.00,22.59173914,1
1506778737,22578996,46.05,7.44364821,1
1506778735,22578991,46.05,7.55439754,1
1506778735,22578990,46.06,0.00065132,1
1506778735,22578986,46.06,14.99934868,1
1506778726,22578979,46.00,14.99879102,0
1506778725,22578978,46.05,0.00055681,1
1506778709,22578972,46.05,7.51509230,1
1506778707,22578967,46.05,7.48365089,1
1506778707,22578966,46.06,7.51504618,1
1506778706,22578965,46.06,7.48425382,1
1506778706,22578963,46.07,0.00065118,1
1506778705,22578959,46.07,14.99934882,1
1506778696,22578950,46.03,14.99934826,0
1506778685,22578942,46.00,14.99934783,1
1506778657,22578914,46.00,14.99934783,0
1506778573,22578880,46.11,0.11000000,1
1506778573,22578879,46.11,0.11000000,1
1506778569,22578876,46.12,0.11000000,1
1506778568,22578875,46.12,0.11000000,1
1506778568,22578874,46.12,0.11000000,1
1506778568,22578873,46.12,0.11000000,1
1506778568,22578872,46.12,0.11000000,1
1506778568,22578871,46.12,0.11000000,1
1506778568,22578870,46.12,0.11000000,1
1506778568,22578869,46.12,0.11000000,1
1506778568,22578868,46.12,0.11000000,1
1506778567,22578866,46.12,0.11000000,1
1506778567,22578865,46.12,0.11000000,1
1506778567,22578863,46.12,0.11000000,1
1506778567,22578862,46.12,0.11000000,1
1506778567,22578861,46.13,15.00000000,1
1506778522,22578831,46.09,0.11000000,0
1506778500,22578815,46.16,15.00000000,0
1506778256,22578654,46.26,1.61716385,0
1506778240,22578645,46.19,0.11000000,0
1506778045,22578523,46.19,14.69146785,1
1506778041,22578522,46.19,7.00000000,1
1506778041,22578521,46.20,15.00000000,1
1506777480,22578341,46.27,1.00000000,0
1506776653,22577955,46.34,3.87500837,0
1506776653,22577954,46.34,16.69000000,0
1506776653,22577953,46.29,0.11000000,0
1506776652,22577952,46.28,0.29000000,0
1506776122,22577803,46.19,0.11000000,0
1506776104,22577793,46.18,3.80705933,0
1506775912,22577741,46.26,3.05389715,0
1506775910,22577739,46.19,0.11000000,0
1506775797,22577707,46.18,15.00000000,1
1506775446,22577567,46.26,16.72089700,0
1506775446,22577566,46.19,0.11000000,0
1506775114,22577464,46.19,0.11000000,0
1506775087,22577421,46.18,18.01574600,0
1506774949,22577380,46.30,1.77955723,0
1506774945,22577379,46.30,16.19114470,1
1506774944,22577378,46.29,0.11000000,0
1506774944,22577377,46.29,1.63000000,1
1506774944,22577376,46.28,0.25974000,0
1506774944,22577375,46.27,0.00000035,0
1506774943,22577374,46.27,1.35994110,0
1506774943,22577373,46.26,1.94000000,0
1506774941,22577372,46.19,0.11000000,0
1506774737,22577306,46.27,0.43116490,0
1506774732,22577303,46.26,4.00023000,1
1506774424,22577185,46.19,0.11000000,0
1506774410,22577182,46.15,0.11000000,1
1506774392,22577172,46.19,0.11000000,0
1506774113,22577089,46.19,0.11000000,0
1506773727,22576768,46.16,9.65300964,1
1506773726,22576767,46.09,0.11000000,0
1506773648,22576709,46.15,19.22643553,0
1506773648,22576708,46.11,2.28000000,0
1506773646,22576707,46.09,0.11000000,0
1506773623,22576702,45.99,0.11000000,0
1506773400,22576478,45.99,0.11000000,0
1506773024,22576094,45.92,0.11000000,1
1506772790,22576014,46.00,54.29311786,1
1506772790,22576013,46.01,0.00000035,1
1506772770,22576003,46.01,1.79110600,1
1506772337,22575765,46.28,0.26228835,0
1506772100,22575696,46.11,0.27865600,0
1506772099,22575695,46.14,15.00000000,1
1506772007,22575670,46.29,0.65567648,1
1506772006,22575669,46.29,0.11000000,0
1506772006,22575668,46.28,1.01751280,0
1506771963,22575577,46.17,0.00000300,1
1506771963,22575575,46.17,1.17000000,0
1506771963,22575574,46.14,3.44616700,0
1506771910,22575475,46.15,16.06679100,0
1506771909,22575472,46.15,23.77924810,0
1506771909,22575471,46.14,2.30197700,0
1506771909,22575469,46.14,1.18864490,0
1506771704,22575311,46.07,0.63953040,1
1506771703,22575310,46.09,0.46046960,1
1506771667,22575293,46.12,1.18864500,0
1506771638,22575279,46.09,1.21005872,1
1506771636,22575273,46.11,1.78994128,1
1506771616,22575260,46.12,20.62000000,0
1506771606,22575256,46.12,1.50000000,0
1506771594,22575244,46.12,6.01073600,1
1506771588,22575241,46.12,1.78997710,0
1506771586,22575240,46.12,6.01068900,1
1506771586,22575239,46.12,5.73646700,1
1506771585,22575236,46.12,3.25284400,1
1506771585,22575234,46.12,2.75724800,1
1506771584,22575232,46.12,3.25344100,1
1506771576,22575215,46.12,3.25276800,1
1506771566,22575206,46.12,3.25270599,1
1506771553,22575200,46.20,1.78433859,0
1506771550,22575197,46.12,19.35151453,0
1506771545,22575194,46.11,7.29979376,1
1506771464,22575166,46.09,0.11991701,1
1506771362,22575131,46.10,4.56420000,1
1506771362,22575129,46.10,1.78966069,1
1506771247,22575090,46.26,1.01751280,1
1506771246,22575087,46.26,0.76711858,0
1506771242,22575085,46.13,15.00000000,1
1506771240,22575082,46.12,19.49266826,0
1506771238,22575081,46.13,15.00000000,1
1506771123,22575066,46.29,4.19978613,1
1506771122,22575065,46.29,0.11000000,0
1506770533,22574827,46.21,3.31468100,0
1506770533,22574826,46.20,1.68531900,0
1506770523,22574823,46.12,5.53126710,1
1506770495,22574810,46.26,5.00000000,0
1506770323,22574731,46.26,0.45545536,0
1506770280,22574701,46.12,0.15000000,1
1506770096,22574577,46.30,0.00000027,1
1506770096,22574576,46.31,0.93013612,1
1506770093,22574573,46.31,0.85000000,0
1506770092,22574572,46.31,0.15000000,1
1506769853,22574478,46.38,0.00006980,1
1506769852,22574475,46.38,15.71016581,1
1506769851,22574474,46.38,2.69000000,0
1506769851,22574473,46.38,3.35166020,0
1506769728,22574414,46.30,1.78234000,1
1506769466,22574301,46.49,2.46500378,0
1506769466,22574300,46.49,0.11000000,0
1506769466,22574299,46.49,0.11000000,0
1506769465,22574298,46.49,18.57800000,1
1506769465,22574297,46.44,15.54200000,0
1506769463,22574295,46.39,0.11000000,0
1506768900,22573837,46.48,9.81609136,0
1506768900,22573836,46.47,3.28000000,1
1506768900,22573834,46.47,0.11000000,0
1506768899,22573833,46.42,0.11000000,0
1506768899,22573832,46.40,7.47591919,0
1506768897,22573831,46.39,0.11000000,0
1506768719,22573771,46.40,14.62171518,0
1506768718,22573770,46.39,0.11000000,0
1506768675,22573756,46.25,2.20126000,1
1506768661,22573755,46.20,2.71213144,0
1506768660,22573754,46.20,15.00000000,0
1506768400,22573584,46.40,2.00023000,0
1506768398,22573583,46.40,1.21684590,0
1506768398,22573582,46.39,0.11000000,0
1506768398,22573581,46.35,0.20000000,0
1506768398,22573580,46.29,0.11000000,0
1506767940,22573180,46.37,0.14000000,0
1506767940,22573179,46.29,0.11000000,0
1506767415,22572938,46.40,4.68528973,0
1506767414,22572937,46.39,3.67000000,0
1506767414,22572936,46.39,0.11000000,0
1506767414,22572935,46.38,1.78967024,0
1506767414,22572934,46.38,9.60706992,0
1506767413,22572932,46.29,0.11000000,0
1506767398,22572923,46.37,0.15000000,0
1506767329,22572863,46.31,25.00000000,0
1506767286,22572847,46.37,23.71252965,0
1506767286,22572846,46.37,1.28747035,0
1506767268,22572837,46.37,1.28801222,1
1506767266,22572833,46.37,1.25526896,0
1506767266,22572832,46.37,0.04528887,0
1506767266,22572831,46.29,0.11000000,0
1506767266,22572830,46.28,1.79355239,0
1506767266,22572829,46.22,0.52299048,0
1506767266,22572828,46.22,0.31468574,0
1506767265,22572827,46.22,0.49965024,0
1506767265,22572826,46.22,0.45856332,0
1506767229,22572819,46.21,5.00000000,0
1506767229,22572818,46.20,1.00000000,0
1506767100,22572757,46.19,1.00023000,0
1506766823,22572623,46.20,0.92817400,0
1506766518,22572493,45.98,6.13032063,0
1506766518,22572490,46.01,1.79355239,1
1506766516,22572486,46.11,1.78967024,1
1506766509,22572461,46.21,4.52611864,1
1506766507,22572460,46.20,4.36000000,0
1506766392,22572425,46.02,1.00000000,1
1506766275,22572363,46.19,2.10442113,0
1506766260,22572356,46.20,0.43181818,0
1506766193,22572343,46.21,2.73000000,0
1506766193,22572342,46.20,5.27000000,0
1506766053,22572283,46.20,11.03961038,0
1506766051,22572282,46.13,6.26000000,0
1506766012,22572267,46.14,21.64065886,0
1506765978,22572262,46.20,14.17424242,0
1506765976,22572260,46.19,7.44000000,0
1506765939,22572253,46.14,12.80065886,1
1506765938,22572252,46.14,8.84000000,0
1506765910,22572248,46.20,11.11493506,0
1506765908,22572247,46.19,10.50000000,0
1506765885,22572245,46.20,5.67270981,0
1506765650,22572093,46.18,1.38479861,0
1506765650,22572091,46.13,1.79940730,0
1506765649,22572090,46.10,2.00000000,0
1506765649,22572089,46.09,0.11000000,0
1506765648,22572087,45.99,0.11000000,0
1506765647,22572086,45.99,0.00171559,0
1506765336,22572002,45.99,0.10828441,0
1506765011,22571886,46.06,10.54403741,0
1506764933,22571854,45.78,2.56825469,1
1506764931,22571853,45.86,1.79940730,1
1506764923,22571843,45.95,0.52299048,1
1506764796,22571786,45.95,0.31468574,1
1506764791,22571782,45.95,0.49965024,1
1506764769,22571770,45.95,0.45856332,1
1506764765,22571767,45.96,1.99782000,0
1506764746,22571754,46.00,63.76521739,1
1506764727,22571741,46.00,0.80000000,1
1506764722,22571734,46.02,63.06481116,1
1506764722,22571733,46.02,12.69274207,1
1506764717,22571723,46.04,9.72477850,1
1506764707,22571717,46.05,2.00000000,1
1506764198,22571515,46.04,3.15523117,1
1506764196,22571514,46.10,1.74476883,1
1506763872,22571414,46.20,2.39023000,0
1506763871,22571412,46.19,0.11000000,0
1506763612,22571312,46.10,0.04528887,1
1506763612,22571311,46.19,7.82889213,1
1506763610,22571310,46.19,5.31633887,1
1506763604,22571304,46.19,0.11000000,1
1506763602,22571303,46.19,1.74476900,1
1506763559,22571290,46.20,0.25307359,1
1506763558,22571289,46.20,15.94000000,0
1506763273,22571207,46.20,0.03023000,0
1506763273,22571206,46.19,0.11000000,0
1506763271,22571205,46.09,0.11000000,0
1506763069,22571145,46.04,4.56420000,1
1506762908,22571092,46.04,10.75425700,1
1506762899,22571086,46.04,15.97779600,1
1506762694,22571030,46.17,85.00000000,0
1506762665,22571020,46.04,13.30900000,1
1506762665,22571019,46.15,0.16600000,1
1506762662,22571016,46.15,14.94400000,1
1506762626,22571000,46.09,0.11000000,0
1506762565,22570989,46.04,1.00000000,1
1506762350,22570939,46.08,9.78000000,0
1506762024,22570813,46.03,1.00000000,1
1506761361,22570462,46.18,1.07990472,0
1506760809,22570249,46.02,9.85788956,0
1506760658,22570221,46.09,0.11000000,0
1506760658,22570220,46.08,4.74000000,0
1506760642,22570209,46.08,0.50000000,0
1506760167,22570085,46.20,5.39826840,0
1506760051,22570039,46.20,8.45431314,0
1506760050,22570038,46.20,5.00023000,0
1506759924,22570002,46.01,15.63789338,1
1506759790,22569913,46.17,0.00000021,1
1506759657,22569891,46.19,5.07490799,0
1506759510,22569771,46.17,4.99999979,1
1506759372,22569712,46.21,2.00000000,1
1506759332,22569703,46.29,2.04488140,1
1506759331,22569702,46.29,0.11000000,0
1506758812,22569491,46.38,0.39293008,0
1506758812,22569490,46.38,10.24706992,1
1506758812,22569488,46.36,0.12000000,0
1506758812,22569487,46.30,0.12000000,0
1506758810,22569486,46.26,0.12000000,0
1506758136,22568474,46.18,0.23107400,1
1506758136,22568473,46.18,19.59714400,1
1506758136,22568469,46.18,8.95184500,1
1506758135,22568468,46.18,6.09363700,1
1506758135,22568465,46.18,15.12630000,1
1506758007,22568393,46.21,1.07920364,0
1506757707,22568267,46.26,0.12072381,0
1506757647,22568238,46.33,463.27706780,0
1506757647,22568237,46.30,29.41899651,0
1506757647,22568236,46.29,0.11000000,0
1506757646,22568235,46.28,16.17000000,0
1506757646,22568234,46.23,1.79549979,0
1506757646,22568233,46.19,0.11000000,0
1506757646,22568232,46.18,3.23000000,0
1506757646,22568231,46.09,0.11000000,0
1506757646,22568230,46.08,12.75432182,0
1506757612,22568219,46.08,1.52148438,0
1506757575,22568202,45.80,37.29259400,0
1506756966,22568002,46.09,7.76849642,1
1506756966,22568001,46.08,56.54000000,0
1506756965,22568000,46.04,0.43209228,0
1506756965,22567999,45.99,0.11000000,0
1506756963,22567996,45.89,0.11000000,0
1506756468,22567673,45.86,0.11138122,1
1506756437,22567669,45.86,0.11064764,1
1506756307,22567633,45.92,1.03525503,1
1506756304,22567624,45.96,1.79549979,1
1506756302,22567610,46.04,3.20450000,1
1506756299,22567601,46.04,1.79550000,1
1506756289,22567584,46.05,1.44384200,1
1506756289,22567583,46.05,1.12615800,1
1506756288,22567582,46.05,5.00000000,1
1506756256,22567559,46.13,3.39284174,0
1506755846,22567296,46.38,7.82173636,1
1506755846,22567295,46.38,13.21000000,0
1506755593,22567197,46.39,10.64475102,1
1506755592,22567196,46.29,0.11000000,0
1506755146,22567025,46.39,16.01319818,1
1506755146,22567024,46.39,0.11000000,0
1506755146,22567023,46.39,1.78928295,0
1506755146,22567021,46.26,3.60000000,1
1506755133,22567013,46.05,5.00000000,1
1506755064,22566995,46.18,7.55236032,1
1506754971,22566976,46.34,0.75258955,0
1506754969,22566975,46.34,0.28000000,0
1506754969,22566974,46.29,0.11000000,0
1506754967,22566972,46.19,0.11000000,0
1506754957,22566963,46.11,12.66799002,0
1506754957,22566962,46.12,30.39000000,1
1506754956,22566961,46.18,56.52000000,1
1506754449,22566556,46.04,1.20399134,0
1506754449,22566555,46.05,31.43000000,1
1506754297,22566495,46.34,8.61027190,0
1506754288,22566492,46.29,2.03973479,1
1506754288,22566491,46.29,0.06000000,1
1506754168,22566471,46.29,2.00000000,1
1506754142,22566465,46.29,17.94000000,1
1506754103,22566451,46.38,6.14251832,0
1506754103,22566450,46.36,0.12000000,0
1506754102,22566449,46.29,0.19000000,0
1506753459,22566153,46.30,2.15879000,0
1506753459,22566152,46.29,0.11000000,0
1506753347,22566062,46.35,3.63192876,1
1506753347,22566061,46.32,0.11000000,0
1506753346,22566060,46.31,4.58000000,0
1506753346,22566059,46.29,0.11000000,0
1506753346,22566058,46.28,0.92000000,0
1506753344,22566057,46.19,0.11000000,0
1506753012,22565832,46.18,0.43101720,0
1506752783,22565689,46.30,2.04449244,0
1506752781,22565687,46.29,0.11000000,0
1506752526,22565527,46.29,1.05526247,0
1506752526,22565526,46.29,0.11000000,0
1506752524,22565524,46.27,0.99000000,0
1506752412,22565424,46.26,0.43138990,1
1506752319,22565387,46.26,1.78463138,0
1506752317,22565384,46.26,2.15888456,1
1506752316,22565382,46.29,7.71376107,1
1506752316,22565381,46.27,1.79394153,0
1506752316,22565380,46.26,0.11000000,0
1506752315,22565378,46.25,1.79464660,0
1506752315,22565377,46.25,1.79464660,0
1506752315,22565376,46.24,0.12000000,0
1506752315,22565375,46.24,0.14722000,0
1506752315,22565373,46.24,1.79394150,0
1506752315,22565372,46.24,0.00116847,0
1506752314,22565371,46.20,1.79394176,0
1506752314,22565370,46.20,0.00272850,0
1506752314,22565369,46.19,0.11000000,0
1506752313,22565368,46.16,0.35000000,0
1506752313,22565367,46.16,0.12000000,0
1506752313,22565366,46.14,1.79802082,0
1506752313,22565365,46.13,1.79394206,0
1506752313,22565364,46.13,0.00546524,0
1506752312,22565362,46.11,0.11000000,0
1506752312,22565361,46.09,0.11000000,0
1506752310,22565359,46.07,0.11000000,0
1506751598,22564224,46.00,1.79464660,0
1506751596,22564220,46.07,1.58476231,1
1506751596,22564219,46.02,0.18000000,1
1506751596,22564218,46.00,1.56000000,1
1506751595,22564217,46.00,7.79000000,1
1506751595,22564216,46.00,20.53000001,0
1506751595,22564215,45.99,27.54169600,0
1506751595,22564214,45.99,3.59480010,0
1506751594,22564213,45.89,1.99900000,0
1506751594,22564211,46.00,1.79464660,1
1506751594,22564210,46.07,2.59604530,1
1506751593,22564209,46.07,22.07512700,1
1506751593,22564208,46.07,6.34771200,1
1506751593,22564206,46.03,1.80319571,0
1506751593,22564204,46.03,1.80333185,0
1506751592,22564202,46.02,2.94123799,0
1506751592,22564200,46.02,2.94123799,0
1506751592,22564199,46.01,0.12000000,0
1506751591,22564198,46.01,1.80423676,0
1506751591,22564197,46.00,0.80000000,0
1506751591,22564196,46.00,7.99523300,0
1506751591,22564195,46.00,9.00000000,0
1506751591,22564194,46.00,0.50000000,0
1506751591,22564193,46.00,2.04636958,0
1506751590,22564192,46.00,1.00000000,0
1506751590,22564191,45.99,0.11000000,0
1506751590,22564190,45.99,0.92411119,0
1506751590,22564189,45.99,0.88080896,0
1506751589,22564188,45.97,26.88262277,0
1506751589,22564187,45.97,0.11000000,0
1506751589,22564186,45.97,0.15274381,0
1506751589,22564185,45.97,1.40295100,0
1506751589,22564183,45.96,1.92000000,0
1506751589,22564181,45.95,1.69664224,0
1506751588,22564180,45.95,0.11000000,0
1506751588,22564179,45.94,1.17443270,0
1506751588,22564178,45.94,0.63251700,0
1506751588,22564177,45.93,0.52059936,0
1506751587,22564173,45.92,0.12000000,0
1506751587,22564170,45.89,0.11000000,0
1506751586,22564168,45.88,1.02902088,0
1506751586,22564167,45.87,9.62000000,0
1506751586,22564166,45.87,0.11000000,0
1506751586,22564165,45.87,36.90650002,0
1506751584,22564163,45.85,2.22000000,0
1506751441,22563881,45.82,1.40653072,0
1506751441,22563880,45.82,0.40509867,0
1506751441,22563879,45.81,0.18389114,0
1506751436,22563877,45.80,1.99000000,0
1506750988,22563719,45.79,1.10991701,0
1506750988,22563718,45.79,0.11000000,0
1506750844,22563653,45.56,1.30769230,1
1506750745,22563617,45.76,0.21787587,0
1506750525,22563583,45.76,1.08981643,0
1506750271,22563481,45.74,1.00000000,0
1506750190,22563424,45.75,1.80423676,0
1506750013,22563351,45.81,2.41213708,0
1506750011,22563350,45.71,1.14600079,0
1506750011,22563349,45.71,0.67000000,0
1506749985,22563337,45.63,0.00000576,0
1506749984,22563336,45.59,0.11000000,0
1506749957,22563317,45.63,1.81919700,0
1506749947,22563316,45.59,0.12000000,0
1506749672,22563186,45.51,0.14938302,0
1506749672,22563185,45.50,0.62809311,0
1506749672,22563184,45.49,0.12000000,0
1506749627,22563160,45.50,13.00000000,0
1506749622,22563157,45.50,12.91000000,0
1506749622,22563156,45.49,4.09000000,0
1506749597,22563145,45.50,1.00000000,0
1506749584,22563144,45.49,0.88000000,0
1506749584,22563143,45.49,0.12000000,0
1506749453,22563116,45.49,11.00000000,0
1506749446,22563114,45.50,11.00000000,0
1506749441,22563111,45.49,0.88000000,0
1506749441,22563110,45.49,0.12000000,0
1506749421,22563106,45.48,1.00000000,0
1506749226,22563018,45.50,1.95912087,0
1506749226,22563017,45.49,0.12000000,0
1506749116,22562964,45.39,0.12000000,0
1506749116,22562963,45.38,2.05000000,0
1506749076,22562942,45.36,5.00000000,0
1506748728,22562811,45.49,3.88000000,0
1506748728,22562810,45.49,0.12000000,0
1506748719,22562805,45.48,4.00000000,0
1506748696,22562795,45.39,0.12000000,0
1506748693,22562790,45.38,1.00000000,0
1506748653,22562775,45.39,0.12000000,0
1506748636,22562774,45.42,3.76000000,0
1506748636,22562773,45.39,0.12000000,0
1506748635,22562772,45.29,0.12000000,0
1506748585,22562759,45.29,0.12000000,0
1506748549,22562753,45.32,5.00000000,0
1506748516,22562731,45.29,0.12000000,0
1506748492,22562725,45.29,0.12000000,1
1506748482,22562724,45.29,0.64000000,0
1506748482,22562723,45.29,7.36000000,0
1506748480,22562719,45.28,19.00000000,0
1506748478,22562718,45.29,6.35000000,1
1506748332,22562680,45.42,1.88023000,0
1506748330,22562679,45.39,0.12000000,0
1506748192,22562626,45.37,4.00000000,1
1506748127,22562603,45.37,10.00000000,0
1506748099,22562590,45.38,0.25000000,0
1506748090,22562579,45.29,3.00000000,1
1506748074,22562488,45.38,1.25000000,0
1506748069,22562442,44.97,37.19131200,1
1506748051,22562255,45.38,2.93000000,0
1506748033,22562089,45.33,10.00000000,0
1506748029,22562051,44.59,69.00000000,0
1506748029,22562049,44.59,80.30610877,0
1506748028,22562042,45.03,7.01193771,0
1506748027,22562037,45.23,14.02553158,1
1506748025,22562017,45.01,0.19452032,0
1506748025,22562014,45.01,10.70000000,0
1506748025,22562011,45.12,7.32983068,1
1506748023,22561987,45.11,2.40000000,1
1506748023,22561982,45.23,7.63283800,1
1506748022,22561977,45.23,6.58716200,1
1506747994,22561930,45.29,0.12000000,0
1506747989,22561926,45.28,16.39482965,1
1506747967,22561916,45.29,0.12000000,0
1506747425,22561765,45.40,2.56000000,0
1506747416,22561762,45.40,4.00000000,0
1506747397,22561757,45.36,1.52772172,0
1506747393,22561754,45.36,4.00000000,0
1506747373,22561749,45.36,13.00000000,0
1506747359,22561747,45.35,8.00000000,0
1506747332,22561735,45.36,1.00000000,0
1506747323,22561734,45.35,0.50000000,0
1506747323,22561733,45.35,6.00000000,0
1506747314,22561731,45.36,29.36132400,0
1506747313,22561730,45.36,17.22224600,0
1506747312,22561727,45.36,12.51557400,0
1506747312,22561726,45.35,14.48442600,0
1506747303,22561722,45.35,1.97557400,0
1506747301,22561710,45.35,17.55214800,0
1506747299,22561699,45.36,10.00000000,0
1506747298,22561695,45.36,1.00000000,0
1506747294,22561672,45.36,23.00000000,0
1506747294,22561669,45.36,2.37313428,0
1506747290,22561663,45.36,18.00000000,0
1506747286,22561656,45.35,7.00000000,0
1506747264,22561517,45.08,6.53799996,0
1506747264,22561514,45.08,29.27621355,0
1506747264,22561508,45.27,15.29407245,1
1506747263,22561499,45.08,14.21868300,1
1506747263,22561498,45.08,8.26212567,1
1506747263,22561497,45.28,0.14913833,1
1506747263,22561496,45.29,2.46000000,1
1506747262,22561494,45.31,1.98518100,1
1506747262,22561493,45.31,4.84210224,1
1506747262,22561492,45.36,1.81920276,1
1506747262,22561490,45.37,15.00000000,1
1506747260,22561478,45.38,53.02145300,1
1506747018,22561082,45.45,4.59985287,1
1506747013,22561069,45.44,13.98692719,0
1506738737,22559149,45.42,0.75000000,1
1506738583,22559094,45.37,0.75000000,0
1506738567,22559088,45.40,4.00000000,1
1506738410,22559067,45.61,0.39308000,0
1506738408,22559066,45.59,0.11000000,0
1506738257,22559048,45.50,1.00000000,0
1506738257,22559047,45.50,29.33898700,0
1506738226,22559043,45.50,20.66101300,0
1506738225,22559042,45.49,5.79447800,0
1506738194,22559037,45.49,17.61382900,0
1506738187,22559025,45.49,17.07542000,0
1506738187,22559024,45.48,1.19000000,0
1506738187,22559023,45.45,0.24000000,0
1506737394,22558745,45.49,4.57627300,0
1506735956,22558328,45.48,2.33000000,0
1506735956,22558327,45.47,0.47000000,0
1506735907,22558275,45.49,2.28000000,0
1506735907,22558274,45.48,0.72000000,0
1506735902,22558257,45.48,2.00000000,0
1506735895,22558239,45.49,2.66000000,0
1506735895,22558238,45.49,0.11000000,0
1506735895,22558236,45.48,3.23000000,0
1506735863,22558171,45.46,1.14600079,1
1506735820,22558138,45.46,0.67000000,1
1506735816,22558121,45.46,0.08516471,0
1506735816,22558119,45.39,1.51549471,0
1506735816,22558117,45.39,0.31000000,0
1506735815,22558116,45.39,0.12000000,0
1506735815,22558113,45.38,1.82934058,0
1506735815,22558111,45.29,0.12000000,0
1506735705,22557945,45.20,1.33670253,0
1506735705,22557943,45.20,0.49987600,0
1506735186,22557604,45.05,1.84271819,0
1506733627,22557334,45.04,1.82934058,0
1506733613,22557325,44.91,1.84807781,0
1506733611,22557324,44.90,6.86267894,0
1506733325,22557223,44.82,2.14569367,1
1506733317,22557219,44.82,4.94466734,1
1506732328,22557000,44.83,28.78822402,1
1506732309,22556987,44.80,4.69000000,0
1506732304,22556982,44.82,13.00000000,1
1506732253,22556974,44.79,7.20000000,1
1506732252,22556968,44.79,7.20000000,0
1506732166,22556946,44.77,4.00000000,0
1506732032,22556937,44.73,8.56000000,0
1506731986,22556930,44.73,18.12374869,0
1506731975,22556928,44.71,9.56000000,0
1506731930,22556925,44.64,10.16000000,0
1506731926,22556924,44.62,11.00000000,0
1506731782,22556862,44.63,12.08000000,0
1506731413,22556797,44.61,14.35000000,0
1506731225,22556755,44.66,3.12785490,0
1506729808,22556532,44.51,9.99955838,0
