date,tid,price,amount,type
1506815963,22597387,55.15,0.25000000,0
1506815960,22597386,55.15,0.25000000,0
1506815953,22597385,55.15,0.25000000,0
1506815950,22597384,55.15,0.25000000,0
1506815823,22597369,55.29,0.50000000,0
1506815701,22597360,55.26,0.25000000,0
1506815697,22597359,55.20,0.25000000,0
1506815079,22597302,55.29,0.50000000,0
1506815024,22597298,55.28,0.25000000,0
1506814817,22597251,55.29,0.25000000,0
1506814814,22597250,55.28,0.25000000,0
1506814810,22597248,55.28,0.25000000,0
1506814808,22597247,55.27,0.25000000,0
1506814355,22597143,55.27,0.25000000,0
1506814271,22597126,55.28,0.70000000,0
1506814190,22597105,55.11,7.04000000,0
1506814108,22597086,55.07,28.00000000,1
1506813846,22597032,55.07,1.06646087,0
1506813656,22596999,55.37,14.85461441,1
1506813654,22596998,55.20,4.89634702,0
1506813084,22596885,55.06,12.50000000,1
1506811735,22596677,55.02,25.60628108,0
1506810973,22596479,55.08,0.25000000,1
1506810970,22596478,55.12,0.50000000,1
1506810967,22596476,55.00,0.43830000,0
1506810965,22596475,55.22,0.06170000,1
1506810962,22596474,55.22,0.50000000,1
1506810958,22596472,55.22,0.25000000,1
1506810690,22596392,55.26,14.73978371,0
1506810673,22596389,55.22,1.20173600,1
1506810660,22596379,55.22,1.66186400,1
1506810656,22596377,55.22,10.00000000,1
1506810655,22596376,55.22,0.81170000,1
1506809988,22596155,55.21,104.00000000,0
1506809975,22596098,55.19,16.54000000,0
1506809832,22596004,54.98,0.09246862,1
1506809796,22595939,54.96,27.03981284,0
1506809794,22595938,54.99,0.64745749,1
1506809794,22595937,54.99,0.64745749,1
1506809677,22595891,55.20,28.71009100,0
1506809672,22595885,55.01,45.25639358,1
1506809492,22595822,55.21,0.52756746,1
1506809430,22595735,55.25,30.86000000,0
1506809419,22595724,55.25,110.00000000,0
1506809366,22595619,55.02,4.30116322,1
1506809059,22595449,55.02,15.00000000,0
1506808816,22595353,55.01,26.65966607,0
1506808694,22595295,55.06,1.49919150,0
1506808125,22595114,55.28,0.06385672,1
1506808123,22595112,55.20,5.36000000,0
1506807201,22594569,55.36,0.25213527,0
1506807051,22594433,55.36,1.25972387,0
1506806928,22594311,55.40,1.26067663,0
1506806724,22594202,55.14,6.83900936,1
1506806687,22594151,55.21,0.58223028,1
1506806097,22593715,55.50,92.49320843,1
1506806097,22593713,55.50,5.01820700,1
1506806097,22593712,55.50,62.91986900,1
1506806097,22593711,55.50,42.10000000,1
1506806097,22593710,55.50,100.00000000,1
1506806097,22593709,55.50,62.97489500,1
1506806097,22593708,55.50,97.56354000,1
1506806096,22593707,55.50,16.77060400,1
1506806095,22593706,55.50,22.30000000,1
1506806095,22593705,55.50,12.35687000,1
1506806095,22593704,55.50,177.70000000,1
1506806095,22593703,55.50,37.69878600,1
1506806095,22593702,55.50,17.40000000,1
1506806095,22593701,55.50,177.70000000,1
1506806095,22593700,55.50,22.30000000,1
1506806095,22593698,55.50,4.40557000,1
1506806095,22593697,55.50,6.69962300,1
1506806093,22593695,55.50,177.70000000,1
1506806093,22593694,55.50,45.78367300,1
1506806093,22593693,55.50,97.18369700,1
1506806093,22593692,55.50,18.11397900,1
1506806093,22593691,55.50,66.93107700,1
1506806093,22593690,55.50,13.02845800,1
1506806093,22593689,55.50,1.06115500,1
1506806092,22593687,55.52,1.48638350,0
1506806091,22593686,55.50,64.17263800,1
1506806091,22593685,55.50,83.21460900,1
1506806091,22593684,55.50,50.00000000,1
1506806091,22593682,55.50,9.14474700,1
1506806091,22593681,55.50,50.00000000,1
1506806090,22593678,55.50,206.00000000,1
1506806090,22593677,55.50,12.66900901,1
1506806088,22593676,55.50,100.00000000,0
1506806088,22593675,55.49,80.00000000,0
1506806088,22593674,55.48,90.00000000,0
1506806088,22593673,55.48,2.00000000,0
1506806087,22593671,55.48,1.49361483,0
1506806087,22593670,55.45,2.22000000,0
1506806087,22593669,55.44,101.00000000,0
1506806087,22593668,55.37,109.00000000,0
1506806087,22593667,55.36,11.09000000,0
1506806087,22593666,55.35,2.00000000,0
1506805847,22593593,55.26,23.31912600,0
1506805422,22593430,55.06,48.00000000,0
1506805413,22593426,55.06,0.50000000,0
1506805410,22593424,55.06,0.50000000,0
1506805400,22593420,55.06,15.00000000,1
1506804800,22593178,55.29,1.00000000,0
1506804730,22593169,55.27,0.23859649,0
1506804715,22593165,55.27,0.12627452,0
1506804397,22593107,55.19,1.00000000,0
1506804253,22593042,55.20,1.00000000,0
1506804207,22592965,55.18,2.41000000,1
1506804204,22592960,55.20,20.00000000,1
1506803699,22592792,55.06,4.00000000,0
1506803554,22592721,55.23,21.20840123,0
1506803550,22592714,55.00,43.23114196,0
1506803548,22592711,55.00,13.85757294,0
1506803542,22592708,55.00,3.84534600,0
1506803538,22592699,55.00,13.85173209,0
1506803537,22592698,55.00,3.84534500,0
1506803524,22592679,55.00,13.85108651,0
1506803514,22592670,55.00,13.84807382,0
1506803503,22592659,55.00,5.92877104,0
1506803501,22592653,55.00,1.33557200,0
1506803500,22592651,55.00,40.44820000,0
1506803483,22592641,55.00,45.38713127,0
1506803475,22592630,55.00,36.25296400,0
1506803474,22592622,55.00,1.31343600,0
1506803473,22592619,55.00,47.21970500,0
1506803470,22592613,55.00,7.41949500,0
1506803470,22592612,55.00,29.02504100,0
1506803470,22592611,55.00,1.77581818,0
1506803463,22592600,55.00,28.78640000,0
1506803463,22592597,55.00,4.67127800,0
1506803460,22592585,55.00,24.77289400,0
1506803458,22592575,55.00,20.89006003,0
1506803449,22592534,55.00,57.96494366,0
1506803448,22592530,55.00,1.49700200,0
1506803447,22592522,55.00,10.64983600,0
1506803447,22592521,54.99,2.87000000,0
1506803445,22592519,54.99,10.30000000,0
1506803440,22592506,55.00,19.03093416,0
1506803439,22592501,55.00,62.93164000,0
1506803439,22592500,55.00,13.59280700,0
1506803439,22592498,55.00,71.90803600,0
1506803438,22592497,55.00,31.58253300,0
1506803438,22592496,55.00,50.00000000,0
1506803438,22592494,55.00,9.08294700,0
1506803434,22592485,55.00,13.59289300,0
1506803433,22592483,55.00,0.86048400,0
1506803433,22592482,55.00,37.42642900,0
1506803433,22592481,55.00,22.48884600,0
1506803433,22592480,55.00,7.82715400,0
1506803433,22592479,55.00,72.54659100,0
1506803433,22592478,55.00,6.27000000,0
1506803432,22592475,55.00,31.29000000,0
1506803431,22592474,55.00,52.21787100,0
1506803431,22592473,55.00,76.28350400,0
1506803431,22592472,55.00,7.04547700,0
1506803431,22592471,55.00,18.70252400,0
1506803431,22592470,55.00,50.00000000,0
1506803431,22592469,55.00,50.00000000,0
1506803430,22592468,55.00,50.00000000,0
1506803430,22592467,55.00,50.00000000,0
1506803430,22592466,55.00,50.00000000,0
1506803430,22592465,55.00,50.00000000,0
1506803430,22592464,55.00,9.03000000,0
1506803428,22592458,55.00,0.10000000,0
1506803428,22592457,55.00,15.55887000,0
1506803428,22592456,55.00,8.80504200,0
1506803428,22592455,55.00,1.49700100,0
1506803426,22592454,55.00,7.24740973,0
1506803426,22592453,55.00,10.00000000,1
1506803425,22592452,55.01,112.00000000,1
1506803425,22592449,55.02,7.07000000,1
1506803425,22592448,55.09,100.00000000,1
1506803425,22592446,55.09,2.41000000,1
1506803425,22592445,55.11,35.32000000,1
1506803425,22592444,55.18,46.76500000,1
1506803425,22592443,55.19,15.00000000,1
1506802323,22591755,55.36,1.42340600,0
1506802118,22591643,55.45,1.49706256,0
1506802118,22591642,55.41,0.00000005,0
1506802065,22591612,55.41,8.84180400,0
1506802037,22591594,55.40,11.81000000,0
1506801975,22591543,55.40,5.74197700,0
1506801972,22591536,55.40,4.69863600,0
1506801839,22591500,55.35,31.88153253,1
1506801798,22591486,55.35,0.39327109,0
1506801124,22591173,55.34,1.20322228,1
1506801123,22591169,55.34,1.17560900,0
1506800701,22591006,55.12,5.39956803,1
1506799856,22590666,55.34,1.26322457,0
1506799689,22590550,55.07,14.05932261,0
1506799688,22590549,55.12,2.43000000,1
1506799688,22590548,55.12,1.49706256,1
1506799688,22590547,55.17,2.22000000,1
1506799686,22590545,55.18,1.49361483,1
1506799342,22590450,55.35,3.42402891,0
1506799025,22590379,55.25,5.00000000,0
1506798688,22590274,55.51,1.26842010,1
1506798688,22590272,55.50,4.73000000,0
1506798686,22590271,55.42,4.00000000,0
1506798629,22590257,55.41,0.16838116,0
1506798446,22590213,55.39,1.00777941,1
1506798010,22590009,55.26,4.63028430,0
1506797148,22589475,55.40,0.49158137,1
1506796682,22589292,55.63,33.31925220,0
1506796323,22589090,55.41,1.73347183,0
1506796172,22589043,55.41,39.21089310,1
1506795740,22588744,55.58,0.48664300,1
1506795724,22588736,55.58,15.73300000,1
1506795687,22588722,55.58,0.99997100,1
1506795575,22588688,55.58,5.30400000,1
1506795561,22588682,55.58,22.93115200,1
1506795506,22588668,55.58,0.35018800,1
1506795492,22588664,55.58,1.43856000,1
1506795490,22588662,55.58,1.54845000,1
1506795489,22588661,55.58,0.31968000,1
1506795484,22588660,55.63,8.53595133,1
1506795468,22588642,55.58,0.12350000,1
1506795451,22588634,55.58,0.76485600,1
1506795231,22588471,55.65,62.14729829,0
1506795231,22588470,55.65,1.49151573,0
1506795209,22588450,55.63,1.48308797,0
1506795206,22588444,55.64,0.24574993,1
1506795204,22588438,55.46,0.00425007,0
1506795203,22588435,55.46,0.00268210,0
1506795201,22588433,55.41,0.24731790,0
1506795199,22588427,55.41,0.25000000,0
1506795195,22588422,55.41,0.25000000,0
1506795188,22588411,55.41,0.25000000,0
1506795186,22588408,55.41,0.50000000,0
1506795179,22588393,55.40,0.25000000,0
1506795177,22588391,55.40,0.25114292,0
1506795175,22588388,55.38,0.24885708,0
1506795172,22588382,55.38,0.50000000,0
1506795169,22588377,55.38,0.25000000,0
1506795167,22588372,55.38,0.50000000,0
1506794914,22588211,55.30,50.00000000,1
1506794779,22588167,55.32,5.73000000,1
1506794777,22588166,55.32,44.27000000,1
1506794765,22588164,55.34,1.00939646,0
1506794496,22588053,55.37,12.60677410,0
1506794440,22588040,55.37,53.91060141,1
1506794351,22588000,55.13,2.70000000,1
1506792295,22587159,55.08,0.00000581,0
1506792240,22587096,55.08,6.14878400,0
1506792082,22587055,55.01,4.00000000,1
1506792032,22587028,55.08,12.32000000,1
1506791762,22586898,55.35,3.16249768,0
1506791745,22586886,55.10,4.81757911,1
1506791542,22586819,55.11,27.68990035,0
1506791542,22586818,55.11,8.91318200,0
1506791520,22586812,55.12,8.27585983,1
1506791509,22586811,55.10,8.99954800,1
1506791406,22586757,55.27,0.02999850,1
1506791405,22586754,55.27,0.50000000,1
1506791282,22586707,55.37,1.23399275,0
1506791126,22586648,55.27,14.43055100,1
1506791126,22586647,55.28,9.49999500,1
1506791126,22586646,55.28,1.00706100,1
1506791120,22586640,55.28,0.52999900,1
1506791115,22586638,55.28,8.10000000,1
1506791029,22586616,55.29,9.49999500,0
1506790856,22586556,55.31,0.50000000,1
1506790853,22586555,55.30,0.50000000,1
1506790848,22586554,55.31,0.25000000,1
1506790845,22586552,55.31,0.25000000,1
1506790843,22586549,55.31,0.25000000,1
1506790839,22586528,55.32,0.50000000,1
1506790793,22586478,55.35,1.49151573,0
1506790792,22586470,55.35,6.47207600,0
1506790791,22586466,55.30,10.00000000,0
1506790745,22586419,55.01,10.58700000,1
1506790745,22586418,55.01,10.00000000,1
1506790679,22586399,55.02,7.91318769,0
1506790679,22586398,55.02,1.49885708,0
1506790679,22586397,55.07,1.49841909,1
1506790677,22586396,55.08,9.00000000,1
1506790649,22586390,55.08,0.25000000,1
1506790644,22586389,55.08,0.25000000,1
1506790630,22586386,55.08,0.50000000,1
1506790608,22586372,55.11,0.50000000,1
1506790604,22586369,55.12,0.50000000,1
1506790470,22586327,55.10,8.16380570,0
1506790470,22586325,55.10,1.49731790,1
1506790436,22586257,55.16,0.50000000,1
1506790323,22586211,55.44,1.00000000,0
1506790296,22586204,55.36,1.48864981,0
1506790295,22586202,55.16,29.53875911,0
1506790291,22586200,55.16,32.36864000,0
1506790269,22586188,55.16,19.49525900,0
1506790269,22586186,55.16,10.04350000,0
1506790264,22586180,55.16,38.78166534,0
1506790264,22586179,55.13,0.00000566,0
1506790255,22586168,55.11,21.35782391,0
1506790242,22586158,55.13,2.76554600,0
1506790223,22586145,55.13,9.00000000,0
1506790219,22586136,55.16,1.00000000,0
1506790176,22586096,55.15,5.00000000,1
1506790163,22586085,55.16,1.49343429,1
1506790110,22585916,55.40,0.00000017,1
1506790105,22585883,55.41,1.48727659,1
1506790097,22585836,55.40,12.07999983,1
1506790096,22585834,55.42,1.48897470,1
1506790096,22585833,55.42,0.96653261,1
1506790096,22585831,55.45,1.47211086,1
1506790092,22585828,55.53,31.99157002,1
1506790074,22585792,55.53,28.66900000,1
1506790067,22585781,55.53,0.81570000,1
1506790066,22585780,55.53,30.13595200,1
1506790050,22585764,55.53,0.50000000,1
1506790030,22585732,55.53,0.25000000,1
1506790029,22585731,55.53,2.16282000,1
1506790028,22585729,55.53,0.50000000,1
1506790027,22585728,55.53,16.70520000,1
1506790025,22585721,55.53,0.50000000,1
1506790003,22585698,55.53,0.50000000,1
1506789994,22585697,55.53,0.50000000,1
1506789982,22585690,55.53,0.50000000,1
1506789978,22585687,55.53,24.85000000,1
1506789976,22585685,55.54,0.75000000,1
1506789946,22585673,55.54,0.25000000,1
1506789571,22585444,55.62,6.14634900,0
1506789298,22585335,55.62,19.91046386,0
1506789219,22585312,55.62,4.31355627,0
1506789067,22585246,55.62,0.21437810,0
1506788867,22585107,55.62,1.48424566,0
1506788862,22585103,55.62,1.48403775,0
1506788858,22585102,55.62,16.44696936,0
1506788858,22585101,55.62,1.49235511,0
1506788858,22585100,55.62,1.49235444,0
1506788857,22585099,55.62,0.00000034,0
1506788857,22585098,55.60,1.49304467,0
1506788857,22585097,55.60,1.49300768,0
1506788857,22585096,55.59,1.49206057,0
1506788856,22585095,55.55,1.49424513,0
1506788856,22585094,55.55,0.00000008,0
1506788854,22585091,55.54,1.49462699,0
1506788854,22585090,55.54,0.00868958,0
1506788779,22585061,55.52,0.97338314,0
1506788779,22585060,55.52,1.49505700,0
1506788779,22585059,55.52,0.52177118,0
1506788779,22585058,55.52,1.51382486,0
1506788779,22585057,55.50,13.16578090,0
1506788716,22585009,55.51,1.48617463,1
1506788647,22584979,55.52,1.48617514,0
1506788627,22584967,55.51,1.11426784,0
1506788627,22584966,55.51,0.38102964,0
1506788627,22584965,55.51,1.06974552,0
1506788573,22584934,55.51,2.98925400,0
1506788552,22584914,55.51,1.48659167,0
1506788551,22584913,55.51,16.45440881,0
1506788551,22584912,55.50,0.00840019,0
1506788549,22584910,55.50,1.48713865,0
1506788549,22584909,55.50,5.00000000,0
1506788549,22584908,55.50,9.68650635,0
1506788548,22584906,55.50,1.48748461,0
1506788546,22584903,55.50,3.52799117,0
1506788546,22584902,55.50,1.99999983,0
1506788545,22584901,55.50,0.00000017,0
1506788545,22584900,55.49,1.49588450,0
1506788545,22584899,55.48,0.00861333,0
1506788544,22584898,55.48,1.48717959,0
1506788544,22584897,55.48,0.00870541,0
1506788490,22584849,55.44,1.49722611,0
1506788490,22584848,55.43,0.74743776,0
1506788485,22584846,55.43,0.25000000,0
1506788483,22584838,55.43,0.25000000,0
1506788480,22584836,55.43,0.25000000,0
1506788474,22584829,55.42,0.25000000,0
1506788468,22584822,55.42,0.25000000,0
1506788466,22584817,55.42,0.49140976,0
1506788464,22584809,55.41,0.00859024,0
1506788275,22584589,55.27,1.49034916,0
1506788274,22584588,55.39,90.43878333,0
1506788274,22584587,55.39,0.33753008,0
1506788274,22584585,55.38,1.39000000,0
1506788274,22584584,55.31,112.00000000,0
1506788273,22584583,55.30,105.00000000,1
1506788273,22584582,55.30,72.49746243,1
1506788272,22584581,55.30,8.50000000,1
1506788272,22584580,55.30,6.94000000,0
1506787780,22584421,55.06,0.33753008,1
1506787778,22584418,55.29,0.38796992,1
1506787252,22584109,55.38,1.49031997,0
1506787251,22584108,55.10,14.51633310,0
1506787250,22584107,55.10,10.00000000,0
1506787248,22584106,55.10,50.00000000,0
1506787248,22584104,55.10,1.49588450,0
1506787246,22584103,55.11,73.98778240,1
1506787244,22584101,55.38,1.48083205,1
1506787237,22584094,55.15,8.50304537,0
1506787235,22584093,55.15,1.49695463,0
1506787187,22584069,55.20,10.00000000,0
1506787187,22584066,55.11,10.00000000,0
1506787141,22584031,55.08,10.00000000,0
1506787122,22584026,55.07,0.00144499,0
1506787120,22584023,55.08,0.24855501,1
1506787116,22584022,55.08,0.25000000,1
1506787112,22584021,55.08,0.50000000,1
1506787109,22584020,55.08,0.50000000,1
1506787106,22584019,55.09,0.50000000,1
1506787047,22583979,55.09,7.13688569,0
1506787045,22583974,55.09,1.49787618,1
1506787045,22583973,55.11,1.36483976,1
1506787003,22583948,55.10,10.00000000,1
1506786964,22583910,55.10,10.00000000,1
1506786944,22583904,55.29,1.49304467,0
1506786943,22583903,55.21,86.01213548,0
1506786942,22583902,55.20,8.52000000,1
1506786942,22583901,55.11,85.95946090,0
1506786940,22583900,55.10,0.54000000,0
1506786922,22583897,55.10,50.00000000,0
1506786911,22583890,55.10,1.49579292,1
1506786909,22583888,55.11,14.13953910,1
1506786821,22583852,55.18,5.00000000,1
1506786811,22583849,55.20,1.00000000,0
1506786763,22583825,55.22,4.80000000,1
1506786761,22583824,55.23,1.49206057,1
1506786737,22583816,55.29,1.00000000,0
1506786584,22583753,55.25,10.00000000,1
1506786427,22583715,55.21,8.00000000,1
1506786205,22583566,55.10,10.94649088,1
1506786205,22583565,55.11,0.75000000,1
1506786205,22583564,55.13,28.74000000,1
1506786205,22583563,55.15,1.49624982,1
1506786204,22583562,55.17,0.97338314,1
1506786204,22583561,55.21,1.11426824,1
1506786204,22583560,55.25,1.49424513,1
1506786204,22583559,55.27,1.49300768,1
1506786204,22583558,55.31,1.49235511,1
1506786204,22583557,55.32,1.50000000,1
1506786006,22583486,55.32,0.50000000,1
1506786000,22583481,55.32,0.50000000,1
1506785940,22583441,55.32,0.50000000,1
1506785921,22583429,55.39,14.65000000,0
1506785836,22583390,55.32,1.50000000,1
1506785805,22583362,55.32,0.50000000,1
1506785803,22583357,55.38,0.75000000,1
1506785788,22583350,55.38,0.50000000,1
1506785784,22583333,55.38,0.50000000,1
1506785780,22583303,55.38,0.25000000,1
1506785587,22582877,55.38,0.00889316,0
1506785586,22582876,55.38,1.48993611,0
1506785586,22582875,55.36,0.00819689,0
1506785545,22582828,55.34,0.00000041,0
1506785545,22582826,55.34,0.99077642,0
1506785545,22582824,55.34,0.50926961,0
1506785545,22582822,55.32,0.00764556,0
1506785516,22582786,55.32,1.49235444,0
1506785513,22582784,55.32,1.50000000,0
1506785500,22582778,55.31,1.50073399,0
1506785500,22582777,55.30,1.00000000,0
1506785500,22582776,55.30,1.50112995,0
1506785500,22582775,55.30,1.49553884,0
1506785500,22582774,55.29,1.50140298,0
1506785500,22582771,55.28,1.41137624,0
1506785462,22582712,55.28,0.09008683,0
1506785449,22582684,55.25,1.50250338,0
1506785448,22582682,55.24,1.50273955,0
1506785448,22582681,55.23,1.50292000,0
1506785448,22582680,55.22,0.00000007,0
1506785448,22582677,55.22,0.00829000,0
1506785437,22582663,55.21,1.12243777,0
1506785437,22582662,55.20,0.00833523,0
1506785412,22582611,55.18,1.50441290,0
1506785412,22582610,55.18,1.00000000,0
1506785238,22582473,55.17,0.98291973,0
1506785238,22582472,55.16,1.00483776,0
1506785238,22582471,55.16,0.49999993,0
1506785238,22582470,55.16,0.50496477,0
1506785238,22582469,55.16,1.00000000,0
1506785237,22582468,55.16,1.50486780,0
1506785237,22582467,55.16,1.50481743,0
1506785237,22582466,55.15,1.50508193,0
1506785237,22582465,55.14,0.00825812,0
1506785235,22582464,55.11,13.17948632,0
1506785091,22582399,55.10,1.49813313,1
1506784975,22582357,55.06,57.19768964,1
1506784922,22582343,55.06,1.49882927,0
1506784920,22582342,54.70,71.87530909,0
1506784920,22582341,54.73,19.62000000,1
1506784919,22582340,54.74,107.00000000,1
1506784919,22582339,54.84,1.50469091,1
1506784807,22582256,55.13,1.49743776,1
1506784806,22582255,54.87,6.41856047,0
1506784803,22582254,54.87,1.50441290,0
1506784710,22582222,55.11,1.90038106,0
1506784562,22582174,54.91,3.32333765,1
1506784469,22582135,54.89,7.10087690,1
1506784469,22582134,54.95,0.25689866,1
1506784469,22582133,55.09,1.48599936,1
1506784469,22582132,55.12,51.35638708,1
1506784468,22582131,55.12,13.88000000,1
1506784447,22582111,55.12,0.20000000,1
1506784435,22582096,55.12,6.54406600,1
1506784430,22582091,55.12,1.50596585,0
1506784430,22582089,55.12,1.50282012,0
1506784430,22582088,55.12,1.00446124,0
1506784356,22582000,55.12,1.49776937,0
1506784349,22581998,55.09,1.49293451,0
1506784349,22581997,55.08,1.50706549,0
1506784349,22581996,55.06,0.75770907,0
1506784337,22581990,55.06,0.25000000,0
1506784227,22581887,55.05,0.25000000,0
1506784223,22581882,55.05,0.25000000,0
1506784220,22581878,55.03,0.25000000,0
1506784215,22581854,55.03,0.25000000,0
1506784213,22581852,55.04,0.25000000,0
1506784209,22581849,55.06,0.25000000,0
1506784205,22581842,55.06,0.25000000,0
1506784202,22581839,55.05,0.25000000,0
1506784200,22581833,55.05,0.25000000,0
1506784196,22581829,55.05,0.24201595,0
1506784196,22581828,55.05,0.00798405,0
1506784178,22581823,55.05,0.25000000,0
1506784016,22581724,55.05,0.25000000,0
1506784009,22581721,55.05,0.25000000,0
1506784005,22581719,55.05,0.25000000,0
1506784000,22581711,55.05,0.25000000,0
1506783989,22581685,55.05,0.25000000,0
1506783945,22581646,54.95,0.15312640,1
1506783945,22581645,55.00,0.87626460,1
1506783842,22581548,55.00,2.46036364,0
1506783826,22581543,55.00,17.53963636,0
1506783554,22581228,55.01,2.01272496,0
1506783317,22580985,54.92,1.00000000,0
1506783221,22580953,54.87,1.00000000,0
1506783208,22580950,54.76,4.40343000,1
1506783066,22580880,54.98,1.00000000,0
1506783009,22580838,54.97,0.00047212,1
1506783002,22580823,54.97,1.07658723,1
1506782880,22580782,54.80,8.93816800,1
1506782879,22580781,54.80,0.82280000,1
1506782877,22580779,54.80,2.44451600,1
1506782739,22580706,54.73,18.99516224,1
1506782739,22580705,54.86,1.00483776,1
1506782479,22580606,54.86,0.49999993,1
1506782477,22580605,54.91,0.00000007,1
1506782475,22580601,54.93,4.50000000,1
1506782474,22580598,54.93,0.50000000,1
1506782439,22580567,54.91,1.50334700,1
1506782429,22580561,54.92,15.04970866,0
1506782429,22580560,54.87,10.00000000,0
1506782429,22580559,54.87,0.01267408,0
1506782429,22580558,54.87,0.50000000,0
1506782429,22580557,54.87,0.50000000,0
1506782429,22580556,54.87,0.50000000,0
1506782428,22580554,54.86,1.01249037,0
1506782428,22580553,54.86,0.50000000,0
1506782426,22580552,54.83,0.01209899,0
1506782426,22580551,54.83,0.25000000,0
1506782426,22580550,54.83,0.25000000,0
1506782426,22580549,54.83,0.49000000,0
1506782303,22580500,54.77,36.92794179,1
1506782302,22580499,54.77,38.07205821,0
1506781949,22580390,54.81,31.91572419,0
1506781896,22580372,54.74,7.94665692,0
1506781636,22580304,54.62,0.48803841,1
1506781550,22580259,54.66,50.00000000,0
1506781382,22580092,54.69,1.00000000,0
1506781290,22580067,54.59,10.00000000,0
1506781122,22580007,54.60,0.50000000,0
1506780865,22579887,54.50,1.00000000,0
1506780863,22579885,54.50,3.06018348,0
1506780795,22579868,54.50,1.00000000,0
1506780730,22579829,54.50,4.02200000,0
1506780714,22579823,54.50,1.00000000,0
1506780632,22579795,54.50,1.00000000,0
1506780534,22579769,54.48,1.00000000,0
1506780482,22579752,54.48,2.40271481,0
1506780456,22579733,54.39,0.11133900,1
1506779043,22579228,54.52,20.00000000,0
1506779015,22579221,54.51,50.94776514,0
1506778877,22579160,54.36,12.10448860,1
1506778673,22578930,54.32,9.68998528,1
1506778673,22578929,54.32,5.00000000,1
1506778652,22578911,54.33,0.83209866,1
1506778652,22578910,54.33,50.94790134,1
1506778651,22578908,54.50,0.27544708,1
1506778257,22578655,54.50,0.73722700,1
1506778255,22578653,54.51,2.00000000,1
1506778138,22578614,54.50,0.50000000,1
1506778137,22578613,54.50,0.48732592,1
1506778135,22578612,54.55,0.01267408,1
1506778096,22578581,54.55,0.50000000,1
1506778076,22578552,54.55,0.50000000,1
1506778071,22578551,54.55,0.50000000,1
1506777937,22578473,54.70,1.00000000,0
1506777871,22578463,54.71,1.00000000,0
1506777801,22578437,54.69,1.00000000,0
1506777730,22578420,54.70,1.00000000,0
1506777625,22578395,54.70,1.00000000,0
1506777535,22578375,54.75,200.00000000,1
1506777524,22578370,54.74,1.00000000,0
1506777422,22578324,54.74,1.00000000,0
1506777345,22578245,54.80,1.00000000,0
1506776917,22578125,54.72,0.01683664,0
1506776900,22578118,54.72,0.50000000,0
1506776883,22578113,54.66,19.99900000,1
1506776719,22578067,54.72,0.50000000,0
1506776715,22578060,54.72,0.25000000,0
1506776715,22578058,54.72,0.25000000,0
1506776201,22577843,54.69,0.00005836,1
1506776103,22577792,54.69,3.80537338,1
1506776102,22577791,54.69,1.72568300,1
1506775466,22577572,54.51,42.99955200,1
1506775058,22577416,54.42,4.57833621,1
1506774652,22577243,54.63,1.78153253,1
1506774598,22577232,54.63,0.10000000,1
1506774232,22577133,54.61,6.00000000,1
1506774010,22577061,54.70,0.21882998,0
1506773709,22576736,54.45,2.50000000,1
1506773674,22576717,54.52,2.00000000,1
1506773247,22576321,54.36,0.64220014,0
1506773245,22576311,54.27,0.27566402,0
1506773020,22576093,54.27,0.31468574,1
1506773020,22576092,54.27,0.49965024,1
1506772881,22576051,54.33,11.57428678,1
1506772768,22575998,54.38,11.57428700,1
1506772740,22575959,54.54,10.40000000,0
1506772739,22575955,54.37,1.14324097,1
1506772728,22575935,54.54,1.00000000,0
1506772694,22575909,54.40,15.50330349,0
1506772694,22575908,54.40,1.26683664,1
1506772670,22575886,54.40,0.25000000,0
1506772652,22575865,54.65,1.00000000,0
1506772583,22575817,54.66,1.00000000,0
1506772513,22575800,54.64,1.00000000,0
1506772510,22575797,54.40,0.25000000,1
1506772508,22575796,54.41,0.50000000,1
1506772503,22575795,54.51,1.19482663,1
1506772503,22575794,54.51,1.01249037,1
1506772489,22575791,54.51,0.50000000,1
1506772429,22575778,54.68,1.00000000,0
1506772343,22575766,54.70,1.00000000,0
1506772269,22575751,54.81,1.00000000,0
1506772264,22575750,54.77,1.00164324,0
1506772059,22575689,54.82,0.17592239,0
1506772028,22575681,54.81,1.50596585,0
1506772026,22575680,54.83,0.01000000,0
1506772026,22575679,54.83,0.50000000,0
1506772026,22575678,54.76,0.49000000,0
1506772011,22575674,54.46,0.50000000,1
1506772009,22575673,54.45,0.25000000,1
1506772004,22575667,54.52,0.48790101,0
1506772003,22575666,54.52,0.01209899,1
1506772001,22575664,54.53,0.25000000,0
1506771997,22575661,54.52,0.25000000,1
1506771995,22575658,54.52,0.25000000,1
1506771992,22575654,54.77,38.64469600,1
1506771992,22575652,54.75,116.00000000,0
1506771992,22575651,54.75,14.53000000,1
1506771992,22575650,54.74,0.58000000,0
1506771991,22575649,54.60,23.81450000,0
1506771991,22575648,54.60,23.82670000,0
1506771991,22575647,54.60,23.83160000,0
1506771991,22575646,54.59,23.80800000,0
1506771990,22575645,54.59,23.80160000,0
1506771990,22575644,54.59,23.80160000,0
1506771990,22575643,54.59,22.30493451,0
1506771990,22575642,54.59,0.50000000,1
1506771990,22575641,54.58,14.53000000,0
1506771988,22575638,54.57,15.00000000,0
1506771988,22575637,54.52,0.50000000,1
1506771985,22575631,54.52,0.50000000,1
1506771971,22575610,54.59,1.50706549,0
1506771968,22575600,55.04,82.93829922,0
1506771968,22575599,55.04,1.50459354,0
1506771967,22575598,55.04,20.00000000,1
1506771967,22575597,55.04,7.19262400,1
1506771967,22575596,55.04,22.00000000,1
1506771967,22575595,55.04,23.00000000,1
1506771967,22575594,55.04,177.70000000,1
1506771967,22575593,55.04,20.60000000,1
1506771967,22575592,55.04,21.30000000,1
1506771967,22575590,55.04,20.00000000,1
1506771966,22575589,55.04,10.16349500,1
1506771966,22575588,55.04,11.73751500,1
1506771965,22575586,55.03,2.56000000,0
1506771965,22575585,55.03,1.50645013,0
1506771965,22575584,55.03,1.50486780,0
1506771965,22575583,55.01,1.50908497,0
1506771964,22575582,55.01,27.62169071,1
1506771964,22575581,55.00,2.07398200,0
1506771964,22575580,55.00,20.00000000,0
1506771964,22575579,54.97,1.50673013,0
1506771963,22575578,54.97,0.50000000,1
1506771963,22575576,54.89,1.51212080,0
1506771963,22575573,54.87,117.00000000,0
1506771962,22575572,54.87,117.00000000,1
1506771962,22575571,54.79,110.00000000,0
1506771961,22575570,54.78,1.51404042,0
1506771961,22575569,54.78,0.23000000,1
1506771961,22575568,54.77,0.01456572,0
1506771961,22575567,54.77,0.50000000,0
1506771961,22575565,54.77,1.00000000,0
1506771960,22575564,54.72,115.00000000,0
1506771960,22575563,54.72,1.17000000,1
1506771960,22575562,54.64,116.00000000,0
1506771959,22575560,54.55,107.00000000,0
1506771959,22575558,54.51,118.29767749,0
1506771958,22575557,54.50,0.50000000,1
1506771958,22575556,54.50,1.17000000,0
1506771956,22575555,54.50,2.00000000,0
1506771951,22575553,54.36,0.50000000,1
1506771949,22575551,54.36,0.50000000,1
1506771938,22575543,54.36,0.50000000,1
1506771930,22575542,54.36,0.50000000,1
1506771919,22575501,54.51,1.10750321,0
1506771908,22575467,54.50,2.33761467,1
1506771907,22575463,54.50,1.12000000,1
1506771907,22575462,54.50,0.27000000,1
1506771894,22575436,54.50,1.65000000,1
1506771881,22575431,54.50,1.97000000,1
1506771872,22575426,54.51,2.00000000,0
1506771867,22575412,54.50,2.34000000,1
1506771860,22575395,54.50,2.77000000,0
1506771804,22575364,54.51,1.00000000,0
1506771769,22575336,54.51,196.70000000,0
1506771769,22575335,54.50,3.30000000,0
1506771756,22575330,54.50,7.33266056,1
1506771755,22575329,54.50,3.92000000,0
1506771734,22575321,54.50,1.00000000,0
1506771712,22575312,54.50,2.26000000,0
1506771672,22575296,54.50,1.00000000,0
1506771667,22575291,54.51,1.44523500,0
1506771667,22575290,54.50,5.45000000,0
1506771656,22575287,54.41,0.50000000,1
1506771634,22575270,54.50,0.23289205,0
1506771633,22575269,54.50,1.99132813,0
1506771633,22575268,54.50,12.52733944,0
1506771621,22575261,54.41,0.50000000,1
1506771607,22575258,54.50,8.98931100,0
1506771607,22575257,54.50,6.01064221,0
1506771606,22575255,54.50,1.59596331,0
1506771606,22575254,54.50,6.01100917,0
1506771597,22575248,54.41,0.50000000,1
1506771595,22575246,54.41,0.50000000,1
1506771586,22575238,54.50,8.98935779,0
1506771585,22575235,54.50,11.74715596,0
1506771584,22575233,54.50,3.25284403,0
1506771583,22575229,54.49,1.96724770,0
1506771583,22575228,54.49,0.79000000,0
1506771578,22575218,54.49,3.25344099,0
1506771568,22575213,54.41,0.50000000,1
1506771567,22575211,54.49,3.25266055,0
1506771565,22575205,54.41,0.50000000,1
1506771528,22575191,54.48,6.35386069,1
1506771527,22575190,54.49,1.01751280,0
1506771527,22575189,54.49,3.04109339,0
1506771507,22575186,54.40,0.50000000,1
1506771502,22575183,54.40,0.50000000,1
1506771362,22575130,54.50,6.35039442,0
1506771353,22575122,54.50,1.00000000,0
1506771287,22575104,54.50,1.00000000,0
1506771266,22575101,54.40,68.26534546,1
1506771266,22575100,54.43,2.42000000,1
1506771266,22575099,54.46,0.01456572,1
1506771266,22575098,54.47,1.51404042,1
1506771248,22575094,54.51,1.01742799,0
1506771248,22575093,54.51,4.58166422,0
1506771247,22575089,54.51,15.00091726,0
1506771241,22575084,54.51,19.49403779,0
1506771238,22575079,54.51,4.59108420,0
1506771214,22575075,54.48,1.00000000,1
1506771200,22575072,54.52,0.50000000,0
1506771140,22575067,54.63,1.00000000,0
1506770983,22575010,54.47,1.00000000,1
1506770951,22574996,54.46,0.50000000,1
1506770922,22574978,54.59,1.00000000,0
1506770896,22574971,54.59,18.60157538,0
1506770841,22574950,54.63,11.03209408,0
1506770841,22574949,54.63,7.09000000,0
1506770838,22574948,54.62,8.07945807,0
1506770788,22574933,54.46,1.00000000,1
1506770716,22574912,54.69,1.00000000,0
1506770662,22574900,54.58,1.68578233,1
1506770520,22574822,54.62,8.65892000,0
1506770513,22574814,54.63,2.23365000,0
1506770441,22574794,54.75,6.51469246,0
1506770436,22574793,54.84,1.50508193,0
1506770434,22574792,54.50,224.00000000,0
1506770434,22574791,54.50,4.58171911,0
1506770432,22574787,54.50,13.88000000,0
1506770432,22574786,54.53,109.00000000,1
1506770432,22574785,54.54,117.00000000,1
1506770432,22574784,54.54,32.49000000,1
1506770431,22574783,54.57,1.51212080,1
1506770431,22574782,54.65,64.07880739,1
1506770262,22574656,54.71,1.00000000,0
1506770251,22574645,54.69,5.90587300,0
1506770250,22574642,54.69,5.90587100,0
1506770190,22574624,54.69,1.00000000,0
1506769854,22574482,54.79,9.20222668,1
1506769835,22574461,54.59,6.98681974,1
1506769835,22574460,54.66,1.50645013,1
1506769833,22574456,54.67,1.50673013,1
1506769731,22574418,54.93,1.50273955,1
1506769728,22574417,54.73,1.50486780,1
1506769728,22574416,54.74,1.50459354,1
1506769728,22574415,54.76,2.15625465,1
1506769590,22574373,54.76,0.10574535,1
1506769317,22574226,54.75,13.85000002,0
1506769317,22574224,54.75,1.50282012,1
1506769317,22574223,54.76,1.50384086,1
1506769243,22574157,54.91,1.50073433,0
1506769204,22574072,54.98,1.49947304,0
1506769199,22574064,54.86,1.50387407,1
1506769195,22574062,55.00,0.99077642,0
1506769026,22573924,55.00,0.50000000,0
1506769024,22573920,55.00,0.50000000,0
1506769015,22573904,54.94,0.50000000,0
1506769013,22573897,54.95,0.50000000,0
1506768997,22573876,54.74,2.00000000,1
1506768994,22573872,54.75,10.77000000,1
1506768947,22573854,54.96,0.50000000,0
1506768940,22573842,54.96,0.25000000,0
1506768937,22573841,54.96,0.50000000,0
1506768934,22573840,54.99,0.25000000,0
1506768887,22573828,54.94,0.25000000,0
1506768884,22573827,54.94,0.50000000,0
1506768881,22573826,54.94,0.25000000,0
1506768860,22573823,54.94,0.25000000,0
1506768857,22573822,54.92,0.25000000,0
1506768764,22573789,54.93,0.50000000,0
1506768763,22573787,54.93,1.22938285,0
1506768760,22573786,54.92,0.50000000,0
1506768375,22573576,54.85,18.88418859,1
1506768348,22573557,54.85,14.45000000,1
1506768340,22573550,54.85,0.11731600,1
1506768339,22573549,54.85,5.77800000,1
1506768313,22573541,54.85,78.45925500,1
1506768282,22573521,54.85,10.00000000,1
1506768259,22573496,54.85,10.00000000,1
1506768114,22573277,54.64,2.32000000,1
1506767946,22573188,54.80,10.57011900,1
1506767926,22573167,54.80,3.89695400,1
1506767919,22573163,54.80,22.16704600,1
1506767917,22573161,54.80,25.70495351,1
1506767917,22573160,54.80,26.06400000,0
1506767819,22573119,54.68,1.50908497,1
1506767522,22573007,54.71,5.94385600,1
1506767521,22573006,54.72,23.52754200,1
1506767493,22572988,54.70,8.59156069,1
1506767492,22572987,54.73,1.50770907,1
1506767492,22572986,54.77,1.51879699,1
1506767492,22572985,54.77,1.51879699,1
1506767492,22572984,54.77,1.51879699,1
1506767492,22572983,54.77,0.00335041,1
1506767492,22572982,54.78,0.65062657,1
1506767492,22572981,54.78,1.07764729,1
1506767488,22572979,54.78,0.44114970,1
1506767487,22572978,54.79,1.06655930,1
1506767479,22572971,54.92,1.50292000,0
1506767478,22572970,54.79,6.72916500,1
1506767473,22572967,54.79,22.72681200,1
1506767471,22572966,54.93,14.09557592,0
1506767471,22572965,54.88,0.00000039,0
1506767471,22572964,54.88,1.51239700,0
1506767471,22572963,54.88,1.51202669,0
1506767470,22572962,54.87,32.88000000,1
1506767455,22572959,54.79,0.18685623,1
1506767455,22572958,54.84,0.50496477,1
1506767428,22572943,54.84,1.00000000,0
1506767427,22572942,54.78,1.51516887,0
1506767419,22572939,54.77,1.51544658,0
1506766948,22572721,54.52,0.19000000,1
1506766770,22572600,54.53,12.30000000,1
1506766040,22572277,54.57,0.90526316,0
1506765863,22572241,54.72,0.44692719,0
1506765863,22572240,54.71,13.54000000,0
1506765589,22572049,54.30,27.76000000,1
1506765312,22571994,54.67,7.13462594,0
1506765203,22571956,54.36,0.48741151,0
1506765112,22571925,54.69,1.50926961,0
1506764832,22571799,54.28,0.50000000,1
1506764818,22571791,54.30,0.50000000,0
1506764790,22571781,54.23,0.50000000,0
1506764776,22571773,54.23,0.50000000,1
1506764771,22571771,54.23,0.50000000,1
1506764767,22571769,54.23,0.49999638,0
1506764765,22571768,54.24,0.00000362,1
1506764763,22571765,54.25,0.50000000,1
1506764761,22571762,54.48,1.30000000,0
1506764760,22571760,54.21,1.99981638,0
1506764759,22571759,54.21,0.50000000,1
1506764756,22571757,54.23,0.50000000,1
1506764732,22571750,54.25,0.50000000,1
1506764729,22571744,54.45,1.51544658,1
1506764729,22571743,54.47,12.20796387,1
1506764726,22571740,54.46,0.48483113,0
1506764725,22571738,54.46,1.51516887,1
1506764719,22571728,54.47,12.69280077,0
1506764717,22571724,54.47,9.72502151,0
1506764704,22571707,54.50,10.00000000,1
1506764679,22571679,54.56,0.00000039,1
1506764671,22571667,54.56,1.51239700,1
1506764267,22571520,54.58,10.00000000,1
1506763609,22571307,54.53,20.00000000,0
1506763289,22571209,54.63,0.26600000,0
1506763262,22571203,54.45,1.00000000,1
1506763261,22571202,54.44,1.08029546,1
1506762903,22571089,54.50,1.00000000,1
1506762893,22571084,54.51,2.00000000,1
1506762893,22571083,54.51,13.91204282,1
1506762845,22571073,54.51,10.00000000,1
1506762816,22571053,54.51,64.69616542,1
1506762816,22571052,54.52,5.00000000,1
1506762816,22571051,54.53,1.51202669,1
1506762688,22571028,54.64,3.00000000,1
1506762665,22571018,54.58,1.00000000,1
1506762589,22570992,54.64,2.00000000,1
1506762413,22570968,54.70,12.77259561,0
1506762189,22570859,54.51,9.77924138,1
1506762132,22570847,54.52,5.01747718,1
1506762067,22570830,54.51,1.61255038,1
1506761822,22570682,54.70,6.57156920,1
1506761760,22570656,54.70,14.05200000,1
1506761758,22570655,54.70,0.89100900,1
1506761745,22570653,54.70,49.60000000,1
1506761733,22570647,54.70,0.82740000,1
1506761732,22570646,54.70,0.47743400,1
1506761621,22570596,54.70,14.82734300,1
1506761617,22570592,54.70,0.82770000,1
1506761616,22570591,54.70,44.62020000,1
1506761613,22570590,54.70,8.26580000,1
1506761606,22570588,54.70,1.33727900,1
1506761605,22570587,54.70,17.36920000,1
1506761593,22570579,54.70,18.22500000,1
1506761592,22570578,54.70,94.52800000,1
1506761591,22570577,54.70,3.56940300,1
1506761590,22570576,54.70,10.15800000,1
1506761567,22570567,54.70,5.28700000,1
1506761561,22570564,54.70,7.68600000,1
1506761557,22570563,54.70,53.66533400,1
1506761555,22570561,54.70,3.22147732,1
1506761555,22570560,54.72,4.30478368,1
1506761551,22570556,54.72,7.65329000,1
1506761506,22570540,54.70,27.58506000,1
1506761465,22570517,54.70,29.30580000,1
1506761448,22570511,54.70,211.00000000,1
1506761410,22570499,54.70,0.58260000,1
1506761378,22570485,54.70,6.88598700,1
1506761363,22570464,54.70,5.88370000,1
1506761362,22570463,54.70,3.11254300,1
1506761347,22570457,54.71,28.62000000,0
1506761344,22570453,54.71,28.62000000,1
1506761197,22570407,54.80,37.05865547,1
1506760781,22570236,54.92,182.08105848,1
1506760642,22570210,54.94,5.25136512,0
1506760641,22570208,54.92,1.10680645,0
1506759640,22569880,54.69,10.43950000,0
1506759509,22569770,54.73,4.99999979,0
1506759487,22569747,54.72,1.50798405,1
1506759333,22569704,54.84,2.04649890,0
1506758940,22569549,54.79,9.52254719,1
1506758471,22569218,55.11,0.50000000,0
1506758467,22569216,55.11,0.50000000,0
1506758405,22569126,55.12,0.49776939,0
1506758405,22569125,55.12,0.00223061,0
1506758392,22569120,55.12,0.50000000,0
1506758389,22569119,55.12,0.25000000,0
1506758380,22569112,55.12,1.49776937,0
1506758375,22569108,55.12,0.25000000,0
1506758372,22569107,55.12,0.50000000,0
1506758370,22569106,55.10,0.98600000,0
1506758370,22569104,55.09,1.26426204,0
1506758370,22569103,55.09,0.24240779,0
1506758370,22569102,55.07,1.39788931,0
1506758370,22569101,55.07,0.10930053,0
1506758370,22569100,55.06,1.50770907,0
1506758309,22569039,55.00,5.10817712,0
1506758300,22569004,55.00,4.89182288,0
1506758300,22569003,55.00,14.31417712,0
1506758299,22568998,55.00,1.50770900,0
1506758292,22568969,54.99,6.59340300,0
1506758262,22568882,55.00,0.50000000,0
1506758259,22568879,55.00,0.50000000,0
1506758258,22568876,55.00,0.24036397,0
1506758256,22568872,54.99,0.00963603,0
1506758247,22568859,54.99,0.37271000,0
1506758247,22568857,54.99,1.12729000,0
1506758187,22568659,54.98,1.50146307,0
1506758185,22568650,54.98,1.50140298,1
1506758174,22568589,54.95,0.25000000,0
1506758173,22568582,54.95,0.49999974,0
1506758171,22568564,54.75,0.00000026,0
1506758163,22568519,54.75,1.51515700,0
1506758158,22568506,54.70,48.02680400,0
1506758156,22568497,54.70,1.97319600,0
1506758154,22568494,54.68,1.49000000,0
1506758089,22568425,54.68,0.25000000,0
1506758086,22568424,54.68,0.25000000,0
1506758083,22568422,54.68,0.50000000,0
1506757723,22568281,54.55,33.98316800,0
1506757684,22568249,54.55,13.35300000,0
1506757666,22568244,54.55,2.01333600,0
1506757665,22568242,54.55,0.40049600,0
1506757665,22568241,54.55,0.25000000,0
1506757618,22568220,54.54,0.50000000,0
1506757478,22568148,54.54,0.25000000,0
1506757476,22568146,54.48,75.32400000,0
1506757470,22568144,54.48,0.25000000,0
1506757467,22568143,54.48,0.25000000,0
1506757437,22568138,54.48,0.50000000,0
1506757435,22568137,54.48,0.02600000,0
1506757433,22568135,54.31,0.47400000,0
1506757122,22568048,54.52,0.49999646,0
1506757120,22568047,54.43,0.00000354,0
1506757106,22568046,54.30,22.90000000,0
1506757098,22568043,54.30,0.25000000,0
1506757096,22568042,54.30,0.50000000,0
1506757018,22568032,54.43,36.99999646,0
1506757018,22568031,54.39,0.04881354,0
1506757017,22568028,54.39,0.61660790,0
1506756994,22568017,54.31,12.35000000,0
1506756994,22568016,54.35,23.65000000,1
1506756748,22567854,54.41,4.17500000,1
1506756638,22567814,54.69,0.24956849,0
1506756636,22567812,54.49,0.00043151,0
1506756617,22567800,54.49,2.56178962,0
1506756612,22567798,54.49,25.89043300,0
1506756307,22567632,54.49,1.03525503,0
1506756306,22567631,54.49,0.43209228,0
1506756306,22567630,54.49,3.22099000,0
1506756304,22567626,54.49,1.79549979,0
1506756263,22567566,54.49,0.20350877,0
1506756226,22567544,54.49,14.86000000,1
1506756159,22567506,54.46,16.32000000,1
1506756152,22567500,54.02,1.02484274,0
1506756151,22567499,54.11,114.00000000,1
1506756151,22567498,54.19,2.32000000,1
1506756151,22567497,54.19,112.00000000,1
1506756150,22567496,54.28,119.00000000,1
1506756150,22567495,54.29,5.49000000,1
1506756150,22567494,54.29,1.51515726,0
1506756150,22567493,54.29,14.86000000,0
1506756150,22567492,54.29,10.40000000,0
1506756149,22567491,54.42,27.39000000,1
1506756123,22567484,54.66,0.38234603,1
1506756118,22567478,54.66,1.12729000,1
1506755915,22567333,55.00,9.52254545,0
1506755875,22567312,55.00,10.66472727,0
1506755873,22567309,54.99,14.40500000,0
1506755397,22567149,54.68,2.99724230,0
1506755116,22567009,54.99,0.25000000,0
1506755110,22567005,54.99,0.50000000,0
1506755106,22567004,54.99,0.25000000,0
1506755057,22566993,55.00,0.50766248,0
1506754956,22566960,55.00,10.30000000,0
1506754896,22566910,55.00,1.51363636,0
1506754166,22566470,54.71,8.53139817,1
1506754166,22566469,54.78,29.45000000,1
1506754164,22566468,54.99,6.00112465,1
1506754072,22566444,54.99,3.99887535,0
1506754014,22566431,54.98,15.00000000,0
1506753758,22566296,54.97,2.00000000,0
1506753470,22566154,54.99,12.83924350,1
1506753368,22566082,55.00,0.42917835,0
1506753368,22566080,55.00,0.54982165,0
1506753173,22565949,54.99,10.53629000,0
1506753077,22565869,54.99,1.50112995,0
1506753068,22565864,55.00,0.45017835,0
1506753068,22565863,54.98,0.52982165,0
1506752633,22565598,54.98,0.98000000,0
1506752555,22565536,54.74,0.58695643,1
1506752219,22565311,54.94,0.50000000,0
1506752216,22565308,54.96,0.25000000,0
1506752163,22565283,54.90,1.50346741,0
1506752153,22565274,54.96,30.44591986,0
1506752153,22565273,54.94,1.51090111,0
1506752153,22565272,54.93,5.99000000,0
1506752153,22565271,54.92,3.00000000,0
1506752153,22565270,54.88,2.85489000,0
1506752152,22565269,54.87,1.33077133,0
1506752152,22565268,54.87,0.18190275,0
1506752152,22565267,54.83,1.51394952,0
1506752152,22565266,54.82,43.10000000,0
1506752152,22565265,54.80,10.07166543,0
1506752108,22565252,54.80,3.06393000,0
1506751799,22564924,54.72,0.30046875,0
1506751797,22564923,54.65,0.19953125,0
1506751792,22564919,54.64,0.25000000,0
1506751787,22564916,54.64,0.50000000,0
1506751783,22564914,54.64,0.50000000,0
1506751741,22564836,54.79,1.26426204,1
1506751738,22564826,54.79,0.24240779,0
1506751736,22564822,54.77,1.39788931,1
1506751731,22564802,54.77,1.40625100,0
1506751731,22564800,54.77,2.00000000,0
1506751725,22564777,54.73,0.01121141,0
1506751709,22564681,54.72,1.51682808,0
1506751709,22564680,54.72,3.00000000,0
1506751708,22564678,54.68,47.49017835,0
1506751708,22564675,54.68,0.50000000,0
1506751707,22564672,54.68,1.50982165,0
1506751706,22564671,54.68,0.50000000,0
1506751704,22564665,54.68,0.49135932,1
1506751703,22564655,54.63,0.00864068,0
1506751673,22564481,54.54,1.10189319,0
1506751673,22564479,54.54,0.42000000,0
1506751672,22564477,54.54,3.00000000,0
1506751668,22564465,54.53,0.77067669,0
1506751655,22564397,54.52,1.48605048,0
1506751647,22564355,54.52,1.51394952,0
1506751645,22564338,54.47,1.52400583,0
1506751645,22564337,54.47,0.00000018,0
1506751644,22564335,54.47,0.00253847,0
1506751629,22564256,54.43,0.00834481,0
1506751573,22564149,54.41,0.00889818,0
1506751516,22564001,54.35,15.08343900,1
1506751483,22563945,54.32,3.00000000,0
1506751477,22563936,54.30,1.52865841,0
1506751347,22563804,54.10,1.00000000,1
1506751102,22563749,54.13,1.00000000,1
1506751079,22563746,54.05,1.00000000,1
1506750947,22563701,54.11,1.00000000,1
1506750935,22563697,54.12,1.00000000,1
1506750463,22563560,54.27,3.38435444,0
1506750462,22563559,54.27,0.52060929,0
1506750375,22563519,53.94,8.98030138,0
1506750266,22563478,54.10,7.96858972,1
1506750265,22563477,54.10,16.62187700,1
1506750265,22563476,54.10,28.47668500,1
1506750265,22563475,54.10,11.00000000,1
1506750242,22563460,54.10,7.63045500,1
1506750241,22563459,54.10,2.64654500,1
1506750173,22563411,54.10,1.00000000,1
1506750169,22563409,54.10,0.63663600,1
1506750161,22563404,54.10,1.00000000,1
1506750148,22563400,54.10,1.00000000,1
1506749957,22563318,54.00,1.81919700,1
1506749865,22563293,54.21,0.49677181,0
1506749779,22563219,54.00,38.25000000,0
1506748931,22562876,53.71,9.72730000,1
1506748721,22562807,53.83,16.39482965,0
1506748721,22562806,53.83,14.22005190,0
1506748622,22562771,53.70,5.75000000,1
1506748606,22562764,53.73,0.75000000,1
1506748593,22562760,53.74,1.25000000,1
1506748543,22562750,53.74,0.75000000,1
1506748188,22562623,53.74,0.73763869,1
1506748075,22562494,53.72,1.75000000,1
1506748050,22562252,53.75,2.92770103,0
1506748028,22562040,53.74,7.01193771,1
1506748023,22561990,53.76,7.32983068,1
1506747264,22561518,53.72,2.37313428,1
1506747249,22561382,53.75,28.25944000,1
1506747249,22561375,53.75,30.60872300,1
1506747249,22561370,54.00,10.50000000,0
1506747247,22561361,53.76,31.34000000,1
1506747246,22561352,53.77,11.35974800,0
1506747245,22561347,53.78,11.77465600,1
1506747245,22561345,53.78,7.75306500,1
1506747120,22561292,53.75,1.00000000,1
1506747053,22561213,53.92,1.00000000,0
1506747052,22561210,53.92,6.07492700,0
1506747051,22561208,53.92,6.07492600,0
1506747051,22561207,53.92,1.99510600,0
1506747051,22561206,53.91,50.78000000,0
1506747049,22561191,53.90,36.84183200,0
1506747048,22561184,53.90,4.26142500,0
1506747046,22561171,53.91,6.07492600,0
1506747024,22561094,53.96,0.50000000,0
1506747021,22561088,53.98,0.50000000,0
1506747017,22561079,53.97,0.50000000,0
1506747015,22561072,53.97,0.50000000,0
1506747012,22561053,53.59,16.51888200,0
1506747011,22561047,53.51,10.44515200,1
1506747011,22561045,53.51,2.86937300,1
1506747011,22561043,53.51,7.04763000,1
1506747011,22561041,53.51,19.10000000,1
1506747010,22561027,53.59,20.66418100,0
1506747010,22561025,53.59,10.30035100,0
1506747009,22561023,53.59,17.05316300,0
1506747009,22561018,53.51,25.47826900,1
1506747009,22561016,53.59,14.52173100,1
1506747009,22561010,53.59,12.95237000,1
1506747008,22561006,53.59,16.10435700,1
1506747008,22561000,53.59,2.48111800,1
1506747007,22560989,53.59,34.88600300,1
1506747007,22560988,53.59,23.95618500,1
1506747007,22560986,53.59,5.09823600,1
1506747007,22560985,53.62,2.54000000,1
1506747007,22560984,53.68,2.66211500,1
1506747006,22560983,53.68,9.23835200,1
1506747006,22560982,53.68,36.44318200,1
1506747006,22560981,53.68,10.33635100,1
1506747006,22560980,53.68,43.00000000,1
1506747006,22560979,53.68,12.32000000,1
1506747006,22560978,53.69,6.68000000,1
1506747006,22560974,53.75,19.10000000,1
1506747005,22560969,53.75,17.34564300,1
1506747005,22560962,53.75,3.13547500,1
1506747005,22560957,53.75,4.75681800,1
1506747003,22560943,53.75,8.31976800,1
1506747003,22560939,53.75,0.06247600,1
1506747003,22560931,53.76,10.30035100,1
1506747002,22560926,53.76,17.64000000,1
1506747002,22560924,53.76,5.42964900,1
1506747001,22560922,53.76,5.61058300,1
1506747001,22560921,53.76,12.02941700,1
1506747001,22560915,53.79,7.42373200,1
1506746941,22560810,53.77,1.49939428,1
1506746936,22560809,54.00,0.25000000,0
1506746933,22560808,54.00,0.25000000,0
1506746930,22560807,54.00,0.50000000,0
1506746701,22560764,54.00,0.25000000,0
1506746469,22560680,53.98,0.25000000,0
1506746052,22560519,53.89,0.50000000,0
1506745949,22560503,53.83,0.50000000,0
1506745946,22560501,53.82,0.25000000,0
1506745944,22560500,53.83,0.25000000,0
1506745801,22560470,53.63,2.01360566,1
1506745494,22560422,53.67,1.59000000,1
1506744087,22560234,53.69,0.50000000,0
1506744082,22560231,53.75,0.00000100,0
1506744082,22560230,53.75,77.68000000,1
1506744080,22560229,53.76,12.46763400,1
1506743977,22560200,53.76,0.50000000,1
1506743959,22560199,53.76,0.50000000,1
1506743814,22560175,53.75,22.32000000,1
1506743717,22560148,53.76,0.25000000,1
1506743715,22560147,53.82,0.25000000,0
1506743567,22560124,54.06,0.20000000,0
1506743285,22560083,54.06,1.21600000,0
1506743271,22560079,54.06,15.00000000,0
1506743262,22560077,54.06,7.58000000,0
1506743096,22560059,54.10,1.03900000,0
1506742938,22560012,54.13,10.85200000,0
1506742926,22560009,54.14,3.32500000,0
1506742926,22560008,54.12,15.00000000,0
1506742917,22560005,54.12,15.00000000,0
1506742859,22559994,54.15,10.00000000,0
1506742786,22559990,53.87,45.17965542,0
1506742750,22559984,54.25,39.85200000,0
1506742750,22559983,54.18,15.00000000,0
1506742741,22559981,54.21,32.93800000,0
1506742741,22559980,54.20,15.00000000,0
1506742741,22559979,54.15,0.21000000,0
1506742726,22559978,54.13,15.00000000,0
1506742717,22559976,54.12,15.00000000,0
1506742708,22559975,54.16,15.00000000,0
1506742699,22559974,54.13,15.00000000,0
1506742677,22559967,54.10,5.25000000,0
1506742668,22559966,54.11,0.25000000,0
1506742659,22559965,54.09,7.43200000,0
1506742646,22559961,54.12,49.71000000,0
1506742636,22559959,54.15,0.29000000,0
1506742626,22559958,54.15,15.00000000,0
1506742551,22559950,54.20,3.00000000,0
1506742537,22559949,54.25,10.76800000,0
1506742528,22559948,54.24,2.00000000,0
1506742516,22559946,54.25,4.93000000,0
1506742507,22559944,54.24,0.35000000,0
1506742507,22559943,54.24,4.65000000,0
1506742497,22559941,54.24,10.00000000,0
1506742488,22559940,54.24,0.35000000,0
1506742311,22559920,54.24,10.00000000,0
1506742301,22559917,54.24,2.50000000,0
1506742292,22559914,54.22,9.93000000,0
1506742292,22559913,54.22,0.07000000,0
1506742282,22559911,54.22,6.35000000,0
1506742268,22559910,54.22,8.58000000,0
1506742257,22559908,54.23,0.42000000,0
1506742256,22559907,54.23,1.10189319,0
1506742255,22559906,54.23,0.42000000,0
1506742247,22559904,54.16,98.88728385,0
1506742247,22559903,54.16,1.11271615,0
1506742239,22559902,54.16,0.42000000,0
1506742228,22559901,54.15,8.00000000,0
1506742218,22559899,54.15,1.00000000,0
1506742209,22559898,54.15,6.00000000,0
1506742195,22559896,54.12,0.07890000,0
1506742195,22559895,54.12,2.92110000,0
1506742186,22559894,54.11,0.48975244,0
1506742186,22559893,54.00,0.00024756,0
1506742171,22559892,54.00,9.63265244,0
1506742171,22559891,54.00,10.36710000,0
1506742171,22559890,54.00,67.47524756,0
1506742159,22559889,54.00,0.00021760,0
1506742159,22559888,53.99,63.18078240,0
1506741981,22559861,53.97,10.80700000,0
1506741908,22559859,53.63,28.71208198,1
1506741908,22559858,53.70,50.00000000,0
1506741906,22559857,53.75,71.28791802,1
1506741770,22559839,53.98,23.98400000,0
1506741449,22559780,53.70,20.00000000,1
1506741347,22559766,53.92,13.60000000,0
1506741326,22559762,53.88,1.55000000,1
1506741175,22559709,54.00,7.52453484,0
1506741175,22559708,54.00,9.36274016,0
1506741175,22559706,54.00,12.46419573,0
1506741174,22559705,53.98,128.74322427,0
1506741122,22559657,53.98,20.10298300,0
1506741118,22559648,53.98,39.14503200,0
1506741002,22559613,53.98,0.11330100,0
1506741000,22559611,53.98,12.69595400,0
1506741000,22559610,53.97,0.59000000,0
1506740978,22559601,53.97,25.00000000,1
1506740824,22559551,53.98,26.58323800,0
1506740820,22559550,53.98,11.55057400,0
1506740419,22559488,53.98,0.25000000,0
1506740415,22559487,53.98,0.50000000,0
1506740368,22559483,53.98,0.25000000,0
1506740206,22559441,53.98,0.50000000,0
1506740202,22559439,53.98,0.50000000,0
1506740186,22559438,53.98,41.66821045,0
1506740155,22559418,53.98,0.25000000,0
1506740152,22559417,53.98,0.50000000,0
1506740136,22559409,53.98,0.50000000,0
1506740132,22559407,53.98,0.50000000,0
1506740129,22559406,53.98,0.25000000,0
1506739612,22559339,53.96,0.45000000,0
1506739606,22559338,53.96,2.00000000,0
1506739602,22559337,53.96,1.30000000,0
1506739602,22559336,53.96,0.70000000,0
1506739591,22559333,53.91,100.00000000,1
1506739588,22559332,53.92,2.00000000,0
1506739582,22559330,53.92,2.00000000,0
1506739573,22559328,53.92,1.17000000,0
1506739573,22559327,53.91,0.83000000,0
1506739568,22559326,53.91,1.02000000,0
1506739563,22559325,53.91,0.98000000,0
1506739556,22559320,53.91,0.83000000,0
1506739546,22559315,53.91,1.17000000,0
1506739532,22559305,53.91,0.61000000,0
1506739528,22559304,53.91,1.39000000,0
1506739522,22559300,53.91,0.50000000,1
1506739521,22559299,53.92,2.00000000,0
1506739516,22559298,53.91,0.01000000,1
1506739515,22559297,53.91,0.49000000,0
1506739510,22559295,53.92,2.00000000,0
1506739502,22559291,53.97,2.00000000,0
1506739497,22559289,53.97,2.00000000,1
1506739492,22559288,53.97,2.00000000,0
1506739485,22559287,53.97,2.00000000,0
1506739476,22559266,53.98,0.28000000,0
1506739469,22559265,53.98,1.71000000,0
1506739462,22559264,53.98,2.00000000,0
1506739457,22559263,53.98,2.00000000,0
1506739452,22559262,53.97,2.00000000,0
1506739400,22559254,53.98,1.25000000,0
1506739392,22559249,53.99,0.02400000,1
1506739391,22559248,53.99,0.22600000,0
1506739387,22559246,53.98,0.25000000,0
1506739343,22559236,53.98,2.00000000,0
1506739336,22559235,53.98,2.00000000,0
1506739211,22559219,53.97,0.25000000,0
1506739194,22559216,53.67,0.20000000,1
1506739193,22559215,53.95,1.00000000,1
1506739185,22559214,53.97,1.00000000,0
1506739102,22559209,53.97,3.00000000,0
1506738928,22559184,53.68,0.98610000,1
1506738763,22559152,53.66,7.60780000,1
1506738576,22559090,53.74,0.16970000,1
1506738567,22559089,53.98,0.83000000,0
1506738357,22559063,53.67,0.53000000,1
1506738354,22559062,53.96,3.00000000,0
1506738347,22559061,53.96,1.00000000,0
1506738330,22559059,53.65,0.24950000,1
1506738328,22559058,53.96,0.25000000,0
1506738326,22559057,53.97,0.25000000,0
1506738321,22559056,53.96,0.25000000,0
1506738318,22559055,53.97,0.25000000,0
1506738301,22559053,53.99,0.04000000,0
1506738299,22559051,53.98,0.96000000,0
1506737854,22558934,53.74,1.03919023,0
1506737840,22558932,53.74,16.30238183,0
1506737838,22558931,53.73,1.41000000,0
1506737793,22558910,53.74,0.32000000,0
1506737787,22558905,53.73,0.68000000,0
1506737785,22558903,53.73,1.00000000,1
1506737765,22558893,53.74,2.00000000,0
1506737673,22558876,53.81,0.25915821,0
1506737665,22558873,53.81,2.00000000,0
1506737597,22558845,53.88,0.01000000,0
1506737597,22558844,53.88,1.99000000,0
1506737589,22558841,53.87,2.00000000,0
1506737540,22558822,53.65,1.00000000,1
1506737535,22558819,53.65,0.75000000,1
1506737532,22558818,53.66,2.25000000,1
1506737451,22558797,53.92,24.00197477,1
1506737321,22558707,53.96,5.76557600,0
1506737261,22558681,53.96,2.00000000,0
1506737256,22558679,53.96,2.00000000,0
1506737251,22558676,53.96,2.00000000,0
1506737232,22558665,53.96,2.00000000,0
1506737198,22558647,53.94,2.00000000,0
1506737171,22558643,53.98,7.15547800,0
1506737171,22558642,53.97,2.37000000,0
1506737171,22558641,53.96,15.00000000,0
1506737109,22558624,53.88,2.00000000,0
1506736924,22558575,53.88,2.00000000,0
1506736839,22558544,53.87,1.48000000,0
1506736815,22558539,53.80,2.00000000,0
1506736781,22558520,53.88,2.00000000,0
1506736759,22558519,53.88,2.00000000,0
1506736732,22558506,53.93,2.00000000,0
1506736671,22558496,53.93,2.00000000,0
1506736658,22558494,53.93,2.00000000,0
1506736649,22558492,53.93,2.00000000,0
1506736641,22558491,53.93,2.00000000,0
1506736633,22558489,53.93,2.00000000,0
1506736626,22558487,53.93,2.00000000,0
1506736622,22558486,53.93,2.00000000,0
1506736614,22558485,53.93,2.00000000,0
1506736608,22558483,53.93,2.00000000,0
1506736602,22558480,53.93,2.00000000,0
1506736594,22558476,53.94,1.00000000,0
1506736594,22558475,53.94,1.00000000,0
1506736584,22558472,53.94,1.00000000,0
1506736584,22558471,53.94,1.00000000,0
1506736578,22558470,53.93,2.00000000,0
1506736571,22558469,53.93,2.00000000,0
1506736563,22558468,53.93,2.00000000,0
1506736556,22558467,53.93,2.00000000,1
1506736548,22558463,53.93,2.00000000,0
1506736540,22558455,53.93,1.00000000,0
1506736534,22558453,53.99,1.00000000,0
1506736525,22558445,53.99,2.00000000,0
1506736519,22558444,53.99,2.00000000,0
1506736511,22558443,53.99,2.00000000,0
1506736505,22558442,53.99,2.00000000,0
1506736485,22558440,53.99,2.00000000,0
1506736481,22558439,53.99,2.00000000,0
1506736402,22558428,53.99,2.00000000,0
1506736023,22558344,53.99,2.00000000,0
1506736017,22558343,53.99,2.00000000,0
1506735995,22558341,53.74,7.02007000,1
1506735958,22558329,53.79,4.88139000,1
1506735919,22558294,53.99,1.52865841,0
1506735911,22558289,53.80,0.25000000,1
1506735910,22558286,53.87,0.45064825,1
1506735910,22558285,53.87,1.54099275,0
1506735910,22558284,53.86,0.00835900,0
1506735898,22558252,53.82,1.53554552,0
1506735889,22558220,53.79,2.00000000,0
1506735889,22558219,53.79,2.00000000,0
1506735889,22558218,53.79,2.00000000,0
1506735888,22558217,53.79,2.00000000,0
1506735888,22558216,53.79,2.00000000,0
1506735888,22558215,53.79,2.00000000,0
1506735888,22558214,53.79,2.00000000,0
1506735888,22558212,53.79,2.00000000,0
1506735871,22558177,53.79,2.00000000,0
1506735866,22558172,53.78,2.00000000,0
1506735855,22558165,53.79,2.00000000,0
1506735842,22558160,53.81,11.01030229,0
1506735837,22558157,53.75,20.04000000,0
1506735833,22558155,53.74,15.00000000,0
1506735815,22558114,53.74,0.20000000,0
1506735765,22558038,53.71,3.71200000,0
1506735584,22557717,53.57,1.54107515,0
1506735578,22557714,53.59,47.80575800,0
1506735577,22557713,53.58,9.72668533,1
1506735577,22557712,53.58,3.99000000,0
1506735576,22557711,53.50,13.19424200,0
1506735575,22557710,53.44,1.55328406,0
1506735224,22557605,53.43,4.68032940,0
1506734841,22557538,53.40,19.44160000,0
1506734478,22557513,53.13,0.22800000,1
1506734410,22557498,53.27,4.48681000,1
1506734205,22557465,53.11,3.99800000,1
1506734124,22557458,53.07,1.70798313,0
1506733853,22557377,53.39,0.09325843,0
1506733842,22557374,53.21,22.98600000,0
1506733667,22557337,53.21,4.68652509,0
1506733569,22557314,53.29,1.00000000,0
1506733554,22557309,53.15,2.00000000,1
1506733501,22557293,53.15,2.00000000,0
1506733470,22557271,53.15,0.11000000,0
1506733339,22557235,53.10,6.24966200,1
1506733337,22557230,53.09,1.07289508,1
1506733322,22557221,53.08,0.63589820,1
1506733322,22557220,53.09,2.14560180,1
1506733313,22557218,53.06,10.05539854,1
1506733313,22557217,53.07,4.94460146,1
1506733271,22557209,53.15,3.45561116,0
1506732985,22557167,52.95,12.34830000,1
1506732980,22557163,53.14,12.37335655,1
1506732703,22557133,53.13,7.29342300,0
1506732696,22557132,53.13,3.44154887,1
1506732519,22557022,53.15,1.55328406,0
1506732503,22557020,53.13,1.55845113,0
1506732307,22556984,53.04,68.46838067,1
1506732307,22556983,53.04,17.09920933,1
1506732168,22556947,52.94,0.25000000,1
1506731978,22556929,53.00,0.12700000,0
1506731804,22556880,52.99,2.00000000,0
1506731443,22556801,52.92,0.26345831,0
1506731286,22556760,52.84,0.15000000,0
1506731208,22556753,52.68,1.00402000,1
1506731160,22556750,52.89,0.15000000,0
1506730940,22556733,52.83,0.11000000,0
1506730889,22556730,52.79,2.00000000,0
1506730852,22556729,52.65,2.00000000,1
1506730633,22556664,52.83,3.31894600,1
1506730600,22556659,52.83,0.11000000,0
1506730532,22556654,52.63,19.25067140,0
1506730531,22556651,52.63,50.00000000,0
1506730530,22556649,52.63,15.62956805,0
1506730529,22556648,52.63,30.82635900,0
1506730529,22556647,52.63,10.90550000,0
1506730365,22556636,52.68,8.99100000,1
1506730331,22556632,52.68,9.97010000,1
1506730247,22556617,52.66,0.99710000,1
