date,tid,price,amount,type
1506816000,22597392,0.16680,218.99999000,1
1506815540,22597345,0.16749,2084.42295062,0
1506814947,22597281,0.16609,171.16190635,0
1506814946,22597280,0.16609,194.12000000,1
1506814929,22597271,0.16700,0.00000045,1
1506814928,22597269,0.16700,9892.16083800,1
1506814928,22597267,0.16700,3347.78915300,1
1506814928,22597266,0.16701,400.00000000,1
1506814796,22597246,0.16700,100.00000000,1
1506814772,22597242,0.16757,30.00000000,0
1506814647,22597206,0.16700,100.00000000,1
1506814644,22597205,0.16700,1080.00000000,1
1506814620,22597204,0.16700,100.00000000,1
1506814606,22597193,0.16700,100.00000000,1
1506814603,22597191,0.16700,100.00000000,1
1506814440,22597168,0.16700,5669.74551900,1
1506814399,22597161,0.16725,219.00000000,0
1506814396,22597160,0.16700,7193.62926100,1
1506814256,22597118,0.16700,170.22998000,1
1506814138,22597095,0.16700,5888.60608700,1
1506814138,22597094,0.16701,9611.98623000,1
1506814096,22597081,0.16750,200.00000000,1
1506814096,22597080,0.16763,400.00000000,1
1506813768,22597023,0.16765,1619.67599777,1
1506813763,22597021,0.16765,1504.71900000,1
1506813732,22597016,0.16783,6689.71817600,1
1506813732,22597015,0.16784,2685.33074000,1
1506813700,22597010,0.16779,909.85717500,1
1506813699,22597006,0.16780,3236.61569400,1
1506813606,22596989,0.16767,969.39553200,1
1506813605,22596988,0.16785,24.21317000,1
1506813601,22596986,0.16785,180.78683000,1
1506813576,22596974,0.16788,1250.40490000,1
1506813568,22596973,0.16787,2267.46241200,1
1506813554,22596968,0.16799,795.08223800,1
1506813551,22596966,0.16795,60.15035000,1
1506813551,22596965,0.16800,1233.15750000,1
1506812818,22596854,0.16850,1841.48000000,1
1506812400,22596806,0.16879,38.21316428,1
1506812062,22596734,0.16879,850.00000000,0
1506811876,22596707,0.16824,2217.76259000,0
1506811525,22596646,0.16823,695.56083853,1
1506811521,22596644,0.16823,695.56083853,1
1506811468,22596635,0.16823,114.60254579,0
1506811468,22596634,0.16823,2850.99461286,0
1506811463,22596632,0.16785,95.00000000,0
1506811309,22596595,0.16779,100.00000000,0
1506810755,22596420,0.16724,1955.58419038,0
1506810755,22596419,0.16708,1262.66650000,0
1506810753,22596418,0.16707,3482.56511000,0
1506810445,22596325,0.16725,2672.38881880,1
1506810445,22596324,0.16725,2368.02971633,1
1506810441,22596322,0.16731,78.47250367,0
1506810374,22596313,0.16582,481.24767821,0
1506810340,22596310,0.16580,2000.00000000,0
1506810317,22596307,0.16580,2165.87599517,0
1506810213,22596278,0.16577,3876.19213368,0
1506810166,22596266,0.16604,500.00000000,0
1506810143,22596262,0.16538,782.20189865,0
1506810141,22596261,0.16531,195.00000000,0
1506810030,22596197,0.16515,1661.15180000,1
1506810030,22596196,0.16516,1338.84820000,1
1506809948,22596071,0.16638,2206.02337740,0
1506809893,22596047,0.16500,7611.09335599,1
1506809893,22596045,0.16500,2000.00000000,1
1506809893,22596043,0.16500,850.00000000,1
1506809892,22596041,0.16500,294.56056556,1
1506809892,22596038,0.16510,513.56784645,1
1506809849,22596026,0.16510,1950.42159900,1
1506809828,22595972,0.16510,1261.00000000,1
1506809828,22595971,0.16518,2173.64408000,1
1506809827,22595970,0.16518,6245.56751500,1
1506809633,22595877,0.16500,705.43943444,0
1506809610,22595872,0.16500,1772.58525691,0
1506809610,22595871,0.16500,4371.69271609,0
1506809610,22595870,0.16495,195.00000000,0
1506809507,22595846,0.16500,50.00000000,1
1506809507,22595845,0.16500,605.00000000,1
1506809506,22595844,0.16500,1185.00000000,1
1506809506,22595843,0.16500,50.00000000,1
1506809506,22595842,0.16500,230.00000000,1
1506809506,22595841,0.16500,260.00000000,1
1506809506,22595840,0.16500,1000.00000000,1
1506809506,22595839,0.16500,50.00000000,1
1506809506,22595838,0.16500,5636.79606725,1
1506809506,22595837,0.16501,2000.00000000,1
1506809472,22595807,0.16500,1450.10000000,1
1506809472,22595806,0.16500,275.95520231,1
1506809472,22595805,0.16500,4300.00000000,1
1506809470,22595804,0.16500,200.00000000,1
1506809469,22595803,0.16500,12137.14873044,1
1506809469,22595802,0.16500,1000.00000000,1
1506809469,22595801,0.16500,300.00000000,1
1506809468,22595798,0.16501,6608.66756956,1
1506809468,22595797,0.16503,1254.18370000,0
1506809467,22595796,0.16501,3077.98819266,1
1506809467,22595795,0.16501,5000.00000000,1
1506809466,22595794,0.16501,3102.89613974,1
1506809466,22595792,0.16502,2000.00000000,1
1506809466,22595791,0.16505,100.00000000,1
1506809465,22595790,0.16511,2217.76259000,1
1506809465,22595789,0.16512,1260.12740000,1
1506809465,22595787,0.16525,301.81543116,1
1506809464,22595786,0.16550,50.00000000,1
1506809464,22595785,0.16566,289.41024644,1
1506809459,22595779,0.16566,312.58975356,1
1506809459,22595778,0.16574,188.94256844,1
1506809456,22595775,0.16574,477.57000000,1
1506809453,22595772,0.16574,854.90260185,1
1506809453,22595771,0.16574,237.96766493,1
1506809453,22595770,0.16575,189.27973322,1
1506809436,22595750,0.16575,190.46234678,1
1506809436,22595749,0.16585,180.43412722,1
1506809436,22595748,0.16601,1961.69184000,1
1506809435,22595746,0.16601,38.30816000,1
1506809419,22595723,0.16594,1486.97072800,1
1506809419,22595720,0.16600,500.00000000,1
1506809410,22595700,0.16594,719.69904200,1
1506809410,22595699,0.16600,653.00000000,1
1506809409,22595698,0.16602,946.86000000,1
1506809399,22595676,0.16602,1053.14000000,1
1506809395,22595667,0.16617,1239.39460000,1
1506809395,22595665,0.16639,599.49516197,1
1506809395,22595663,0.16642,655.11115418,1
1506809392,22595658,0.16642,1258.53969975,1
1506809392,22595657,0.16650,1588.70780825,1
1506809392,22595655,0.16651,4147.04954000,1
1506809392,22595653,0.16652,86.34914600,1
1506809387,22595640,0.16652,1913.65085400,1
1506809340,22595615,0.16651,1754.69255500,1
1506809308,22595599,0.16651,16098.25790500,1
1506809296,22595595,0.16651,206.00000000,1
1506809290,22595592,0.16651,413.16200000,1
1506809213,22595555,0.16663,671.08545000,1
1506809213,22595553,0.16678,2195.55573000,1
1506809213,22595552,0.16687,450.00000000,1
1506809211,22595551,0.16700,1000.00000000,1
1506809211,22595550,0.16700,1.35882000,1
1506809209,22595549,0.16700,248.64118000,1
1506809208,22595548,0.16701,2000.00000000,1
1506809208,22595547,0.16703,1253.59900000,1
1506809183,22595531,0.16725,781.60940000,1
1506809182,22595528,0.16725,400.00000000,1
1506809182,22595527,0.16750,50.00000000,1
1506809181,22595526,0.16762,563.79482000,1
1506809168,22595512,0.16762,1620.75821000,1
1506809167,22595511,0.16772,1679.24179000,1
1506809156,22595491,0.16771,300.00000000,1
1506809155,22595489,0.16792,80.16073000,1
1506809152,22595488,0.16800,10000.00000000,1
1506809152,22595486,0.16800,11264.89697200,1
1506809152,22595485,0.16801,1255.72900000,1
1506808857,22595399,0.16800,10735.10302800,1
1506808857,22595398,0.16801,7692.41815000,1
1506808857,22595397,0.16801,640.00000000,1
1506808845,22595378,0.16850,2960.25442136,0
1506808637,22595269,0.16876,1000.00000000,0
1506808123,22595113,0.16890,50.00000000,0
1506807803,22594961,0.16907,3246.89196746,0
1506807797,22594956,0.16871,719.78302500,1
1506807561,22594810,0.16904,4327.59654520,0
1506807543,22594807,0.16910,30.00000000,0
1506807510,22594791,0.16871,1280.21697500,1
1506807500,22594788,0.16841,719.78302500,1
1506807480,22594775,0.16844,1247.90810000,1
1506807353,22594753,0.16834,444.09213400,0
1506807351,22594752,0.16818,1954.33125223,0
1506807314,22594725,0.16806,2947.28138727,0
1506807145,22594534,0.16818,545.66874777,0
1506807107,22594488,0.16763,435.73652216,1
1506807107,22594487,0.16777,500.00000000,1
1506807106,22594486,0.16795,205.97562372,1
1506807106,22594485,0.16795,404.96200000,1
1506807106,22594484,0.16795,5000.00000000,1
1506807106,22594483,0.16795,103.32585412,1
1506807101,22594478,0.16795,285.73652216,1
1506807101,22594477,0.16800,0.00000024,1
1506806963,22594345,0.16800,311.99999976,1
1506806963,22594344,0.16800,17355.00569120,1
1506806963,22594343,0.16801,1074.34081304,1
1506806963,22594342,0.16802,500.00000000,1
1506806963,22594341,0.16804,2000.00000000,1
1506806950,22594329,0.16818,500.00000000,0
1506806707,22594188,0.16820,593.00000000,1
1506806665,22594113,0.16847,2173.53106000,1
1506806664,22594111,0.16850,792.24828973,1
1506806664,22594109,0.16851,500.00000000,1
1506806575,22594078,0.16850,4357.04324520,1
1506806546,22594054,0.16850,2000.00000000,1
1506806531,22594047,0.16870,1792.59120000,1
1506806512,22594028,0.16870,1607.40880000,1
1506806512,22594027,0.16888,450.00000000,1
1506806512,22594026,0.16889,842.59120000,1
1506806511,22594022,0.16889,2857.26202400,1
1506806510,22594019,0.16889,4858.03906600,1
1506806510,22594018,0.16898,2047.90837100,1
1506806496,22594009,0.16899,842.59120000,1
1506806471,22593979,0.16898,524.13662900,1
1506806471,22593978,0.16899,1834.03840000,1
1506806469,22593975,0.16900,488.24297100,1
1506806469,22593974,0.16901,2000.00000000,1
1506806462,22593972,0.16898,427.95500000,1
1506806462,22593971,0.16900,31.00000000,1
1506806457,22593943,0.16907,6007.29420800,1
1506806446,22593942,0.16978,771.75652463,1
1506806364,22593881,0.16982,1722.95202100,1
1506806364,22593880,0.16983,6960.82186000,1
1506806313,22593868,0.16979,1359.36580400,1
1506806300,22593863,0.16978,2390.87928100,1
1506806297,22593862,0.16975,4093.75632000,0
1506806297,22593861,0.16974,1242.25300000,0
1506806297,22593860,0.16973,842.76416889,0
1506806297,22593859,0.16973,4357.04324515,0
1506806263,22593850,0.16988,1630.38615493,0
1506806253,22593837,0.16993,4806.44039774,0
1506806220,22593803,0.16907,6829.10056500,1
1506806188,22593786,0.16907,2375.42876400,1
1506806188,22593785,0.16908,200.00000000,1
1506806108,22593736,0.16907,4788.17646300,1
1506806108,22593735,0.16910,100.00000000,1
1506806024,22593652,0.16980,1000.00000000,1
1506806024,22593651,0.16998,424.25506224,1
1506806024,22593650,0.16999,80.00000000,1
1506805984,22593639,0.16998,1551.55908700,1
1506805970,22593635,0.16998,334.00000000,1
1506805923,22593629,0.16998,5950.00000000,1
1506805869,22593610,0.16998,13591.91792000,1
1506805859,22593600,0.16998,570.01545342,1
1506805859,22593599,0.17000,2908.71235858,1
1506805837,22593578,0.17000,2121.86149400,1
1506805835,22593574,0.17000,837.06128418,1
1506805835,22593572,0.17000,1955.43074882,1
1506805821,22593565,0.17000,1869.64674200,1
1506805821,22593564,0.17000,121.62938588,1
1506805821,22593562,0.17001,1953.12430000,1
1506805821,22593560,0.17008,500.00000000,1
1506805821,22593559,0.17010,586.29259012,1
1506805588,22593475,0.17010,2813.70740988,1
1506805588,22593474,0.17017,5199.80741404,1
1506805588,22593473,0.17031,2235.82831308,1
1506805588,22593471,0.17033,299.80499600,1
1506805527,22593457,0.17095,116.00000000,1
1506805486,22593448,0.17117,67.01711749,0
1506805397,22593419,0.17095,5100.46513000,1
1506805373,22593405,0.17097,116.00000000,1
1506805372,22593403,0.17097,1095.56830000,1
1506805372,22593401,0.17100,116.00000000,1
1506805361,22593393,0.17101,303.98440600,1
1506805338,22593374,0.17102,4858.54673800,1
1506805338,22593373,0.17107,1392.27090000,1
1506805332,22593367,0.17149,1331.27291200,1
1506805099,22593303,0.17198,290.00645424,0
1506805031,22593278,0.17149,218.00000000,1
1506804982,22593248,0.17198,290.00645424,0
1506804249,22593028,0.17144,46.00000000,0
1506803457,22592574,0.17195,2755.37332000,0
1506803457,22592573,0.17192,3518.42958000,0
1506803457,22592572,0.17191,1226.19710000,0
1506803310,22592379,0.17197,156.00000000,0
1506803247,22592367,0.17190,4626.44444075,0
1506803247,22592366,0.17170,373.55555925,0
1506803193,22592343,0.17170,54.00000000,0
1506803064,22592263,0.17137,46.00000000,0
1506802721,22591952,0.17150,116.32723032,0
1506802494,22591806,0.17096,295.00000000,1
1506802463,22591799,0.17096,2255.00000000,1
1506802345,22591762,0.17096,1000.00000000,1
1506802024,22591585,0.17099,46.00000000,1
1506802023,22591583,0.17099,200.00000000,0
1506801788,22591479,0.17097,747.90898989,1
1506801452,22591246,0.17098,11653.22616700,1
1506801358,22591223,0.17100,1000.00000000,0
1506801358,22591222,0.17100,989.43937634,0
1506800830,22591077,0.17100,1137.00000000,0
1506800828,22591076,0.17098,60.00000000,0
1506800453,22590937,0.17095,50.00000000,1
1506800197,22590851,0.17100,100.00000000,0
1506799933,22590730,0.17100,1965.11561800,0
1506799888,22590708,0.17100,374.16667000,0
1506799887,22590707,0.17100,136.66498400,0
1506799883,22590705,0.17100,2301.36429000,0
1506799832,22590651,0.17100,443.92759968,0
1506799832,22590650,0.17096,41.67516771,0
1506799832,22590649,0.17095,1561.12473161,0
1506799831,22590648,0.17095,2237.49626664,0
1506799831,22590646,0.17095,56.06023436,0
1506799824,22590639,0.17095,1561.12473200,0
1506799809,22590618,0.17093,4402.46493000,0
1506799723,22590562,0.17033,301.75607985,1
1506799675,22590539,0.17095,2882.81503364,0
1506799407,22590460,0.17064,61.00000000,0
1506799032,22590380,0.17089,2035.60795200,0
1506798821,22590341,0.17065,345.99564210,1
1506798819,22590338,0.17070,1760.12721534,1
1506798804,22590334,0.17070,2500.04566200,1
1506798727,22590291,0.17096,875.21016612,0
1506798720,22590289,0.17098,1321.11466617,1
1506798622,22590255,0.17098,864.26661161,1
1506798548,22590238,0.17100,100.00000000,0
1506798541,22590237,0.17100,590.00000000,0
1506798027,22590016,0.17100,939.00000000,0
1506798025,22590015,0.17099,61.00000000,0
1506797956,22589983,0.17100,600.00000000,0
1506797884,22589956,0.17100,323.32146198,0
1506797590,22589812,0.17078,249.00000000,1
1506797581,22589803,0.17078,6264.49094800,1
1506797485,22589614,0.17140,976.77200000,0
1506796950,22589400,0.17149,291.41943926,0
1506796950,22589399,0.17144,252.12755045,0
1506796950,22589397,0.17144,5199.80741430,0
1506796949,22589394,0.17113,75.00000000,0
1506796713,22589311,0.17078,7590.99623003,1
1506796713,22589310,0.17081,1823.03500000,1
1506796713,22589309,0.17099,2215.32616997,1
1506796711,22589306,0.17148,370.64260000,1
1506796639,22589242,0.17149,1072.75749474,0
1506796245,22589069,0.17150,4653.55446064,0
1506796153,22589038,0.17149,1716.20553516,1
1506796153,22589037,0.17149,2289.36531484,1
1506796027,22588961,0.17150,2788.96302990,0
1506796016,22588949,0.17149,3146.96496000,0
1506796016,22588948,0.17148,6190.23524000,0
1506796014,22588943,0.17149,2285.46620794,0
1506795944,22588885,0.17149,310.00000000,0
1506795622,22588696,0.17149,1013.14000000,0
1506795622,22588694,0.17124,75.00000000,0
1506795243,22588484,0.17148,500.95400000,0
1506795019,22588266,0.17099,3811.70526700,0
1506795018,22588263,0.17099,2145.82557100,0
1506794641,22588109,0.17043,170.22963927,1
1506794439,22588039,0.17148,431.31875437,0
1506794438,22588038,0.17094,75.00000000,0
1506794392,22588008,0.17042,259.97230134,1
1506793690,22587818,0.17038,100.00000000,1
1506793682,22587813,0.17121,450.00000000,0
1506793392,22587711,0.17129,866.82116000,0
1506793304,22587675,0.17146,1163.53668494,1
1506793234,22587628,0.17100,5944.37161000,0
1506793233,22587627,0.17099,5109.82943000,0
1506793202,22587585,0.17068,73.00000000,0
1506792731,22587426,0.17098,1458.65849807,0
1506792289,22587153,0.17100,24055.62839000,0
1506792288,22587152,0.17099,2751.61171000,0
1506792288,22587151,0.17091,1219.67170000,0
1506792285,22587144,0.17033,600.00000000,0
1506792281,22587122,0.17033,400.00000000,1
1506792119,22587074,0.17057,73.00000000,0
1506791613,22586845,0.17096,500.00000000,0
1506791374,22586742,0.17103,30.00000000,0
1506791373,22586741,0.17104,157.30162009,0
1506791343,22586730,0.16946,367.73929921,0
1506791342,22586729,0.16967,5132.26070079,1
1506791342,22586728,0.16910,1644.84376645,0
1506791341,22586727,0.16960,500.00000000,1
1506791341,22586726,0.16961,969.37831000,1
1506791341,22586725,0.17006,1680.95695651,1
1506791340,22586724,0.17007,5199.80741404,1
1506791340,22586723,0.17008,4840.39377000,1
1506791340,22586722,0.17020,3400.00000000,1
1506791338,22586721,0.17021,1448.98950000,1
1506791073,22586629,0.17118,1091.46570661,0
1506791073,22586628,0.17118,1221.94690000,0
1506790812,22586516,0.17075,73.00000000,0
1506790494,22586340,0.17127,1162.69000000,0
1506790493,22586339,0.17126,920.04600000,0
1506790203,22586126,0.17009,1281.51774067,0
1506790203,22586125,0.17009,7741.38411000,0
1506790202,22586124,0.17040,424.70838697,1
1506790202,22586123,0.17080,50.00000000,1
1506790200,22586121,0.17090,502.38976236,1
1506790198,22586118,0.17090,154.32131000,1
1506790187,22586111,0.17090,149.37884384,1
1506790152,22586067,0.17091,4704.09537000,0
1506790149,22586065,0.17090,596.00000000,1
1506790140,22586035,0.17102,6000.00000000,1
1506790139,22586027,0.17103,1340.30991753,1
1506790139,22586025,0.17112,4900.82413211,1
1506790139,22586023,0.17117,17.97337536,1
1506790137,22586018,0.17117,482.02662464,1
1506790128,22585993,0.17170,32.21652845,1
1506790126,22585983,0.17170,432.73013155,1
1506790110,22585917,0.17185,500.00000000,0
1506790105,22585884,0.17170,30.05334000,1
1506789650,22585478,0.17199,9698.29971684,0
1506789650,22585477,0.17198,4045.94622880,0
1506789648,22585476,0.17183,101.00000000,0
1506789547,22585423,0.17196,243.00000000,0
1506789436,22585377,0.17195,580.11410294,0
1506789352,22585369,0.17196,155.00000000,0
1506789088,22585260,0.17196,900.00000000,0
1506788887,22585118,0.17195,400.00000000,0
1506788844,22585087,0.17195,1000.00000000,1
1506788781,22585062,0.17164,101.00000000,0
1506788093,22584522,0.17191,225.48926764,1
1506788091,22584521,0.17186,1225.48990000,0
1506788035,22584503,0.17180,6332.00000000,0
1506787820,22584437,0.17195,533.86247421,1
1506787819,22584436,0.17195,1207.00080000,0
1506787788,22584428,0.17130,672.00000000,1
1506787475,22584201,0.17190,2702.03606748,1
1506787473,22584200,0.17130,200.00000000,0
1506787341,22584149,0.17123,101.00000000,0
1506787298,22584124,0.17114,7070.55897855,1
1506787298,22584123,0.17116,1300.56540000,1
1506787271,22584118,0.17116,188.00000000,1
1506787219,22584082,0.17197,225.99994186,1
1506786826,22583855,0.17198,2320.30106444,0
1506786793,22583843,0.17198,289.97557855,0
1506786757,22583819,0.17198,552.27956739,0
1506786030,22583490,0.17198,1291.49756082,0
1506786018,22583489,0.17197,69.60557074,0
1506785889,22583408,0.17195,389.60229360,0
1506785889,22583407,0.17195,270.39770640,0
1506785864,22583400,0.17197,1178.91165121,0
1506785864,22583399,0.17197,100.00000000,0
1506785863,22583398,0.17195,205.97562372,0
1506785813,22583375,0.17190,243.75089000,1
1506785803,22583359,0.17195,404.96200000,0
1506785789,22583351,0.17195,5000.00000000,0
1506785774,22583286,0.17195,389.06237628,0
1506785774,22583284,0.17193,1226.93980000,0
1506785768,22583265,0.17190,2622.56695400,1
1506785763,22583231,0.17190,7165.41561973,0
1506785762,22583220,0.17190,2537.35017063,0
1506785761,22583211,0.17190,297.23420964,0
1506785741,22583140,0.17174,21872.64340054,1
1506785739,22583134,0.17174,1489.24645000,1
1506785739,22583131,0.17167,1208.11860946,0
1506785739,22583129,0.17164,1214.11420000,0
1506785738,22583127,0.17140,1676.00000000,0
1506785737,22583121,0.17112,2030.59254989,0
1506785737,22583117,0.17112,2856.03000000,0
1506785736,22583113,0.17112,19074.83970771,0
1506785736,22583111,0.17111,0.57630097,0
1506785735,22583100,0.17111,114.68389325,0
1506785731,22583070,0.17111,1723.31566578,0
1506785664,22582976,0.17111,965.74590024,0
1506785471,22582734,0.17111,901.32774238,0
1506785470,22582725,0.17111,666.24533925,0
1506785469,22582723,0.17105,264.68895927,0
1506785468,22582721,0.17100,500.00000000,0
1506785169,22582426,0.17090,500.00000000,1
1506785132,22582404,0.17090,97.91008380,0
1506784547,22582172,0.17090,940.92991620,0
1506784545,22582171,0.17075,1979.12197553,0
1506784455,22582121,0.17050,1262.14400682,0
1506784450,22582114,0.17050,550.00000000,0
1506784431,22582093,0.17050,1215.18845963,0
1506784419,22582076,0.17050,1221.27908270,0
1506784405,22582062,0.17050,1221.89151810,0
1506784222,22581879,0.17040,385.41556902,1
1506784002,22581714,0.17050,930.32000000,0
1506783998,22581709,0.17050,3021.17000000,0
1506783836,22581546,0.17040,430.23194401,0
1506783508,22581131,0.17040,484.00000000,0
1506783486,22581107,0.17035,4164.89022793,1
1506783429,22581051,0.17040,444.89712441,0
1506783302,22580981,0.17040,585.39096244,0
1506782915,22580798,0.17000,4550.74122600,1
1506782894,22580790,0.17000,10000.00000000,1
1506782696,22580688,0.17040,2130.00000000,0
1506782548,22580636,0.17020,167.32420682,1
1506782224,22580466,0.17040,403.91977700,0
1506782144,22580447,0.17000,412.00000000,1
1506781747,22580332,0.17040,1170.78192488,0
1506781627,22580303,0.17039,2927.12665063,0
1506780720,22579824,0.17038,175.00000000,0
1506780455,22579732,0.17039,186.76853101,0
1506780453,22579730,0.17037,164.50595762,0
1506780129,22579617,0.17037,585.49404238,0
1506780006,22579584,0.17000,621.11874307,1
1506780000,22579569,0.17000,131.37711000,1
1506779531,22579397,0.17038,435.00000000,1
1506779473,22579350,0.17039,3458.00130000,0
1506779473,22579349,0.17039,1419.54000000,0
1506779473,22579348,0.17038,1222.45870000,0
1506779323,22579282,0.17039,146.34771127,0
1506778997,22579217,0.16971,1000.00000000,1
1506778800,22579061,0.17015,9.62288150,1
1506778724,22578977,0.17020,1500.00000000,0
1506778094,22578578,0.17015,349.37711850,1
1506777921,22578469,0.17015,141.00000000,0
1506777236,22578217,0.17040,2100.00000000,0
1506777233,22578216,0.17039,4381.46926000,0
1506777226,22578213,0.17000,2140.94058824,0
1506777221,22578211,0.17000,176.02941176,1
1506776511,22577898,0.16993,141.00000000,0
1506776194,22577840,0.17005,6715.90127024,0
1506776191,22577837,0.17004,0.00003000,0
1506776191,22577836,0.17004,5282.82240000,0
1506776168,22577828,0.17049,3550.00000000,1
1506775851,22577725,0.17005,1149.53406514,1
1506775851,22577724,0.17005,0.00001000,1
1506775850,22577720,0.17000,6944.44249000,0
1506775850,22577719,0.16998,1148.67043182,1
1506775847,22577718,0.16995,1264.97340000,0
1506775847,22577717,0.16993,1570.38296000,0
1506775847,22577716,0.16993,10000.00000000,0
1506775637,22577662,0.16906,50.00000000,1
1506775573,22577646,0.16924,50.00000000,1
1506775495,22577587,0.16970,50.00000000,0
1506775492,22577584,0.16965,50.00000000,0
1506775358,22577548,0.16950,50.00000000,0
1506775305,22577514,0.16942,51.00000000,0
1506774982,22577391,0.16914,50.00000000,1
1506774909,22577365,0.16917,50.00000000,1
1506774781,22577317,0.16934,50.00000000,1
1506774736,22577305,0.17046,0.00005866,1
1506774692,22577286,0.17046,199.99994134,1
1506774536,22577218,0.17046,4053.28125013,0
1506774536,22577217,0.17046,1747.69370000,1
1506774535,22577216,0.17004,51.00000000,0
1506774504,22577206,0.17070,1258.09600328,1
1506774504,22577205,0.17070,2253.99980000,1
1506774503,22577203,0.17000,40.00000000,0
1506773980,22577016,0.16934,1000.00000000,1
1506773967,22577013,0.16932,50.00000000,1
1506773928,22577002,0.16931,50.00000000,1
1506773802,22576935,0.16922,2225.00000000,1
1506773798,22576932,0.16922,50.00000000,1
1506773547,22576636,0.16960,518.85224304,1
1506773547,22576633,0.16961,2500.00000000,1
1506773543,22576625,0.16960,301.36158807,1
1506773543,22576623,0.16960,2500.00000000,1
1506773539,22576601,0.16960,917.24123087,1
1506773539,22576598,0.16960,5353.50021000,1
1506773537,22576583,0.16959,2549.75051596,1
1506773534,22576579,0.16951,8825.68466895,1
1506773534,22576578,0.16958,638.04090000,1
1506773534,22576577,0.16958,638.04090000,1
1506773534,22576576,0.16958,638.04090000,1
1506773534,22576573,0.16958,487.45391295,1
1506773534,22576571,0.16953,150.58698705,0
1506773533,22576570,0.16953,638.04090000,0
1506773533,22576569,0.16953,587.04090000,0
1506773532,22576566,0.16953,587.04090000,0
1506773532,22576565,0.16953,536.04093763,0
1506773532,22576564,0.16953,50.99996237,0
1506773532,22576563,0.16953,536.04090000,0
1506773532,22576562,0.16952,51.00000000,0
1506773521,22576536,0.16955,586.39199566,1
1506773516,22576530,0.16954,1228.45752644,1
1506773516,22576529,0.16954,2500.00000000,1
1506773277,22576397,0.16980,3049.52885700,1
1506773277,22576396,0.16980,726.25321800,1
1506773095,22576170,0.16980,2273.74678200,1
1506773085,22576160,0.16981,1040.35938800,1
1506773085,22576159,0.16982,2500.00000000,1
1506773084,22576158,0.16999,385.34090000,1
1506773084,22576157,0.17000,100.00000000,1
1506773018,22576091,0.17040,4626.64135800,1
1506773003,22576085,0.17040,3000.00000000,1
1506772992,22576082,0.17040,985.56406500,1
1506772976,22576077,0.17040,7221.73381400,1
1506772960,22576072,0.17040,3585.46279500,1
1506772949,22576063,0.17040,10595.72580000,1
1506772860,22576037,0.17040,9984.87216800,1
1506772694,22575911,0.17111,82.35146879,0
1506772694,22575910,0.17109,175.39853121,0
1506772269,22575752,0.17112,582.92788686,0
1506772143,22575702,0.17112,4141.63603600,0
1506772143,22575701,0.17092,129.00000000,0
1506772031,22575682,0.17056,1500.00000000,1
1506771870,22575425,0.17041,361.82060333,0
1506771807,22575367,0.17041,142.00000000,1
1506770945,22574989,0.17097,30.00000000,1
1506770878,22574965,0.17101,150.00000000,0
1506770854,22574954,0.17109,930.00292243,1
1506770854,22574953,0.17107,2399.07556690,0
1506770852,22574952,0.17106,5417.60370000,0
1506770808,22574937,0.17106,10037.17748000,0
1506770604,22574874,0.17051,129.00000000,0
1506770564,22574839,0.17038,175.39853121,1
1506770564,22574838,0.17047,1232.69430000,1
1506770563,22574836,0.17048,2500.00000000,1
1506770563,22574835,0.17049,9323.57414000,1
1506770111,22574581,0.17025,200.00000000,1
1506769885,22574502,0.17077,178.59580228,1
1506769884,22574501,0.17077,1223.29850000,0
1506769876,22574499,0.17047,129.00000000,0
1506769749,22574427,0.17080,700.00000000,1
1506769313,22574221,0.17080,1696.38780200,1
1506769225,22574128,0.17080,2534.16107100,1
1506769212,22574077,0.17080,541.90840400,1
1506769207,22574075,0.17080,2085.08863000,1
1506769160,22574021,0.17107,58.30981470,0
1506769152,22574010,0.17107,373.18284913,0
1506769098,22573970,0.17080,4758.50791230,1
1506769038,22573937,0.17109,206.87243801,0
1506769038,22573936,0.17109,2624.69433100,0
1506769036,22573931,0.17107,76.27738952,0
1506768565,22573717,0.17107,580.89400000,0
1506768565,22573716,0.17100,500.00000000,0
1506768534,22573707,0.17098,350.04310446,0
1506768008,22573215,0.17060,3538.02506013,0
1506767268,22572835,0.17048,268.60828965,0
1506767147,22572803,0.16981,179.24636119,1
1506766689,22572572,0.17002,7105.71504463,0
1506766608,22572547,0.17000,31012.39342870,1
1506766608,22572546,0.17002,175.00000000,0
1506766543,22572505,0.17000,2499.00000000,1
1506766496,22572450,0.17000,4471.54171600,1
1506766493,22572448,0.17000,33511.39342900,1
1506766460,22572441,0.17000,3022.87717630,1
1506766421,22572432,0.17000,2714.47235000,1
1506766421,22572431,0.17001,7285.52765000,1
1506766400,22572427,0.17000,8768.32190000,1
1506766400,22572426,0.17001,1231.67810000,1
1506766348,22572409,0.17002,1229.27790000,1
1506766348,22572407,0.17011,168.13268315,1
1506766347,22572405,0.17012,90.00000000,1
1506766247,22572354,0.17012,2310.84446016,0
1506766245,22572353,0.17011,520.77449455,0
1506766129,22572298,0.17011,2039.85429100,1
1506765861,22572239,0.17011,1172.77784963,0
1506765320,22571996,0.16948,562.50035525,0
1506765319,22571995,0.16948,29.42842813,0
1506764977,22571861,0.17000,462.40000000,0
1506764881,22571823,0.17000,525.87600000,0
1506764879,22571822,0.16970,61.00000000,0
1506763443,22571239,0.16918,1925.32290000,0
1506763443,22571238,0.16915,61.00000000,0
1506763436,22571223,0.16922,1502.57710000,1
1506763201,22571191,0.16919,60.55022000,1
1506762841,22571072,0.17012,0.00011755,1
1506762839,22571065,0.17012,136.01716436,1
1506762838,22571062,0.17012,2863.98271809,1
1506762021,22570811,0.17012,315.91624853,0
1506762021,22570810,0.17012,153.10561841,0
1506762001,22570801,0.16923,93.93099488,1
1506762001,22570799,0.16950,0.44977512,1
1506761463,22570515,0.16951,746.89416484,0
1506761463,22570514,0.16951,1218.41888016,0
1506761372,22570478,0.16950,899.55022488,1
1506761367,22570472,0.16951,319.02817971,1
1506761367,22570471,0.16951,899.99982029,1
1506761367,22570470,0.16971,0.00012072,1
1506761114,22570372,0.16981,600.00000000,1
1506761110,22570368,0.16982,1179.03538527,1
1506761051,22570342,0.16981,205.61922148,0
1506761015,22570335,0.16971,747.37681928,1
1506760865,22570269,0.16971,1000.00000000,1
1506760800,22570244,0.16971,252.62306000,1
1506760800,22570243,0.17000,47.00000000,1
1506760607,22570206,0.17018,500.00000000,0
1506760542,22570197,0.17023,352.12941314,0
1506760540,22570196,0.17000,2845.28176471,0
1506760232,22570102,0.17000,154.71823529,0
1506760230,22570101,0.16971,785.54480753,0
1506760094,22570066,0.16923,2014.55024082,1
1506760094,22570065,0.16924,883.92908518,1
1506760093,22570062,0.16924,1302.97561482,1
1506759936,22570005,0.16971,1.05000000,0
1506759936,22570004,0.16970,1500.00000000,0
1506759919,22569999,0.16942,786.59481000,0
1506759904,22569985,0.16942,700.00000000,1
1506759904,22569984,0.16950,100.00000000,1
1506759904,22569982,0.16950,450.00000000,1
1506759904,22569981,0.16952,1598.54590000,1
1506759904,22569980,0.16970,2500.70206060,1
1506759903,22569977,0.16970,2499.29793940,1
1506759896,22569971,0.16971,2280.00000000,0
1506759832,22569943,0.16971,7040.00000000,0
1506759825,22569933,0.16971,1244.22510000,1
1506759824,22569926,0.16971,2394.63603740,1
1506759739,22569905,0.17088,70.04956695,0
1506759600,22569856,0.17051,0.37693473,1
1506759188,22569654,0.17035,268.00000000,0
1506759187,22569653,0.17035,270.56906527,0
1506759140,22569626,0.17035,29.28100969,0
1506759054,22569587,0.16961,100.00000000,1
1506758947,22569555,0.16960,1608.68142910,1
1506758765,22569458,0.16958,997.14565577,0
1506758745,22569452,0.16958,1100.10000000,0
1506758553,22569290,0.16975,609.69515242,1
1506758520,22569255,0.17035,300.00000000,1
1506758447,22569201,0.17087,11586.16135876,0
1506758446,22569200,0.17087,1238.36770000,0
1506758420,22569148,0.17035,458.52070256,1
1506758416,22569139,0.17035,1214.64265396,1
1506758413,22569134,0.17035,300.00000000,0
1506758368,22569098,0.17057,95.35211350,0
1506758309,22569040,0.17023,117.19508900,0
1506758287,22568952,0.17011,117.27776145,0
1506758273,22568897,0.16950,687.89048920,0
1506758273,22568895,0.16950,2178.87920480,0
1506758207,22568751,0.16950,2178.37268365,1
1506758204,22568736,0.16950,19160.40737395,1
1506758201,22568716,0.16951,1133.97257598,1
1506758200,22568712,0.16951,7387.33268443,1
1506758193,22568676,0.16951,1009.88265557,1
1506758188,22568664,0.16950,24510.61379073,1
1506758187,22568663,0.16954,264.68895927,1
1506758184,22568648,0.17003,4000.00000000,0
1506757966,22568379,0.17021,293.02220786,0
1506757737,22568289,0.16953,1231.48222000,1
1506757721,22568280,0.17101,189.84924858,0
1506757721,22568278,0.17050,391.45291539,0
1506757721,22568277,0.17049,647.40291000,0
1506757720,22568276,0.17048,779.23530458,0
1506757720,22568275,0.17046,1223.47830000,0
1506757720,22568273,0.17014,2393.45525606,0
1506757719,22568272,0.16983,232.00000000,0
1506756986,22568009,0.17048,10260.17456593,0
1506756985,22568008,0.17047,4619.08700000,0
1506756985,22568007,0.17017,1216.57370000,0
1506756983,22568006,0.17014,5174.75297404,0
1506756826,22567924,0.16950,8903.08800000,1
1506756660,22567823,0.17000,1038.84000000,1
1506756660,22567822,0.17000,1038.82365458,1
1506756549,22567739,0.17000,768.86931300,1
1506756549,22567737,0.17000,1463.13068700,1
1506756545,22567722,0.17000,756.60710000,1
1506756527,22567692,0.17049,92.63939233,0
1506756525,22567688,0.17042,194.13041978,0
1506756521,22567684,0.17000,2280.26221300,1
1506756521,22567683,0.17002,3427.90000000,1
1506756356,22567647,0.17000,500.00000000,1
1506756318,22567636,0.17001,341.94400000,0
1506756309,22567634,0.17001,1513.30850000,1
1506756305,22567628,0.17050,209.08758184,1
1506756303,22567616,0.17050,2512.72057305,1
1506756297,22567594,0.17050,2188.19184482,1
1506756288,22567580,0.17050,5516.26630800,1
1506756286,22567577,0.17050,1200.27302854,1
1506756278,22567573,0.17050,2455.00000000,1
1506756275,22567572,0.17050,2455.00000000,1
1506756271,22567569,0.17050,227.58656400,1
1506756267,22567567,0.17050,4265.41620000,1
1506756257,22567560,0.17050,223.00000000,1
1506756254,22567556,0.17050,2455.00000000,1
1506756249,22567555,0.17050,8411.15880000,1
1506756234,22567547,0.17050,2232.00000000,1
1506756233,22567546,0.17050,223.00000000,1
1506756230,22567545,0.17050,12753.37609100,1
1506756204,22567532,0.17050,629.35756100,1
1506756204,22567531,0.17051,6387.69413000,1
1506756204,22567530,0.17051,1271.32940000,1
1506756175,22567526,0.17050,449.94586400,1
1506756171,22567521,0.17050,3263.95866100,1
1506756160,22567508,0.17050,223.00000000,1
1506756158,22567504,0.17050,1732.04452700,1
1506756158,22567503,0.17051,677.58723000,1
1506756147,22567490,0.17051,4454.07260000,1
1506756146,22567489,0.17051,1215.56630000,1
1506756026,22567432,0.17107,2268.00000000,1
1506756024,22567429,0.17096,232.00000000,0
1506756014,22567426,0.17050,19767.40989400,1
1506756011,22567425,0.17050,3725.34353200,1
1506755987,22567395,0.17050,7881.86296975,1
1506755987,22567394,0.17051,1229.40620000,1
1506755987,22567393,0.17051,10169.46913025,1
1506755987,22567392,0.17052,7058.23090000,1
1506755986,22567391,0.17051,3728.20000000,1
1506755928,22567340,0.17051,1951.44394039,1
1506755862,22567300,0.17118,1470.76566923,0
1506755852,22567298,0.17052,543.98600000,1
1506755712,22567227,0.17129,4000.00000000,0
1506755668,22567208,0.17150,1127.90524781,0
1506755618,22567201,0.17136,2911.42862979,0
1506755559,22567189,0.17051,250.91000000,1
1506755301,22567097,0.17051,6030.18202810,0
1506755299,22567096,0.17052,1232.58040000,1
1506755271,22567086,0.17053,71.00000000,1
1506755087,22567000,0.17052,813.80266400,1
1506755038,22566989,0.17052,3767.15352800,0
1506755037,22566985,0.17052,1667.04832600,1
1506755037,22566983,0.17052,1231.43100000,1
1506754898,22566919,0.17166,869.45164860,0
1506754898,22566918,0.17157,695.02243000,0
1506754898,22566917,0.17157,2776.27600000,1
1506754898,22566916,0.17157,818.54143000,1
1506754898,22566915,0.17157,2784.17200000,1
1506754897,22566914,0.17157,1220.63890000,1
1506754897,22566913,0.17156,1245.16950000,1
1506754895,22566908,0.17111,1222.76260000,0
1506754879,22566895,0.17109,4084.22567069,0
1506754877,22566894,0.17038,231.58869842,0
1506754844,22566852,0.17038,356.22000000,0
1506754844,22566851,0.17035,232.00000000,0
1506754825,22566816,0.17031,2393.99994100,1
1506754813,22566803,0.17031,1275.60953200,1
1506754808,22566800,0.17034,1376.28729700,1
1506754603,22566574,0.17051,550.17647424,1
1506754603,22566573,0.17058,1471.82352576,1
1506754388,22566532,0.17032,2437.00000000,1
1506754376,22566523,0.17052,3675.27396010,1
1506754375,22566522,0.17054,1367.74730000,0
1506754118,22566458,0.17166,2291.35289747,0
1506753927,22566398,0.17167,6016.28942139,1
1506753926,22566397,0.17167,4997.14769000,1
1506753925,22566396,0.17167,26279.60700000,0
1506753925,22566395,0.17164,1261.16721083,0
1506753925,22566394,0.17162,2183.29378000,0
1506753925,22566393,0.17161,1222.98690000,0
1506753863,22566326,0.17144,1163.79573028,0
1506753833,22566311,0.17090,47.00000000,0
1506753312,22566043,0.17086,893.43646200,1
1506752660,22565609,0.17197,1014.50316915,1
1506752659,22565608,0.17195,145.60706060,0
1506752651,22565606,0.17195,638.01243940,0
1506752566,22565563,0.17194,580.14784227,0
1506752409,22565422,0.17118,47.00000000,0
1506752373,22565415,0.17049,2167.00000000,1
1506751735,22564820,0.17190,1228.82080000,0
1506751724,22564769,0.17184,1807.12512000,0
1506751665,22564457,0.17026,873.82344100,1
1506751651,22564377,0.17182,1180.21000000,0
1506751651,22564376,0.17173,1341.16000000,0
1506751651,22564374,0.17170,791.71400000,0
1506751650,22564363,0.17019,957.42940010,1
1506751642,22564319,0.17200,25821.48470660,1
1506751642,22564318,0.17200,12647.10000000,1
1506751641,22564314,0.17200,14725.97338600,1
1506751641,22564311,0.17200,103.49588567,1
1506751641,22564310,0.17226,1098.89051433,1
1506751640,22564304,0.17202,680.00000000,0
1506751640,22564303,0.17202,15659.40892000,1
1506751638,22564293,0.17200,2560.20331427,1
1506751638,22564292,0.17200,1203.83710000,1
1506751638,22564288,0.17200,300.00000000,0
1506751638,22564287,0.17200,2000.00000000,0
1506751637,22564286,0.17200,100.00000000,0
1506751637,22564284,0.17196,1784.60423533,0
1506751637,22564282,0.17190,368.02000000,0
1506751637,22564281,0.17182,1000.00000000,0
1506751637,22564279,0.17178,75.86738852,0
1506751637,22564277,0.17176,15411.74740239,0
1506751637,22564276,0.17167,2173.53106000,0
1506751637,22564273,0.17166,657.51663000,0
1506751637,22564271,0.17150,500.00000000,0
1506751636,22564269,0.17145,8860.07300000,0
1506751636,22564267,0.17145,3287.58313000,0
1506751636,22564266,0.17144,12387.68300000,0
1506751610,22564242,0.17123,88.36292530,1
1506751610,22564241,0.17100,73.47999293,0
1506751610,22564240,0.17097,1202.24177414,0
1506751609,22564239,0.17091,610.39040509,0
1506751609,22564238,0.17090,450.00000000,0
1506751609,22564237,0.17080,2184.55303000,0
1506751607,22564235,0.17078,6561.83300000,0
1506751573,22564150,0.17079,68.08448972,0
1506751572,22564148,0.17050,82.00000000,0
1506751572,22564147,0.17020,787.37278884,0
1506751572,22564146,0.17020,212.62721116,0
1506751570,22564138,0.17000,130.00000000,0
1506751570,22564137,0.17000,100.00000000,0
1506751570,22564136,0.17000,145.18148726,0
1506751565,22564129,0.17000,802.47901074,0
1506751565,22564128,0.17000,68.22882726,0
1506751562,22564117,0.16994,2195.55573000,0
1506751525,22564019,0.16983,84.94286221,0
1506751525,22564018,0.16980,237.00000000,0
1506751498,22563975,0.16968,1331.34002766,0
1506751485,22563951,0.16968,6280.03919000,0
1506751484,22563947,0.16968,1116.31196746,0
1506751469,22563927,0.16967,1693.60323306,0
1506751464,22563911,0.16967,912.47557700,0
1506751260,22563766,0.16924,47.00000000,0
1506751099,22563748,0.16967,1013.89000000,0
1506750991,22563722,0.16967,58.76112453,0
1506750682,22563614,0.16905,3000.00000000,1
1506750551,22563590,0.16968,174.30000000,0
1506750320,22563506,0.16965,515.23105500,0
1506750047,22563366,0.16968,1096.90818010,0
1506750045,22563364,0.16934,79.00000000,0
1506750000,22563346,0.16901,79.00000000,1
1506748573,22562755,0.16911,477.83135237,0
1506748047,22562221,0.16920,9.10482000,0
1506748047,22562218,0.16920,4529.20783000,0
1506748047,22562215,0.16910,15202.02241000,0
1506748046,22562212,0.16810,79.00000000,0
1506748026,22562029,0.16703,1015.59809000,1
1506748024,22562007,0.16822,294.18941500,1
1506748023,22561998,0.16822,3527.90439500,1
1506748023,22561992,0.16824,1720.85003100,0
1506748023,22561979,0.16823,6016.64433700,1
1506748022,22561974,0.16823,7799.38481300,0
1506747292,22561666,0.16819,1129.10000000,0
1506747265,22561529,0.16702,1688.56183900,0
1506747265,22561524,0.16701,24367.61499100,1
1506747264,22561521,0.16702,2412.98261900,1
1506747264,22561519,0.16702,87.01738100,1
1506747264,22561511,0.16800,51.93000000,1
1506747264,22561510,0.16806,937.40345000,1
1506747263,22561505,0.16867,95.00416900,1
1506747263,22561500,0.16867,811.43816100,1
1506747261,22561486,0.16867,3772.20910000,1
1506747261,22561483,0.16867,1227.79090000,1
1506747050,22561196,0.16953,1538.68425500,1
1506747049,22561193,0.16951,8507.07794000,0
1506746992,22560849,0.16881,8512.36151200,1
1506746992,22560848,0.16911,1552.43700000,1
1506746992,22560846,0.16913,200.00000000,1
1506746629,22560728,0.16960,13259.52469400,0
1506746629,22560727,0.16959,4285.50639000,0
1506746617,22560717,0.16948,230.00000000,0
1506746275,22560565,0.16909,2206.66977000,0
1506744000,22560201,0.16754,33.00000000,1
1506742800,22559992,0.16858,33.00000000,1
1506742748,22559982,0.16851,4288.76000000,1
1506741273,22559749,0.16885,367.40331492,0
1506741242,22559735,0.16884,26.18941009,0
1506741240,22559734,0.16828,33.00000000,0
1506738441,22559081,0.16907,10259.26208079,0
1506738440,22559080,0.16888,450.00000000,0
1506738440,22559079,0.16879,2706.82412691,0
1506738440,22559078,0.16870,7108.61055724,0
1506738439,22559077,0.16869,276.29639000,0
1506738439,22559076,0.16851,1000.00000000,0
1506738439,22559075,0.16832,5199.80741430,0
1506738437,22559074,0.16831,1381.48196000,0
1506738437,22559073,0.16831,1685.87015000,0
1506738437,22559072,0.16831,3.56101800,0
1506737919,22558965,0.16827,2298.81903405,0
1506735918,22558293,0.16796,295.87812514,0
1506735916,22558292,0.16730,0.59785511,0
1506735631,22557815,0.16752,854.22214489,1
1506735619,22557771,0.16705,39.00000000,0
1506734958,22557548,0.16760,560.75978520,0
1506734467,22557510,0.16782,380.04294987,0
1506734467,22557509,0.16782,1236.40360000,0
1506734467,22557508,0.16725,39.00000000,0
1506733489,22557280,0.16715,1991.33075614,0
1506733487,22557278,0.16683,39.00000000,0
1506732815,22557150,0.16715,1193.54615615,0
1506732577,22557072,0.16650,649.27282403,0
1506732576,22557069,0.16650,937.49873873,0
1506732574,22557065,0.16650,936.89687687,0
1506732573,22557063,0.16650,936.29657657,0
1506732569,22557046,0.16641,4583.47223000,0
1506732567,22557038,0.16641,2324.04283406,0
1506732566,22557033,0.16641,3843.66666666,0
1506731824,22556893,0.16574,394.91264370,1
1506731822,22556890,0.16575,2615.72700000,1
1506731695,22556842,0.16642,408.18513400,0
1506730784,22556716,0.16575,5115.45720000,1
1506730781,22556715,0.16594,2206.66977000,1
1506730781,22556714,0.16600,675.09011800,1
1506730779,22556713,0.16600,524.90988200,1
1506730779,22556712,0.16601,1360.28530000,1
1506730779,22556711,0.16610,10000.00000000,1
1506730526,22556646,0.16650,630.00000000,0
1506730194,22556613,0.16650,150.00000000,0
