date,tid,price,amount,type
1506815793,22597364,0.19910,913.68000000,0
1506815520,22597342,0.19812,916.99469902,0
1506815518,22597341,0.19763,1034.00000000,0
1506814952,22597282,0.19710,170.99074000,1
1506814932,22597273,0.19710,90.00000000,1
1506814928,22597270,0.19710,46544.82986800,1
1506814928,22597268,0.19720,2000.00000000,1
1506814650,22597207,0.19703,100.00000000,1
1506814367,22597149,0.19781,1538.03852181,0
1506814097,22597083,0.19710,395.28190635,0
1506814096,22597079,0.19710,1260.76750000,1
1506814096,22597077,0.19773,203.92629924,1
1506813932,22597051,0.19773,622.40912400,1
1506813638,22596995,0.19890,909.05201890,0
1506813637,22596994,0.19834,1034.00000000,0
1506813604,22596987,0.19896,200.54402895,0
1506813601,22596985,0.19776,31.27323231,1
1506813600,22596984,0.19840,695.21304769,1
1506813551,22596964,0.19842,1592.49900000,1
1506813551,22596962,0.19842,270.00000000,1
1506813092,22596886,0.19920,1069.62851405,0
1506812846,22596859,0.19920,590.89221888,0
1506812569,22596821,0.19887,307.51371100,0
1506812362,22596802,0.19849,1107.78600000,1
1506812358,22596800,0.19843,1120.52511000,1
1506812357,22596799,0.19844,1095.45389000,1
1506812357,22596798,0.19847,505.58856000,0
1506812357,22596797,0.19844,505.76691000,1
1506812338,22596795,0.19900,98.00000000,1
1506812094,22596747,0.19943,31.87513916,1
1506812094,22596745,0.19943,953.17053084,1
1506812093,22596743,0.19937,1224.80350000,0
1506812093,22596742,0.19931,71.15083000,0
1506812093,22596741,0.19930,270.00000000,0
1506811728,22596676,0.19910,35.00000000,0
1506811524,22596645,0.19840,0.34779084,0
1506811521,22596643,0.19840,695.56083853,0
1506811409,22596622,0.19840,2085.11284700,0
1506811323,22596597,0.19773,826.00000000,0
1506811320,22596596,0.19800,90.00000000,1
1506811055,22596494,0.19840,609.25932000,0
1506811051,22596492,0.19840,39.71920363,0
1506810949,22596471,0.19831,2848.08864000,1
1506810948,22596470,0.19828,2848.08864000,0
1506810933,22596468,0.19831,447.73334678,0
1506810931,22596466,0.19829,503.05421353,0
1506810905,22596463,0.19765,2926.40897000,0
1506810899,22596459,0.19634,13997.50714472,0
1506810898,22596457,0.19634,2537.00525528,0
1506810898,22596454,0.19634,2879.48760000,1
1506810825,22596437,0.19764,30.00000000,0
1506810612,22596363,0.19617,58.02880000,1
1506810594,22596356,0.19616,457.00000000,1
1506810591,22596355,0.19704,1100.00000000,0
1506810537,22596342,0.19752,8822.18924665,1
1506810535,22596341,0.19612,270.00000000,0
1506810495,22596335,0.19536,329.18019955,1
1506810491,22596333,0.19535,302.17903632,1
1506810486,22596332,0.19534,394.69221864,1
1506810268,22596295,0.19520,6576.93993500,0
1506810238,22596286,0.19520,544.00000000,0
1506810220,22596280,0.19520,1167.00000000,0
1506810220,22596279,0.19520,4703.12000000,0
1506810199,22596272,0.19520,1200.93802900,0
1506810178,22596268,0.19520,1807.13864600,0
1506810160,22596264,0.19520,2935.86339000,0
1506810160,22596263,0.19519,4564.13661000,0
1506810136,22596260,0.19519,544.00000000,0
1506810102,22596254,0.19520,1065.00000000,0
1506810052,22596225,0.19531,916.00000000,0
1506810047,22596220,0.19500,150.23660500,1
1506810046,22596219,0.19500,11597.90321657,1
1506810046,22596218,0.19500,905.29498143,1
1506810046,22596216,0.19501,5464.52123000,1
1506810039,22596206,0.19500,14306.62894374,1
1506810037,22596205,0.19505,2000.00000000,1
1506810029,22596195,0.19506,1275.84110000,1
1506810001,22596182,0.19516,493.51922000,1
1506810000,22596181,0.19518,270.00000000,1
1506809968,22596076,0.19602,1066.00000000,0
1506809919,22596061,0.19610,25.43610403,0
1506809912,22596058,0.19613,5898.16128600,0
1506809893,22596046,0.19500,4788.07607483,1
1506809893,22596044,0.19500,1000.00000000,1
1506809892,22596042,0.19502,2500.00000000,1
1506809892,22596039,0.19510,186.36596617,1
1506809892,22596036,0.19510,35.00000000,1
1506809858,22596029,0.19512,500.00000000,1
1506809858,22596028,0.19512,1459.99999989,1
1506809847,22596022,0.19512,9631.71741700,1
1506809847,22596020,0.19548,1960.00000000,1
1506809845,22596019,0.19548,540.00000000,1
1506809837,22596012,0.19558,5000.00000000,1
1506809837,22596011,0.19561,515.28599000,1
1506809837,22596010,0.19561,2582.66922000,1
1506809825,22595968,0.19560,2500.00000000,1
1506809815,22595954,0.19553,24931.61168000,1
1506809815,22595953,0.19557,1817.39090000,1
1506809815,22595951,0.19558,270.00000000,1
1506809814,22595950,0.19561,14498.44339000,1
1506809808,22595947,0.19559,189.79368000,1
1506809806,22595946,0.19558,594.83282900,0
1506809802,22595942,0.19557,1813.80125400,1
1506809779,22595935,0.19857,2708.99002871,0
1506809733,22595920,0.19879,1667.46491272,1
1506809733,22595918,0.19872,801.34134000,0
1506809733,22595916,0.19872,6382.33100000,1
1506809733,22595915,0.19870,20000.00000000,0
1506809732,22595914,0.19639,1265.71200000,0
1506809732,22595913,0.19634,4006.70670000,0
1506809731,22595912,0.19632,6513.04751000,0
1506809621,22595876,0.19610,8731.35650000,0
1506809621,22595875,0.19609,1268.64350000,0
1506809605,22595869,0.19512,1493.00000000,1
1506809604,22595868,0.19516,1000.00000000,1
1506809604,22595867,0.19519,2500.00000000,1
1506809602,22595866,0.19522,270.00000000,1
1506809514,22595849,0.19512,20101.55390015,1
1506809505,22595835,0.19512,910.86317941,1
1506809500,22595833,0.19512,1743.34799976,1
1506809500,22595832,0.19520,700.00000000,1
1506809500,22595831,0.19520,35.00000000,1
1506809498,22595830,0.19540,0.00000024,1
1506809479,22595812,0.19540,699.99999976,1
1506809479,22595811,0.19546,511.60356324,1
1506809479,22595810,0.19550,910.00000000,1
1506809479,22595809,0.19560,700.00000000,1
1506809479,22595808,0.19561,840.00000000,1
1506809463,22595782,0.19580,0.00002000,1
1506809462,22595781,0.19580,699.99998000,1
1506809462,22595780,0.19591,85.42742000,1
1506809457,22595777,0.19600,700.00000000,1
1506809456,22595776,0.19600,12629.21121613,1
1506809452,22595768,0.19600,219.23757600,1
1506809452,22595767,0.19600,29827.15232500,1
1506809450,22595766,0.19600,9719.32683338,1
1506809450,22595765,0.19600,470.00000000,1
1506809450,22595764,0.19600,910.00000000,1
1506809450,22595763,0.19600,839.12195862,1
1506809436,22595747,0.19600,3235.42742000,1
1506809434,22595741,0.19600,1182.40619364,1
1506809426,22595732,0.19600,15004.66000000,1
1506809425,22595731,0.19600,5832.26434635,1
1506809424,22595730,0.19600,10000.00000000,1
1506809419,22595721,0.19600,34271.05145221,1
1506809418,22595718,0.19600,38667.03823952,1
1506809417,22595711,0.19600,1625.42742000,1
1506809415,22595710,0.19600,10000.00000000,1
1506809411,22595703,0.19600,10000.00000000,1
1506809409,22595697,0.19600,4446.93219300,1
1506809407,22595696,0.19600,75382.07968100,1
1506809407,22595693,0.19600,61965.22541700,1
1506809406,22595691,0.19600,151.48716700,1
1506809405,22595689,0.19600,71415.08212600,1
1506809405,22595685,0.19600,27059.08710700,1
1506809403,22595683,0.19600,1256.89540000,1
1506809401,22595681,0.19600,7602.89634200,1
1506809399,22595674,0.19600,15545.87203000,1
1506809399,22595672,0.19610,1000.00000000,1
1506809399,22595671,0.19610,35.00000000,1
1506809399,22595668,0.19611,1261.93810000,1
1506809395,22595666,0.19620,400.00000000,1
1506809395,22595662,0.19620,300.00000000,1
1506809394,22595661,0.19620,35.00000000,1
1506809394,22595660,0.19640,700.00000000,1
1506809388,22595650,0.19650,910.00000000,1
1506809388,22595649,0.19652,71.15083000,1
1506809388,22595648,0.19660,700.00000000,1
1506809388,22595647,0.19674,5000.00000000,1
1506809388,22595646,0.19680,700.00000000,1
1506809387,22595645,0.19700,700.00000000,1
1506809387,22595643,0.19700,22710.91090169,1
1506809385,22595638,0.19700,10000.00000000,1
1506809385,22595637,0.19700,10000.00000000,1
1506809385,22595636,0.19700,10000.00000000,1
1506809385,22595635,0.19700,10000.00000000,1
1506809384,22595634,0.19700,10000.00000000,1
1506809384,22595633,0.19700,10000.00000000,1
1506809384,22595632,0.19700,10000.00000000,1
1506809383,22595631,0.19700,10000.00000000,1
1506809383,22595630,0.19700,8541.77359788,1
1506809383,22595629,0.19700,910.00000000,1
1506809383,22595628,0.19700,548.22640212,1
1506809383,22595627,0.19700,10000.00000000,1
1506809383,22595626,0.19700,5563.87588888,1
1506809383,22595625,0.19700,4436.12411112,1
1506809382,22595624,0.19700,10000.00000000,1
1506809382,22595623,0.19700,10000.00000000,1
1506809382,22595622,0.19700,10000.00000000,1
1506809328,22595609,0.19700,1368.00674000,1
1506809315,22595605,0.19700,1561.57800000,1
1506809283,22595589,0.19748,791.17616500,0
1506809267,22595588,0.19750,100.00000000,0
1506809259,22595587,0.19750,100.00000000,0
1506809246,22595583,0.19700,6190.00000000,1
1506809246,22595582,0.19700,7244.29114888,1
1506809246,22595581,0.19700,100.00000000,1
1506809246,22595580,0.19702,5000.00000000,1
1506809246,22595579,0.19710,35.00000000,1
1506809245,22595578,0.19715,35.70885112,1
1506809245,22595577,0.19720,700.00000000,1
1506809245,22595576,0.19720,35.00000000,1
1506809242,22595575,0.19740,700.00000000,1
1506809242,22595574,0.19740,200.00000000,1
1506809241,22595573,0.19750,24739.06448039,1
1506809241,22595572,0.19750,9292.09103900,1
1506809241,22595571,0.19750,300.00000000,1
1506809241,22595570,0.19750,910.00000000,1
1506809229,22595567,0.19751,6164.90487465,1
1506809222,22595564,0.19751,23758.97379300,1
1506809216,22595561,0.19751,338.59000000,1
1506809214,22595558,0.19751,11049.49232500,1
1506809213,22595556,0.19752,15247.76901000,1
1506809213,22595554,0.19752,300.00000000,1
1506809187,22595535,0.19760,700.00000000,1
1506809186,22595534,0.19767,270.00000000,1
1506809171,22595515,0.19780,700.00000000,1
1506809171,22595514,0.19781,270.00000000,1
1506809160,22595495,0.19793,270.00000000,0
1506809160,22595493,0.19794,2628.58612000,1
1506809160,22595492,0.19800,948.00000000,1
1506809148,22595484,0.19900,91.40000000,1
1506808994,22595437,0.19871,152.48077888,0
1506808916,22595410,0.19801,187.90490000,1
1506808813,22595349,0.19783,522.02590000,0
1506808812,22595348,0.19809,1250.87430000,1
1506808812,22595347,0.19810,2957.09980000,0
1506808810,22595343,0.19842,270.00000000,1
1506808213,22595152,0.19904,65.94968031,0
1506808199,22595138,0.19789,1885.69862410,1
1506808199,22595137,0.19791,1239.57790000,1
1506808198,22595136,0.19801,2500.00000000,1
1506808198,22595135,0.19850,270.00000000,1
1506808196,22595134,0.19853,200.00000000,1
1506808173,22595129,0.19911,5015.82883833,0
1506808155,22595126,0.19914,1239.15496635,0
1506808155,22595125,0.19913,1422.05990000,1
1506807992,22595075,0.19860,1000.00000000,1
1506807992,22595074,0.19860,1009.51943000,1
1506807949,22595061,0.19860,1490.48057000,1
1506807949,22595060,0.19861,3778.38343000,1
1506807915,22595034,0.19932,4740.57134256,0
1506807913,22595032,0.19930,270.00000000,0
1506807878,22595013,0.19934,7893.85326481,0
1506807877,22595012,0.19934,33194.30425500,1
1506807877,22595011,0.19931,2300.00000000,0
1506807875,22595009,0.19929,1251.18710000,0
1506807875,22595008,0.19929,3824.40676000,0
1506807796,22594955,0.19866,1248.33040000,1
1506807795,22594952,0.19864,270.00000000,1
1506807783,22594940,0.19862,1583.24859300,1
1506807783,22594939,0.19862,2245.05440700,1
1506807662,22594859,0.19950,502.00000000,0
1506807593,22594823,0.19964,8820.49534146,0
1506807591,22594820,0.19963,1251.82080000,1
1506807591,22594819,0.19963,711.31088000,0
1506807578,22594812,0.19897,30.00000000,1
1506807578,22594811,0.19898,270.00000000,1
1506807483,22594777,0.19891,695.67446600,1
1506807413,22594772,0.19950,77.24529995,0
1506807315,22594732,0.20053,61407.22712157,0
1506807315,22594731,0.20053,7197.87058900,1
1506807315,22594730,0.20053,3110.26172400,1
1506807315,22594729,0.20053,5908.61997000,1
1506807314,22594728,0.20035,890.24960000,0
1506807314,22594727,0.20035,1274.51780000,1
1506807314,22594726,0.20035,2946.39469727,1
1506807313,22594723,0.19954,32181.85700000,0
1506807313,22594722,0.19953,4451.24801000,0
1506807313,22594721,0.19953,4681.04191900,1
1506807313,22594720,0.19952,6843.00490900,1
1506807312,22594718,0.19952,5545.11727600,1
1506807312,22594717,0.19952,13102.26816500,1
1506807312,22594716,0.19951,270.00000000,1
1506807310,22594715,0.19951,1249.82760000,0
1506807298,22594696,0.19957,36782.95893612,1
1506807297,22594695,0.19957,13204.80205000,0
1506807238,22594610,0.19850,730.00000000,1
1506807238,22594609,0.19867,270.00000000,1
1506807232,22594603,0.19862,1247.97310000,1
1506807232,22594602,0.19866,270.00000000,1
1506807178,22594546,0.19914,2571.15000000,1
1506807073,22594466,0.19850,5000.00000000,1
1506807073,22594463,0.19851,700.20837600,1
1506807073,22594462,0.19851,270.00000000,1
1506807053,22594435,0.19851,1904.15889400,1
1506807046,22594429,0.20017,2989.97721936,0
1506806963,22594340,0.19851,6358.19455700,1
1506806956,22594334,0.19890,850.90966000,1
1506806947,22594327,0.19924,4035.23388877,0
1506806925,22594309,0.19890,2022.57154600,1
1506806924,22594307,0.19890,2126.51879400,1
1506806880,22594278,0.19924,36.00000000,0
1506806809,22594238,0.19932,6781.37949000,0
1506806802,22594237,0.19902,270.00000000,1
1506806800,22594236,0.19900,10004.65895100,1
1506806800,22594235,0.19901,270.00000000,1
1506806772,22594224,0.20067,2563.11872963,0
1506806759,22594213,0.19907,7980.38445779,0
1506806759,22594212,0.19910,7082.44923221,1
1506806758,22594211,0.19911,7082.44923200,1
1506806743,22594207,0.19909,5288.61150000,0
1506806743,22594206,0.19907,10024.71307000,0
1506806722,22594200,0.19913,5000.00000000,0
1506806706,22594187,0.19790,4679.00000000,1
1506806706,22594186,0.19790,9765.00000000,1
1506806706,22594185,0.19790,7859.00000000,1
1506806706,22594184,0.19790,4523.00000000,1
1506806706,22594183,0.19790,7945.00000000,1
1506806705,22594182,0.19790,8585.40000000,1
1506806705,22594181,0.19790,100.00000000,1
1506806705,22594180,0.19801,781.60000000,1
1506806704,22594178,0.19790,451.00000000,0
1506806703,22594176,0.19791,5000.00000000,1
1506806703,22594175,0.19800,700.00000000,1
1506806703,22594174,0.19800,594.00000000,1
1506806703,22594173,0.19800,316.00000000,1
1506806703,22594172,0.19800,1000.00000000,1
1506806702,22594171,0.19810,30.00000000,1
1506806702,22594170,0.19820,700.00000000,1
1506806702,22594169,0.19840,700.00000000,1
1506806701,22594168,0.19850,910.00000000,1
1506806701,22594167,0.19860,700.00000000,1
1506806697,22594161,0.19880,700.00000000,1
1506806697,22594160,0.19889,84.14601000,1
1506806697,22594159,0.19900,50.00000000,1
1506806669,22594133,0.19900,2490.00000000,1
1506806669,22594130,0.19900,3465.00000000,1
1506806669,22594128,0.19900,5785.00000000,1
1506806669,22594126,0.19900,4212.00000000,1
1506806669,22594125,0.19900,2474.72943570,1
1506806669,22594124,0.19900,700.00000000,1
1506806668,22594123,0.19900,910.00000000,1
1506806668,22594121,0.19900,282.27056430,1
1506806668,22594120,0.19900,3856.00000000,1
1506806668,22594119,0.19900,2046.72943570,1
1506806668,22594118,0.19900,3426.27056430,1
1506806666,22594116,0.19900,8453.00000000,1
1506806665,22594114,0.19900,2120.72943570,1
1506806665,22594112,0.19902,2032.00000000,1
1506806664,22594110,0.19910,30.00000000,1
1506806664,22594108,0.19931,69.65026000,1
1506806664,22594107,0.19950,0.00000030,1
1506806577,22594079,0.19950,1423.59877600,1
1506806553,22594061,0.19950,1300.08995800,1
1506806547,22594055,0.19950,1423.59877600,1
1506806532,22594049,0.19950,2723.68873400,1
1506806527,22594040,0.19950,4147.28751000,1
1506806514,22594029,0.19950,7457.00000000,1
1506806511,22594024,0.19950,1524.73624570,1
1506806511,22594023,0.19950,910.00000000,1
1506806511,22594021,0.20000,2054.41029830,1
1506806502,22594013,0.20000,1934.42606800,1
1506806487,22594001,0.20000,14159.00798600,1
1506806487,22594000,0.20000,2381.82970000,1
1506806478,22593989,0.20000,7652.68271200,1
1506806475,22593984,0.20000,5388.90477100,1
1506806472,22593981,0.20000,2368.07789200,1
1506806471,22593980,0.20000,2257.61317200,1
1506806467,22593973,0.20000,409.31100000,1
1506806461,22593970,0.20000,11393.73640070,1
1506806461,22593969,0.20000,2000.00000000,1
1506806461,22593968,0.20000,37224.84905630,1
1506806460,22593967,0.20000,26116.00094370,1
1506806460,22593966,0.20000,15306.70000000,1
1506806460,22593964,0.20000,910.00000000,1
1506806460,22593963,0.20007,2000.00000000,1
1506806460,22593962,0.20010,33551.37366430,1
1506806459,22593960,0.20010,6448.62633570,1
1506806459,22593958,0.20010,100.00000000,1
1506806459,22593957,0.20010,30.00000000,1
1506806459,22593956,0.20010,5388.58545739,1
1506806458,22593955,0.20010,100.00000000,1
1506806458,22593954,0.20010,5000.00000000,1
1506806458,22593952,0.20017,11176.46495491,1
1506806458,22593950,0.20019,937.16475600,1
1506806457,22593947,0.20020,1619.62190000,1
1506806457,22593946,0.20052,270.00000000,1
1506806413,22593938,0.20123,2851.13014958,0
1506806411,22593937,0.20119,60.00000000,0
1506806372,22593889,0.20165,49154.20271209,1
1506806372,22593885,0.20165,1194.12707675,1
1506806371,22593884,0.20165,1862.23520000,0
1506806344,22593873,0.20110,47.00000000,0
1506806253,22593838,0.20184,1920.53481797,1
1506806253,22593836,0.20184,1996.27304400,1
1506806253,22593835,0.20184,1431.11994400,1
1506806252,22593834,0.20184,4805.66508126,1
1506806252,22593833,0.20184,10000.00000000,1
1506806252,22593832,0.20184,270.00000000,1
1506806251,22593831,0.20184,2686.31832600,1
1506806251,22593830,0.20184,1239.42980000,1
1506806251,22593829,0.20184,7314.27815300,1
1506806250,22593826,0.20184,99.86892204,1
1506806249,22593821,0.20184,1232.82292207,1
1506806249,22593820,0.20087,10000.00000000,0
1506806248,22593819,0.20087,270.00000000,0
1506806232,22593814,0.20019,1479.25286600,1
1506806229,22593807,0.20019,937.16475600,1
1506806210,22593798,0.20019,2146.41762200,1
1506806210,22593797,0.20020,270.00000000,1
1506806199,22593793,0.20037,1000.00000000,1
1506806111,22593741,0.20050,300.00000000,1
1506806111,22593740,0.20050,2551.26170000,1
1506806111,22593739,0.20090,114.00000000,1
1506805984,22593638,0.20095,20488.49265070,1
1506805964,22593634,0.20097,199.31083900,1
1506805912,22593621,0.20095,5335.50326300,1
1506805869,22593611,0.20100,8719.49911092,1
1506805869,22593609,0.20101,2500.00000000,1
1506805835,22593573,0.20100,6414.25321200,1
1506805829,22593568,0.20109,1218.20920000,1
1506805619,22593490,0.20100,3866.24767708,1
1506805619,22593489,0.20100,2500.00000000,1
1506805619,22593488,0.20100,2000.00000000,1
1506805619,22593487,0.20104,1224.73060000,1
1506805619,22593486,0.20110,100.00000000,1
1506805618,22593485,0.20117,39.02172292,1
1506805594,22593476,0.20134,270.00000000,1
1506805434,22593438,0.20175,5000.00000000,1
1506805423,22593432,0.20177,1231.94579974,1
1506805422,22593431,0.20200,556.72861326,1
1506805373,22593404,0.20205,1234.38950000,1
1506805349,22593389,0.20200,3994.27138674,1
1506805349,22593388,0.20200,2274.89252487,1
1506805349,22593387,0.20200,695.85194639,1
1506805349,22593386,0.20201,5708.23020000,1
1506805349,22593385,0.20250,218.70900000,1
1506805346,22593379,0.20250,4781.29100000,1
1506805333,22593372,0.20251,6291.88410000,1
1506805333,22593370,0.20252,1218.93350000,1
1506805332,22593368,0.20252,60.00000000,1
1506804300,22593088,0.20301,63.00000000,1
1506804298,22593087,0.20272,417.00000000,0
1506804251,22593032,0.20271,993.61777326,1
1506804249,22593029,0.20300,1906.38222674,1
1506804222,22592992,0.20300,938.62839600,1
1506804218,22592978,0.20300,822.39400400,1
1506804083,22592900,0.20300,100.00000000,1
1506804078,22592899,0.20300,100.00000000,1
1506804067,22592898,0.20300,100.00000000,1
1506803962,22592870,0.20350,483.94000000,0
1506803725,22592795,0.20300,450.00000000,1
1506803723,22592794,0.20320,550.00000000,1
1506803618,22592756,0.20361,2175.20141447,0
1506803446,22592520,0.20300,5797.00000000,1
1506803358,22592397,0.20367,612.20734522,0
1506803272,22592371,0.20338,3475.15458747,0
1506803272,22592370,0.20322,417.00000000,0
1506803270,22592369,0.20310,30.13451502,0
1506802564,22591831,0.20300,2157.11176900,1
1506802244,22591727,0.20307,25.00000000,0
1506801723,22591459,0.20310,69.86548498,0
1506801721,22591458,0.20279,417.00000000,0
1506801517,22591298,0.20238,222.00000000,1
1506801411,22591231,0.20238,1216.93640000,1
1506801411,22591230,0.20239,60.00000000,1
1506801053,22591146,0.20236,222.00000000,1
1506800960,22591110,0.20313,855.41771279,0
1506800958,22591109,0.20276,111.99360000,0
1506800450,22590936,0.20284,98.00639921,0
1506800261,22590871,0.20315,853.48560492,0
1506800260,22590870,0.20314,270.00000000,0
1506800034,22590784,0.20274,750.05852840,1
1506800032,22590783,0.20300,179249.94147160,1
1506800018,22590777,0.20300,222.00000000,1
1506800014,22590774,0.20300,222.00000000,1
1506800010,22590771,0.20300,222.00000000,1
1506799998,22590765,0.20343,24.55144276,0
1506799995,22590761,0.20300,2226.43937600,1
1506799993,22590757,0.20343,24.55144276,0
1506799991,22590754,0.20300,253.49000000,1
1506799991,22590753,0.20365,24.52492021,0
1506799990,22590752,0.20365,24.52492021,0
1506799990,22590751,0.20365,24.52492021,0
1506799988,22590750,0.20344,24.55023594,0
1506799984,22590749,0.20300,222.00000000,1
1506799983,22590748,0.20300,223.00000000,1
1506799974,22590743,0.20300,222.00000000,1
1506799971,22590741,0.20300,223.00000000,1
1506799933,22590729,0.20301,222.00000000,1
1506799929,22590728,0.20301,1844.34830000,1
1506799893,22590711,0.20300,373.79250000,1
1506799889,22590709,0.20300,2000.00000000,1
1506799886,22590706,0.20300,27898.01310000,1
1506799868,22590678,0.20300,4307.48910000,1
1506799865,22590672,0.20300,3194.10310000,1
1506799856,22590667,0.20373,24.51528984,0
1506799852,22590664,0.20374,24.51408658,0
1506799849,22590663,0.20301,3194.10310000,1
1506799847,22590661,0.20375,24.51168041,0
1506799846,22590660,0.20376,24.51168041,0
1506799844,22590659,0.20301,24.60223634,0
1506799835,22590652,0.20300,5266.46513000,1
1506799829,22590645,0.20301,24.60223634,0
1506799827,22590643,0.20301,24.60223634,0
1506799825,22590641,0.20301,24.60223634,0
1506799806,22590615,0.20300,2216.27500000,1
1506799805,22590613,0.20300,8106.06600000,1
1506799801,22590603,0.20300,196.71141179,1
1506799800,22590602,0.20300,20443.62669900,1
1506799800,22590601,0.20300,1358.74675400,1
1506799799,22590598,0.20300,1561.12473200,1
1506799799,22590597,0.20300,6649.00475800,1
1506799799,22590596,0.20300,1613.80497600,1
1506799798,22590595,0.20300,1228.08310000,1
1506799797,22590593,0.20300,621.01238000,1
1506799797,22590592,0.20301,607.07072000,1
1506799797,22590588,0.20300,2693.94740000,1
1506799796,22590587,0.20300,6436.03400000,1
1506799796,22590586,0.20300,6396.10000000,1
1506799796,22590585,0.20300,2386.11192361,1
1506799795,22590583,0.20300,4149.23071000,1
1506799795,22590581,0.20285,1211.04970000,0
1506799795,22590580,0.20284,6407.33667800,0
1506799746,22590567,0.20235,72264.73605800,1
1506799689,22590551,0.20235,10603.08341200,1
1506799655,22590537,0.20265,24.64594128,0
1506799654,22590536,0.20265,24.64594128,0
1506799540,22590506,0.20265,262.15149272,0
1506799526,22590504,0.20265,24.64594128,0
1506799524,22590503,0.20265,24.64594128,0
1506799492,22590498,0.20235,870.34790800,1
1506799407,22590461,0.20283,4786.00000000,1
1506799405,22590457,0.20271,214.00000000,0
1506799148,22590403,0.20304,24.59860126,0
1506799145,22590401,0.20305,24.59738981,0
1506799143,22590400,0.20235,730.00000000,1
1506799141,22590399,0.20241,270.00000000,1
1506799032,22590381,0.20235,2035.60795200,1
1506798768,22590330,0.20278,1540.31389944,0
1506798767,22590329,0.20270,270.00000000,0
1506798425,22590208,0.20247,214.00000000,1
1506797882,22589954,0.20268,323.12185400,0
1506797758,22589884,0.20221,400.00000000,1
1506797571,22589764,0.20289,9387.76337942,0
1506797571,22589763,0.20250,447.00000000,0
1506797552,22589724,0.20220,1585.30357176,1
1506797145,22589470,0.20269,50.00000000,0
1506796800,22589340,0.20276,472.39909000,1
1506796673,22589284,0.20340,588.49921337,0
1506796612,22589231,0.20255,2037.86789780,1
1506796480,22589149,0.20220,174.77816300,1
1506796480,22589148,0.20230,4142.51897700,1
1506796480,22589147,0.20235,1452.12570000,1
1506796345,22589099,0.20260,1212.88710000,0
1506796343,22589098,0.20267,6684.03706000,1
1506796343,22589097,0.20268,15074.65070000,1
1506796343,22589096,0.20270,1214.00230000,1
1506796197,22589045,0.20380,491.90073602,0
1506796172,22589042,0.20388,24.48989602,0
1506796148,22589036,0.20295,6162.26214400,1
1506796148,22589035,0.20295,10000.00000000,1
1506796148,22589034,0.20295,5205.51079600,1
1506796147,22589033,0.20296,1211.67890000,1
1506796147,22589032,0.20296,7375.54816000,1
1506796051,22588982,0.20277,4794.48920400,0
1506796051,22588981,0.20277,10000.00000000,0
1506796050,22588980,0.20277,5256.72368700,0
1506796047,22588979,0.20277,270.00000000,1
1506796047,22588978,0.20279,4905.97140900,1
1506796047,22588977,0.20279,1214.23570000,1
1506796022,22588957,0.20266,4341.15577336,1
1506796022,22588956,0.20271,270.00000000,1
1506796022,22588955,0.20272,1214.10920000,1
1506796016,22588946,0.20395,503.49665090,1
1506796015,22588944,0.20395,2285.46637900,1
1506796014,22588942,0.20395,2285.32199069,1
1506796013,22588941,0.20395,1634.23699400,1
1506796013,22588940,0.20395,5256.72368700,1
1506796011,22588939,0.20394,3146.96496000,0
1506796011,22588938,0.20390,12813.91584000,0
1506796011,22588937,0.20327,270.00000000,0
1506796001,22588935,0.20395,1674.03530277,0
1506796001,22588934,0.20330,1220.28490000,0
1506796000,22588933,0.20328,270.00000000,0
1506795865,22588833,0.20328,995.34367847,1
1506795770,22588768,0.20328,4267.81854200,1
1506795758,22588759,0.20400,521.63620604,0
1506795758,22588758,0.20398,1554.27400000,0
1506795758,22588757,0.20383,18349.98000000,0
1506795758,22588756,0.20382,3352.25681000,0
1506795758,22588755,0.20373,463.27298396,0
1506795736,22588742,0.20328,2200.00000000,1
1506795729,22588739,0.20371,524.87662613,1
1506795727,22588738,0.20326,4344.04782051,0
1506795625,22588699,0.20296,24.60090658,0
1506795471,22588648,0.20222,3250.23465800,0
1506795471,22588647,0.20245,6659.67318200,1
1506795471,22588645,0.20245,1575.59110000,0
1506795469,22588643,0.20246,7514.50106000,1
1506795419,22588632,0.20326,24.56459707,0
1506795418,22588631,0.20326,24.56459707,0
1506795417,22588630,0.20326,24.56459707,0
1506795173,22588384,0.20268,3000.00000000,0
1506795164,22588368,0.20268,4100.00000000,0
1506795159,22588361,0.20268,2900.00000000,0
1506795159,22588359,0.20260,100.00000000,0
1506795156,22588354,0.20242,497.00000000,0
1506794401,22588011,0.20229,26.00000000,1
1506793863,22587848,0.20322,24.56943214,0
1506793862,22587846,0.20322,24.56943214,0
1506793861,22587845,0.20322,24.56943214,0
1506793860,22587844,0.20238,200.00000000,1
1506793677,22587812,0.20215,7396.70325411,0
1506793676,22587811,0.20215,270.00000000,1
1506793613,22587793,0.20220,940.00000000,0
1506793581,22587783,0.20220,976.41289727,0
1506793444,22587749,0.20220,4972.20000000,0
1506793443,22587747,0.20220,4972.20000000,0
1506793425,22587737,0.20219,2822.41877200,0
1506793414,22587734,0.20220,6058.13661644,0
1506793414,22587733,0.20249,28.02469135,1
1506793414,22587732,0.20300,4341.32254083,1
1506793397,22587715,0.20325,865.95434000,1
1506793393,22587714,0.20326,24.56459707,0
1506793393,22587713,0.20325,16683.96097600,1
1506793393,22587712,0.20325,8271.33412600,1
1506793392,22587710,0.20326,24.56459707,0
1506793384,22587706,0.20326,24.56459707,0
1506793383,22587704,0.20326,24.56459707,0
1506793311,22587677,0.20300,2031.00000000,1
1506793245,22587640,0.20300,2696.00000000,1
1506793239,22587636,0.20300,11043.14684000,1
1506793239,22587635,0.20300,2333.93772046,1
1506793237,22587633,0.20300,2072.00000000,1
1506793234,22587630,0.20300,9855.51350100,1
1506793234,22587629,0.20300,6707.79408300,1
1506793225,22587622,0.20300,3248.84281000,1
1506793223,22587621,0.20300,2726.44250471,0
1506793208,22587617,0.20250,3003.00000000,1
1506793207,22587616,0.20251,72.92700000,1
1506793200,22587584,0.20251,26.00000000,1
1506792980,22587541,0.20300,25.02469135,0
1506792882,22587524,0.20300,2248.53280394,0
1506792854,22587514,0.20250,6483.86998000,1
1506792709,22587409,0.20250,25.00000000,1
1506792613,22587389,0.20299,61.42578452,0
1506792608,22587386,0.20250,1900.00000000,1
1506792607,22587385,0.20260,2200.00000000,1
1506792545,22587375,0.20250,1651.32963000,1
1506792545,22587374,0.20251,8348.67037000,1
1506792466,22587320,0.20326,467.02211979,0
1506792465,22587319,0.20325,3537.62061700,1
1506792465,22587318,0.20325,1217.25990000,1
1506792464,22587317,0.20325,270.00000000,0
1506792444,22587314,0.20249,321.97530865,1
1506792444,22587313,0.20250,2478.02469135,1
1506792336,22587174,0.20321,24.57064121,0
1506792336,22587173,0.20321,24.57064121,0
1506792335,22587172,0.20322,24.56943214,0
1506792333,22587171,0.20322,24.56943214,0
1506792330,22587170,0.20143,200.00000000,1
1506792301,22587162,0.20300,7354.45599956,1
1506792294,22587157,0.20300,19555.31057662,1
1506792294,22587156,0.20301,8443.57431338,1
1506792289,22587154,0.20301,254.52100000,1
1506792286,22587147,0.20301,598.85271662,1
1506792285,22587146,0.20300,600.00000000,1
1506792284,22587143,0.20300,254.52100000,1
1506792284,22587140,0.20300,10000.00000000,1
1506792284,22587139,0.20300,10000.00000000,1
1506792284,22587138,0.20300,10000.00000000,1
1506792283,22587133,0.20300,10000.00000000,1
1506792283,22587131,0.20300,10000.00000000,1
1506792283,22587130,0.20300,10000.00000000,1
1506792283,22587129,0.20300,10000.00000000,1
1506792282,22587127,0.20300,10000.00000000,1
1506792282,22587126,0.20300,10000.00000000,1
1506792282,22587125,0.20300,10000.00000000,1
1506792281,22587124,0.20300,10000.00000000,1
1506792281,22587123,0.20300,10000.00000000,1
1506792276,22587116,0.20300,131928.04009897,0
1506792276,22587115,0.20300,88.72083544,0
1506792276,22587114,0.20292,679.41030000,0
1506792276,22587113,0.20290,14968.38325000,0
1506792276,22587112,0.20247,3397.05149000,0
1506792275,22587111,0.20247,1174.10644941,0
1506792267,22587110,0.20247,145.90015059,0
1506791717,22586884,0.20117,538.49523389,1
1506791716,22586883,0.20120,270.00000000,1
1506791716,22586882,0.20122,1226.31890000,1
1506791716,22586881,0.20123,14984.84410000,1
1506791716,22586880,0.20123,3921.43346500,1
1506791690,22586877,0.20161,270.00000000,0
1506791689,22586876,0.20161,1100.60000000,1
1506791689,22586875,0.20162,269.64866364,1
1506791623,22586856,0.20161,0.35133636,0
1506791621,22586854,0.20161,268.64866364,1
1506791606,22586844,0.20160,1.35133636,0
1506791604,22586843,0.20160,998.64866364,1
1506791571,22586831,0.20167,270.00000000,1
1506791471,22586783,0.20183,170.00000000,1
1506791443,22586772,0.20183,2330.00000000,1
1506791443,22586771,0.20184,270.00000000,1
1506791117,22586639,0.20289,114.93099100,1
1506791102,22586633,0.20288,270.00100000,0
1506790801,22586494,0.20171,113.13263000,1
1506790801,22586493,0.20192,82.88382000,1
1506790801,22586492,0.20217,0.83000000,1
1506790801,22586491,0.20218,270.00000000,1
1506790128,22585995,0.20266,229.77108770,0
1506790128,22585992,0.20265,230.00100000,0
1506790121,22585961,0.20285,230.00100000,1
1506790095,22585830,0.20285,269.99900000,1
1506789902,22585652,0.20305,524.45954800,0
1506789611,22585460,0.20309,0.69400000,1
1506789506,22585398,0.20310,5293.06828574,0
1506789175,22585284,0.20373,205.52912604,0
1506789175,22585282,0.20371,1212.35710000,0
1506789173,22585281,0.20354,821.16736656,0
1506789147,22585278,0.20354,2.44425600,1
1506789044,22585183,0.20354,2155.68346400,1
1506788875,22585110,0.20354,5000.00000000,1
1506788672,22584985,0.20353,2841.87228000,0
1506788453,22584783,0.20295,992.00000000,0
1506788400,22584696,0.20226,495.78403000,1
1506788400,22584694,0.20263,270.00000000,1
1506788160,22584547,0.20300,144.31396059,0
1506787339,22584148,0.20373,876.08447454,0
1506787339,22584145,0.20340,500.00000000,0
1506787338,22584143,0.20300,4499.17000000,0
1506787219,22584083,0.20263,226.21596012,0
1506787104,22584018,0.20300,500.00000000,0
1506787005,22583949,0.20303,0.83000000,1
1506786893,22583883,0.20319,500.00000000,0
1506786729,22583812,0.20340,500.00000000,0
1506786655,22583795,0.20350,2701.38083538,0
1506786339,22583688,0.20386,49.81075581,0
1506786285,22583656,0.20394,701.33446111,0
1506786284,22583654,0.20393,3577.77567300,1
1506786284,22583653,0.20393,1816.16639000,0
1506786211,22583570,0.20375,500.00000000,0
1506786195,22583554,0.20385,1284.47199400,1
1506786195,22583553,0.20384,3894.74002000,0
1506786194,22583552,0.20381,3600.85228600,0
1506786194,22583551,0.20378,1219.93570000,0
1506786153,22583534,0.20346,61.50455800,1
1506786153,22583533,0.20345,1205.27810000,0
1506786110,22583514,0.20373,529.49824700,1
1506786109,22583513,0.20373,3635.32696300,1
1506786109,22583512,0.20371,4627.41389000,0
1506786109,22583511,0.20366,1207.76090000,0
1506786002,22583483,0.20278,1180.00000000,0
1506785816,22583377,0.20400,74821.47400002,1
1506785811,22583371,0.20400,59882.33397700,1
1506785807,22583364,0.20400,10000.00000000,1
1506785803,22583360,0.20400,74821.47400000,1
1506785778,22583293,0.20401,1522.26642800,1
1506785770,22583280,0.20500,3130.51921647,0
1506785770,22583279,0.20483,2337.54963578,0
1506785770,22583276,0.20400,7169.32537595,1
1506785769,22583275,0.20401,1570.84732000,1
1506785769,22583274,0.20401,7858.47917000,1
1506785769,22583273,0.20500,3623.08745305,1
1506785769,22583272,0.20500,4665.38568300,1
1506785769,22583271,0.20500,25030.00000000,1
1506785768,22583267,0.20500,1223.02510000,1
1506785767,22583262,0.20500,1215.26716400,1
1506785767,22583260,0.20500,2596.13852500,1
1506785767,22583259,0.20500,828.14884800,1
1506785766,22583258,0.20500,10000.00000000,1
1506785766,22583257,0.20500,4582.50635400,1
1506785766,22583256,0.20500,1005.00844300,1
1506785766,22583255,0.20500,2594.02098700,1
1506785765,22583254,0.20500,1977.01429000,1
1506785765,22583253,0.20500,12127.00000000,1
1506785765,22583252,0.20500,6722.00099200,1
1506785765,22583251,0.20500,6028.98200000,1
1506785765,22583249,0.20500,9548.52920500,1
1506785765,22583247,0.20500,2817.84865100,1
1506785764,22583246,0.20500,1062.13915000,1
1506785764,22583245,0.20500,6207.56614600,1
1506785764,22583242,0.20500,1028.48169400,1
1506785764,22583240,0.20500,6762.64009400,1
1506785764,22583237,0.20500,20429.63755000,1
1506785764,22583234,0.20500,2537.35017063,1
1506785764,22583233,0.20500,3958.15000000,1
1506785762,22583219,0.20500,1638.01344400,1
1506785762,22583218,0.20500,1493.96170800,1
1506785762,22583215,0.20500,976.13645200,1
1506785762,22583214,0.20500,1653.48654800,1
1506785762,22583213,0.20500,8165.58039200,1
1506785760,22583208,0.20500,4984.82487900,1
1506785760,22583207,0.20500,1348.78348032,1
1506785760,22583206,0.20500,2247.94438200,1
1506785760,22583205,0.20500,10000.00000000,1
1506785759,22583204,0.20500,2000.00000000,0
1506785759,22583203,0.20500,20000.00000000,0
1506785759,22583202,0.20500,154.94497000,0
1506785759,22583201,0.20500,100.00000000,0
1506785759,22583199,0.20500,600.00000000,0
1506785759,22583198,0.20499,11888.67723600,0
1506785759,22583197,0.20499,11888.72334800,0
1506785759,22583196,0.20499,11888.57741500,0
1506785758,22583194,0.20499,15000.00000000,0
1506785758,22583193,0.20498,9459.72620900,0
1506785758,22583192,0.20496,475.31038000,0
1506785758,22583191,0.20480,600.00000000,0
1506785758,22583190,0.20460,600.00000000,0
1506785758,22583189,0.20458,1411.10981000,0
1506785758,22583188,0.20452,500.00000000,0
1506785758,22583187,0.20450,20000.00000000,0
1506785757,22583186,0.20449,11888.21993700,0
1506785757,22583184,0.20440,600.00000000,0
1506785757,22583182,0.20420,35.00000000,0
1506785757,22583179,0.20420,600.00000000,0
1506785757,22583177,0.20410,30.00000000,0
1506785757,22583176,0.20408,701.05190000,0
1506785757,22583175,0.20407,2390.63570000,0
1506785757,22583174,0.20406,4391.11986000,0
1506785754,22583170,0.20400,8484.10209972,1
1506785752,22583163,0.20400,2995.95645000,1
1506785751,22583162,0.20400,1680.55662000,1
1506785751,22583161,0.20401,8319.44338000,1
1506785748,22583157,0.20400,2850.07000000,1
1506785747,22583156,0.20400,1385.30698562,1
1506785744,22583154,0.20400,2850.07000000,1
1506785743,22583153,0.20400,27432.66254000,1
1506785743,22583150,0.20400,3234.27383800,1
1506785742,22583149,0.20400,8470.84715900,1
1506785742,22583148,0.20400,4874.06273500,1
1506785741,22583141,0.20400,643.41165098,1
1506785741,22583139,0.20401,2206.65834902,1
1506785740,22583138,0.20401,4886.62250098,1
1506785739,22583135,0.20400,2850.07000000,1
1506785739,22583133,0.20400,10000.00000000,1
1506785739,22583132,0.20400,10000.00000000,1
1506785739,22583130,0.20400,10000.00000000,1
1506785738,22583128,0.20400,10000.00000000,1
1506785738,22583126,0.20400,10000.00000000,1
1506785738,22583125,0.20400,10000.00000000,1
1506785738,22583124,0.20400,10000.00000000,1
1506785738,22583122,0.20400,10000.00000000,1
1506785737,22583120,0.20400,19020.13916111,1
1506785737,22583119,0.20400,2850.07000000,1
1506785737,22583118,0.20400,10000.00000000,1
1506785737,22583116,0.20400,10000.00000000,1
1506785736,22583115,0.20400,10000.00000000,1
1506785736,22583114,0.20400,10000.00000000,1
1506785735,22583107,0.20400,1524.16593800,1
1506785735,22583105,0.20400,3461.68381500,1
1506785735,22583101,0.20400,10000.00000000,1
1506785735,22583094,0.20400,1735.64666100,1
1506785734,22583093,0.20400,4346.02374600,1
1506785734,22583092,0.20400,2500.62102400,1
1506785734,22583089,0.20400,872.01772600,1
1506785731,22583074,0.20400,1723.31566578,1
1506785731,22583072,0.20400,100.00000000,0
1506785731,22583071,0.20397,11023.33652182,0
1506785731,22583069,0.20396,367.71517000,0
1506785731,22583067,0.20360,19223.00000000,0
1506785731,22583066,0.20358,1918.70947000,0
1506785731,22583064,0.20356,1475.43890000,0
1506785730,22583062,0.20327,2000.00000000,0
1506785730,22583059,0.20308,1412.11877000,0
1506785688,22582997,0.20301,1959.86370400,1
1506785667,22582981,0.20301,1040.00000000,1
1506785659,22582965,0.20307,103.17957443,0
1506785655,22582961,0.20300,2116.83351600,1
1506785651,22582959,0.20300,257.25000000,0
1506785651,22582958,0.20300,50.00000000,0
1506785651,22582957,0.20299,1000.00000000,0
1506785548,22582830,0.20258,1718.24345000,0
1506785436,22582661,0.20220,461.31421828,0
1506785369,22582571,0.20220,1413.18000000,0
1506785367,22582569,0.20220,2854.76000000,0
1506785346,22582555,0.20195,1180.00000000,0
1506785342,22582552,0.20220,2482.74578172,1
1506785054,22582390,0.20220,2390.99986328,1
1506784478,22582143,0.20255,4584.93359664,0
1506784477,22582142,0.20255,45.15957000,0
1506784212,22581851,0.20250,48.41820000,0
1506784093,22581779,0.20220,16.25435500,0
1506784082,22581766,0.20220,683.32720500,0
1506784005,22581718,0.20220,2800.41844000,0
1506784003,22581717,0.20210,99.58156000,0
1506783997,22581704,0.20210,0.41844000,0
1506783996,22581703,0.20208,598.06756000,0
1506783918,22581614,0.20160,840.61622500,0
1506783918,22581613,0.20160,14611.02237200,0
1506783917,22581611,0.20160,1000.00000000,1
1506783917,22581610,0.20161,3548.36140300,1
1506783892,22581590,0.20207,7697.66364582,0
1506783892,22581589,0.20206,2096.68073000,0
1506783892,22581588,0.20200,200.00000000,0
1506783829,22581544,0.20162,2355.00000000,1
1506783802,22581527,0.20162,4000.00000000,1
1506783752,22581452,0.20162,2768.87110000,1
1506783752,22581450,0.20164,1231.12890000,1
1506783741,22581426,0.20166,1000.00000000,1
1506783708,22581404,0.20164,4000.00000000,1
1506783618,22581290,0.20160,1183.52543562,0
1506783618,22581289,0.20128,180.00000000,0
1506783604,22581277,0.20150,1000.00000000,1
1506783587,22581257,0.20160,1000.00000000,0
1506783578,22581251,0.20160,14328.01863300,0
1506783531,22581176,0.20150,3730.72512658,0
1506783501,22581123,0.20150,28217.88973000,0
1506783500,22581122,0.20149,1782.11027000,0
1506783482,22581104,0.20150,384.52047371,0
1506783482,22581103,0.20149,2117.35873000,0
1506783468,22581094,0.20150,1000.00000000,0
1506783464,22581091,0.20150,3834.58323300,0
1506783463,22581089,0.20150,916.26044100,0
1506783458,22581083,0.20150,1016.32059191,0
1506783452,22581076,0.20150,449.99058306,0
1506783446,22581069,0.20150,449.70982074,0
1506783440,22581058,0.20160,1500.00000000,0
1506783421,22581045,0.20160,57280.29008000,0
1506783420,22581044,0.20159,2431.05791000,0
1506783413,22581025,0.20160,205.02253000,0
1506783405,22581018,0.20160,15375.46362900,0
1506783404,22581017,0.20159,3564.43246000,0
1506783404,22581016,0.20150,51169.13971568,0
1506783404,22581015,0.20149,3593.72257000,0
1506783404,22581014,0.20148,270.00000000,0
1506783334,22580994,0.20142,184.99021944,0
1506783332,22580993,0.20140,11434.84939000,0
1506783284,22580971,0.20137,110.06892784,0
1506783109,22580897,0.20100,534.58260140,1
1506783109,22580895,0.20100,465.41739860,1
1506782768,22580738,0.20100,535.72688000,0
1506782687,22580686,0.20100,3843.52512000,0
1506782545,22580635,0.20039,65315.91966543,1
1506782545,22580634,0.20044,1376.27310000,1
1506782545,22580633,0.20045,3168.28296900,1
1506782544,22580632,0.20046,4972.20000000,1
1506782544,22580631,0.20046,167.32426557,1
1506782432,22580565,0.20082,1000.00000000,0
1506782431,22580564,0.20018,529.67514000,1
1506782430,22580563,0.20047,3213.94066000,1
1506782430,22580562,0.20047,1256.38420000,1
1506782419,22580547,0.20100,520.74800000,0
1506782419,22580546,0.20072,77.00000000,0
1506782184,22580458,0.20067,1000.00000000,1
1506782013,22580402,0.20063,1000.00000000,1
1506781955,22580395,0.20143,3739.92557406,0
1506781955,22580392,0.20128,270.00000000,0
1506781347,22580084,0.20007,34.73000000,1
1506781319,22580074,0.20132,312.15423207,0
1506781231,22580054,0.20060,77.00000000,0
1506781141,22580039,0.20044,4626.40534189,1
1506781140,22580038,0.20044,10000.00000000,1
1506781140,22580037,0.20044,10000.00000000,1
1506781140,22580036,0.20044,10000.00000000,1
1506781140,22580035,0.20044,10000.00000000,1
1506781140,22580034,0.20044,10000.00000000,1
1506781140,22580033,0.20045,10000.00000000,1
1506781140,22580032,0.20045,10000.00000000,1
1506781140,22580031,0.20045,10000.00000000,1
1506781139,22580030,0.20045,10000.00000000,1
1506781139,22580029,0.20045,10000.00000000,1
1506781139,22580028,0.20045,10000.00000000,1
1506781139,22580027,0.20045,10000.00000000,1
1506781139,22580026,0.20045,10000.00000000,1
1506781139,22580025,0.20045,10000.00000000,1
1506781139,22580024,0.20045,10000.00000000,1
1506781139,22580023,0.20045,10000.00000000,1
1506781138,22580022,0.20045,10000.00000000,1
1506781138,22580020,0.20045,10000.00000000,1
1506781138,22580019,0.20045,9030.49156477,1
1506781138,22580018,0.20076,6880.17684000,1
1506781138,22580017,0.20076,270.00000000,1
1506781138,22580016,0.20077,900.65092000,1
1506781138,22580015,0.20079,1223.89800000,1
1506781125,22580013,0.20075,32.58000000,1
1506781111,22580004,0.20175,774.28138785,0
1506781110,22580003,0.20174,270.00000000,1
1506781109,22580001,0.20174,1304.55860000,0
1506781079,22579980,0.20072,40.00000000,1
1506781079,22579979,0.20184,290.84129463,0
1506781078,22579978,0.20181,9111.22600000,0
1506781078,22579977,0.20181,1577.31500000,1
1506781078,22579976,0.20175,3752.74949000,1
1506781078,22579975,0.20175,4437.28289600,1
1506781076,22579974,0.20153,270.00000000,0
1506781014,22579963,0.20157,913.86317941,0
1506780957,22579935,0.20000,969.50843523,0
1506780957,22579934,0.20000,10000.00000000,0
1506780957,22579933,0.20000,10000.00000000,0
1506780957,22579932,0.20000,10000.00000000,0
1506780956,22579931,0.20000,10000.00000000,0
1506780955,22579930,0.20000,10000.00000000,0
1506780955,22579929,0.20000,10000.00000000,0
1506780955,22579928,0.20000,10000.00000000,0
1506780955,22579927,0.20000,10000.00000000,0
1506780955,22579926,0.20000,10000.00000000,0
1506780955,22579925,0.20000,10000.00000000,0
1506780955,22579924,0.20000,10000.00000000,0
1506780954,22579923,0.20000,10000.00000000,0
1506780954,22579922,0.20000,10000.00000000,0
1506780954,22579921,0.20000,10000.00000000,0
1506780954,22579920,0.20000,10000.00000000,0
1506780954,22579919,0.20000,10000.00000000,0
1506780953,22579918,0.20000,3344.76588600,0
1506780953,22579917,0.20000,10000.00000000,0
1506780953,22579916,0.20000,10000.00000000,0
1506780952,22579915,0.20000,1790.68796800,0
1506780952,22579914,0.20000,9498.26475200,0
1506780951,22579913,0.20000,6735.18906400,0
1506780951,22579912,0.20000,860.05530700,0
1506780949,22579910,0.20030,21372.54804777,1
1506780949,22579909,0.20031,13932.86544000,1
1506780949,22579908,0.20076,1226.11510000,1
1506780948,22579907,0.20086,270.00000000,1
1506780701,22579820,0.20030,11983.33912600,1
1506780701,22579819,0.20067,7466.18366300,1
1506780701,22579818,0.20069,1234.36630000,1
1506780700,22579817,0.20080,270.00000000,1
1506780482,22579753,0.20076,1000.00000000,1
1506780291,22579688,0.20045,692.57000000,1
1506780224,22579680,0.20190,6867.82476151,1
1506780221,22579677,0.20190,33184.43568860,1
1506780218,22579671,0.20190,30000.00000000,1
1506780211,22579667,0.20190,3804.64990100,1
1506780209,22579666,0.20190,2770.70682500,1
1506780209,22579665,0.20190,4495.30508400,1
1506780208,22579664,0.20190,15523.13533700,1
1506780208,22579663,0.20190,6555.32880200,1
1506780207,22579662,0.20190,10000.00000000,1
1506780206,22579661,0.20198,2666.86483810,0
1506780206,22579659,0.20190,10000.00000000,1
1506780206,22579657,0.20190,10000.00000000,1
1506780206,22579656,0.20190,10000.00000000,1
1506780206,22579655,0.20190,10000.00000000,1
1506780205,22579654,0.20190,10000.00000000,1
1506780205,22579653,0.20190,10000.00000000,1
1506780204,22579651,0.20190,10000.00000000,1
1506780204,22579649,0.20190,10000.00000000,1
1506780204,22579647,0.20190,10000.00000000,1
1506780204,22579646,0.20190,10000.00000000,1
1506780204,22579645,0.20190,10000.00000000,1
1506780204,22579644,0.20190,10000.00000000,1
1506780203,22579643,0.20190,10000.00000000,1
1506780203,22579642,0.20190,10000.00000000,1
1506780203,22579641,0.20190,10000.00000000,1
1506780203,22579640,0.20190,10000.00000000,1
1506780202,22579639,0.20190,2047.92937600,1
1506780201,22579638,0.20190,1319.08400000,1
1506780199,22579637,0.20190,270.00000000,1
1506780199,22579636,0.20150,600.00000000,0
1506780199,22579635,0.20150,379.84179007,0
1506780199,22579634,0.20140,128.68500482,0
1506780199,22579633,0.20136,5365.53538000,0
1506780199,22579632,0.20131,1241.01200000,0
1506780198,22579631,0.20129,15446.52605000,0
1506780028,22579600,0.20118,434.47878155,0
1506780028,22579599,0.20049,77.00000000,0
1506780008,22579591,0.19961,4356.00000000,0
1506780008,22579590,0.19960,1788.64619393,0
1506780007,22579589,0.19960,621.11874307,0
1506780007,22579588,0.19961,1379.23506300,0
1506780007,22579587,0.19961,3982.44500000,0
1506780007,22579586,0.19961,248.55500000,1
1506780006,22579583,0.19961,6574.00000000,1
1506780002,22579580,0.19960,8385.75841700,1
1506780002,22579579,0.19967,100.00000000,1
1506780002,22579578,0.19980,11622.61628394,1
1506780001,22579577,0.20000,72.81125478,1
1506780001,22579576,0.20000,5000.27316891,1
1506780001,22579575,0.20000,4371.82130437,1
1506780001,22579574,0.20002,1300.00000000,1
1506780000,22579572,0.20003,1500.00000000,1
1506780000,22579570,0.20055,9811.12100000,1
1506780000,22579568,0.20056,270.00000000,1
1506779998,22579565,0.20058,1243.57480000,1
1506779998,22579564,0.20059,6559.06959000,1
1506779931,22579532,0.20134,892.58473229,0
1506779931,22579531,0.20134,270.00000000,0
1506779905,22579524,0.20132,270.00000000,0
1506779876,22579515,0.20056,802.43750000,1
1506779876,22579514,0.20067,1229.56250000,1
1506779876,22579513,0.20068,270.00000000,1
1506779815,22579497,0.20058,309.00000000,1
1506779812,22579496,0.20056,1518.00880000,1
1506779812,22579495,0.20064,1211.99120000,1
1506779812,22579494,0.20070,270.00000000,1
1506779785,22579482,0.20140,372.34354518,0
1506779722,22579468,0.20077,674.00000000,1
1506779722,22579467,0.20090,500.00000000,1
1506779546,22579417,0.20140,435.97145000,0
1506779490,22579359,0.20091,88.00000000,1
1506779249,22579273,0.20090,88.00000000,0
1506779223,22579268,0.20057,25.00000000,1
1506778944,22579202,0.20011,108.00000080,1
1506778737,22578997,0.20129,582.95643101,0
1506778736,22578993,0.20111,60.00000000,1
1506778735,22578989,0.20111,1214.57540000,0
1506778735,22578987,0.20111,270.00000000,0
1506778630,22578905,0.20121,1073.31956662,0
1506778629,22578904,0.20092,1216.91310000,0
1506778628,22578903,0.20092,270.00000000,0
1506778303,22578665,0.20132,5777.18593612,0
1506778288,22578663,0.20082,735.14052385,0
1506778105,22578593,0.20126,514.70600000,0
1506778096,22578583,0.20010,1786.31755150,0
1506778096,22578582,0.20010,490.00000000,0
1506778095,22578580,0.20010,8172.36373000,0
1506778095,22578579,0.20010,349.37711850,0
1506778094,22578577,0.20015,5000.00000000,1
1506778094,22578575,0.20020,8170.73081000,1
1506778094,22578574,0.20021,1950.20889000,1
1506778094,22578573,0.20025,2300.00000000,1
1506778094,22578572,0.20050,1238.25190000,1
1506778094,22578571,0.20081,12.00000000,1
1506777678,22578404,0.20122,606.13890269,0
1506777676,22578403,0.20095,88.00000000,0
1506777277,22578227,0.20148,98.87830057,0
1506777135,22578180,0.20132,1932.38341943,0
1506777066,22578170,0.20139,409.93440588,0
1506776532,22577906,0.20077,88.00000000,0
1506776316,22577861,0.20032,100.00000000,1
1506775851,22577722,0.20029,0.57480217,0
1506775851,22577721,0.20029,1149.53407514,0
1506775706,22577683,0.20029,9468.12207000,0
1506775706,22577682,0.20027,452.00000000,0
1506775704,22577681,0.20029,9920.61739000,1
1506775704,22577680,0.20030,14040.59004000,1
1506775398,22577554,0.20029,600.00000000,1
1506775258,22577505,0.20025,200.00000000,1
1506775200,22577499,0.20026,251.78155000,1
1506775141,22577483,0.20081,603.25676012,1
1506774694,22577295,0.20069,200.21844636,1
1506774518,22577213,0.20030,260.00000000,0
1506773928,22577001,0.20022,1208.00000000,1
1506773555,22576651,0.20010,1.50944534,0
1506773546,22576632,0.20010,3018.85224304,0
1506773542,22576621,0.20010,2801.36158807,0
1506773541,22576611,0.20010,1109.63283358,0
1506773539,22576605,0.20010,106.64572713,0
1506773539,22576603,0.20010,6270.74144087,0
1506773538,22576593,0.20010,749.89395302,0
1506773533,22576567,0.20010,11227.26128190,0
1506773530,22576560,0.20010,2498.75062468,0
1506773528,22576551,0.20010,587.04086237,0
1506773521,22576534,0.20009,586.39199566,0
1506773516,22576528,0.20009,3728.45752644,0
1506773450,22576504,0.20010,100.00000000,1
1506773450,22576503,0.20011,270.00000000,1
1506773249,22576329,0.20101,759.52128630,0
1506773200,22576220,0.20122,2049.73243216,0
1506773199,22576219,0.20067,452.00000000,0
1506773072,22576115,0.20115,9713.23100000,1
1506772817,22576025,0.20149,2141.22097700,1
1506772782,22576009,0.20149,766.93930400,1
1506772749,22575970,0.20149,31373.24845300,1
1506772748,22575968,0.20149,141.98000000,1
1506772747,22575967,0.20149,2434.34949600,1
1506772731,22575940,0.20149,602.22430200,1
1506772723,22575931,0.20149,770.03746800,1
1506772717,22575923,0.20150,5803.90897100,1
1506772713,22575917,0.20150,1873.48220000,1
1506772665,22575879,0.20150,485.54616200,1
1506772661,22575871,0.20150,1176.09301700,1
1506772554,22575808,0.20207,143.15672787,0
1506771992,22575653,0.20153,40000.00000000,1
1506771987,22575634,0.20197,1790.21636400,1
1506771874,22575428,0.20153,100.00000000,1
1506771869,22575424,0.20153,2500.00000000,1
1506771869,22575423,0.20146,114.53030000,0
1506771868,22575422,0.20146,114.53030000,0
1506771868,22575421,0.20146,114.53030000,0
1506771868,22575420,0.20146,114.53030000,0
1506771868,22575419,0.20146,114.53030000,0
1506771868,22575418,0.20145,114.53030000,0
1506771868,22575417,0.20145,114.53030000,0
1506771868,22575416,0.20145,114.53030000,0
1506771868,22575415,0.20145,114.53030000,0
1506771867,22575414,0.20145,114.53030000,0
1506771867,22575413,0.20145,114.53030000,0
1506771867,22575411,0.20145,114.53030000,0
1506771867,22575410,0.20145,0.00004984,0
1506771867,22575409,0.20144,114.53030000,0
1506771867,22575408,0.20144,114.53030000,0
1506771867,22575407,0.20144,114.53030000,0
1506771867,22575406,0.20144,114.53030000,0
1506771866,22575405,0.20144,114.53030000,0
1506771866,22575404,0.20143,114.53030000,0
1506771866,22575403,0.20143,114.53030000,0
1506771866,22575402,0.20143,114.53030000,0
1506771866,22575401,0.20143,114.53030000,0
1506771866,22575400,0.20143,114.53030000,0
1506771866,22575399,0.20143,114.53030000,0
1506771866,22575398,0.20143,114.53030000,0
1506771866,22575397,0.20142,2500.00000000,0
1506771845,22575388,0.20152,114.53025016,1
1506771783,22575341,0.20152,276.00000000,0
1506771694,22575304,0.20158,11202.95893500,1
1506771643,22575283,0.20158,847.04106500,1
1506771643,22575282,0.20160,14416.00000000,1
1506771601,22575250,0.20160,276.00000000,1
1506770794,22574935,0.20160,2200.00000000,1
1506770773,22574931,0.20160,180.27530000,1
1506770320,22574729,0.20169,1610.41000000,0
1506770318,22574727,0.20154,1203.15000000,0
1506770274,22574684,0.20200,20194.40099966,1
1506770274,22574681,0.20200,7144.97691900,1
1506770270,22574669,0.20200,11118.59800000,1
1506770268,22574658,0.20200,9075.80300000,1
1506770157,22574616,0.20200,156.14508500,1
1506770119,22574608,0.20200,10000.00000000,1
1506770119,22574607,0.20200,10000.00000000,1
1506770119,22574606,0.20200,10000.00000000,1
1506770119,22574605,0.20200,10000.00000000,1
1506770119,22574604,0.20200,10000.00000000,1
1506770119,22574603,0.20200,10000.00000000,1
1506770118,22574602,0.20200,10000.00000000,1
1506770118,22574601,0.20200,10000.00000000,1
1506770118,22574600,0.20200,10000.00000000,1
1506770118,22574599,0.20200,10000.00000000,1
1506770117,22574598,0.20200,10000.00000000,1
1506770117,22574597,0.20200,10000.00000000,1
1506770117,22574596,0.20200,10000.00000000,1
1506770116,22574595,0.20200,10000.00000000,1
1506770116,22574594,0.20200,10000.00000000,1
1506770116,22574593,0.20200,10000.00000000,1
1506770116,22574592,0.20200,10000.00000000,1
1506770115,22574590,0.20200,10000.00000000,1
1506770115,22574589,0.20200,10000.00000000,1
1506770114,22574587,0.20200,10000.00000000,1
1506770114,22574586,0.20200,10000.00000000,1
1506770114,22574585,0.20200,10000.00000000,1
1506770114,22574584,0.20200,10000.00000000,1
1506770114,22574583,0.20200,10000.00000000,1
1506769914,22574529,0.20200,2800.00000000,1
1506769892,22574504,0.20200,2610.10353400,1
1506769891,22574503,0.20201,326.90000000,1
1506769734,22574421,0.20200,4000.00000000,0
1506769734,22574420,0.20200,2899.97246234,0
1506769599,22574375,0.20140,1340.20000000,1
1506769346,22574240,0.20200,2897.45930693,0
1506769204,22574073,0.20186,122.05612801,1
1506769204,22574071,0.20186,152.06828600,1
1506769153,22574014,0.20186,13485.93300000,1
1506769153,22574013,0.20187,7326.45200000,1
1506769146,22574001,0.20187,2495.00000000,1
1506769050,22573947,0.20200,500.00000000,0
1506769043,22573941,0.20186,1800.00000000,1
1506769040,22573940,0.20200,2830.56823073,0
1506768998,22573877,0.20186,1100.40581400,1
1506768500,22573641,0.20205,7714.93254813,1
1506768498,22573635,0.20205,2285.06745187,1
1506768497,22573634,0.20207,214.93254813,1
1506768495,22573631,0.20205,2500.00000000,1
1506768495,22573630,0.20203,2500.00000000,0
1506768227,22573457,0.20186,4749.22390000,0
1506768227,22573456,0.20186,1212.36900000,0
1506768227,22573455,0.20185,2500.00000000,0
1506768197,22573423,0.20189,478.00000000,0
1506768118,22573293,0.20001,68630.12778649,1
1506768118,22573292,0.20001,498.72506375,1
1506768118,22573291,0.20001,16667.00000000,1
1506768118,22573290,0.20071,4002.56522118,1
1506768118,22573289,0.20071,8768.12562778,1
1506768118,22573288,0.20073,11023.33652182,1
1506768117,22573287,0.20080,1913.96389000,1
1506768117,22573286,0.20122,60.00000000,1
1506768117,22573285,0.20200,9364.14553197,1
1506768117,22573284,0.20201,9072.01035701,1
1506768116,22573283,0.20201,456.39558299,1
1506768115,22573279,0.20200,5143.71839500,1
1506768114,22573276,0.20200,1327.98202200,1
1506768109,22573264,0.20200,2714.11602103,0
1506768109,22573262,0.20200,100.00000000,0
1506768108,22573261,0.20199,3580.03803000,0
1506768108,22573260,0.20198,270.00000000,0
1506768108,22573259,0.20198,2500.00000000,0
1506768097,22573251,0.20175,4253.51053000,0
1506768097,22573250,0.20170,1236.21420000,0
1506768097,22573249,0.20168,15751.65850000,0
1506768096,22573248,0.20122,60.00000000,0
1506767758,22573103,0.20156,902.76839000,0
1506766993,22572727,0.20084,50.00000000,1
1506766870,22572684,0.20134,60.00000000,0
1506766723,22572583,0.20092,1418.00000000,1
1506766695,22572575,0.20084,775.21520000,1
1506766695,22572574,0.20085,1723.78480000,1
1506766589,22572540,0.20158,73.25080861,0
1506766346,22572404,0.20070,3279.15699900,1
1506766346,22572403,0.20071,11019.76270100,0
1506766346,22572402,0.20071,7405.91070000,0
1506766346,22572401,0.20071,1234.33680000,0
1506766344,22572398,0.20071,1785.33010000,1
1506766344,22572397,0.20071,11483.50270000,1
1506766288,22572367,0.20087,60.00000000,0
1506765631,22572083,0.20079,613.10000000,1
1506765630,22572082,0.20103,2386.90000000,1
1506765602,22572052,0.20103,248.00000000,1
1506765186,22571951,0.20149,1149.80075430,0
1506765088,22571923,0.20103,270.00000000,1
1506765087,22571922,0.20103,245.10000000,0
1506764907,22571832,0.20103,24.90000000,0
1506764874,22571818,0.20016,485.25000000,1
1506764857,22571815,0.20013,1138.00000000,1
1506764843,22571809,0.20110,500.00000000,0
1506764827,22571795,0.20115,279.33371000,0
1506764798,22571788,0.20165,265.33103233,0
1506764796,22571785,0.20130,270.00000000,0
1506764589,22571607,0.20123,3228.67000000,0
1506764589,22571606,0.20120,1233.57180000,0
1506764589,22571605,0.20071,507.00000000,0
1506764498,22571586,0.20028,200.00000000,1
1506764400,22571552,0.20008,390.00000000,1
1506763437,22571229,0.20076,4949.45433427,1
1506763437,22571227,0.20094,0.94566573,1
1506763418,22571222,0.20094,135.07161618,1
1506763418,22571221,0.20094,134.92838382,1
1506763418,22571220,0.20100,577.00000000,1
1506763386,22571215,0.20112,117.00000000,0
1506762912,22571096,0.20099,8538.43258351,0
1506762912,22571095,0.20096,2312.00000000,0
1506762912,22571094,0.20095,2370.17797000,0
1506762841,22571071,0.20094,2175.91619389,0
1506762840,22571068,0.20094,136.08380611,0
1506762840,22571066,0.20092,270.00000000,0
1506762838,22571063,0.20093,1300.94067585,1
1506762741,22571035,0.20093,9117.87800000,0
1506762650,22571011,0.20099,1101.26000000,0
1506762649,22571008,0.20099,2701.95000000,0
1506762541,22570982,0.20034,1810.49949400,1
1506762389,22570959,0.20099,3528.31917000,0
1506762216,22570875,0.20084,507.00000000,0
1506762137,22570849,0.20049,6902.00000000,1
1506761964,22570791,0.20109,498.53299518,1
1506761859,22570692,0.20109,180.56224859,1
1506761821,22570681,0.20109,3494.23413812,1
1506761676,22570634,0.20037,3470.60400000,1
1506761675,22570633,0.20038,6529.39600000,1
1506761663,22570631,0.20032,240.08569427,1
1506761651,22570626,0.20115,55.31319800,0
1506761651,22570625,0.20112,3438.38891500,0
1506761651,22570624,0.20111,270.00000000,0
1506761642,22570614,0.20112,1907.61108500,0
1506761506,22570541,0.20111,1773.61290000,1
1506761505,22570539,0.20111,1226.38710000,0
1506761454,22570513,0.20043,3156.89385563,0
1506761436,22570508,0.20043,12392.30913536,0
1506761398,22570492,0.20042,2590.00000000,0
1506761373,22570479,0.20043,899.55022488,0
1506761369,22570475,0.20043,1218.41888016,0
1506761366,22570468,0.20043,2119.02790397,0
1506761363,22570465,0.20044,270.00000000,1
1506761311,22570439,0.20046,2460.34100000,1
1506761311,22570438,0.20046,270.00000000,1
1506761311,22570437,0.20047,17269.65900000,1
1506761219,22570420,0.20050,3000.00000000,0
1506761114,22570373,0.20116,600.00000000,0
1506761110,22570367,0.20116,1179.03538527,0
1506761104,22570364,0.20117,99.17045285,0
1506761099,22570359,0.20057,10000.00000000,1
1506761087,22570355,0.20117,2863.98270119,0
1506761075,22570352,0.20117,302.00000000,0
1506761012,22570334,0.20044,7764.64742179,1
1506761012,22570333,0.20045,1217.97570000,1
1506761012,22570332,0.20055,270.00000000,1
1506761012,22570331,0.20055,10000.00000000,1
1506761012,22570330,0.20056,747.37687821,1
1506760888,22570273,0.20120,619.72301193,0
1506760802,22570245,0.20101,947.00000000,0
1506760781,22570235,0.20123,2014.33000000,0
1506760539,22570195,0.20121,293.70972600,0
1506760536,22570194,0.20119,849.76759700,0
1506760286,22570130,0.20140,916.36400000,0
1506760126,22570076,0.20050,475.69182916,1
1506760124,22570075,0.20052,270.00000000,1
1506760111,22570073,0.20050,9730.00000000,1
1506760111,22570072,0.20051,270.00000000,1
1506760093,22570061,0.20000,7065.01046000,0
1506760092,22570060,0.20000,1298.55170000,0
1506760091,22570059,0.20048,10000.00000000,1
1506760091,22570058,0.20049,1366.43784000,1
1506760091,22570057,0.20083,270.00000000,1
1506760087,22570055,0.20162,452.76800000,0
1506760086,22570054,0.20167,182.76800000,0
1506760086,22570053,0.20166,270.00000000,0
1506760085,22570051,0.20163,452.76800000,0
1506760084,22570050,0.20165,452.76800000,0
1506760077,22570049,0.20167,0.86950000,0
1506760077,22570048,0.20166,1236.35050000,0
1506760062,22570044,0.20042,6624.60799000,1
1506760062,22570043,0.20043,1865.96021000,1
1506760061,22570042,0.20080,1239.43180000,1
1506760061,22570041,0.20082,270.00000000,1
1506760017,22570033,0.20177,70.35500000,0
1506760017,22570032,0.20177,1429.64500000,0
1506759966,22570017,0.20023,9730.00000000,1
1506759966,22570016,0.20081,270.00000000,1
1506759948,22570008,0.20203,676.35100000,0
1506759922,22570001,0.20161,1126.00000000,1
1506759918,22569998,0.20076,9181.90782022,1
1506759918,22569997,0.20098,1218.22750000,1
1506759918,22569996,0.20100,7615.53150000,1
1506759918,22569995,0.20160,11984.33317978,1
1506759914,22569994,0.20147,4024.15759000,0
1506759914,22569993,0.20145,1226.55760000,0
1506759913,22569991,0.20100,1965.95163022,0
1506759903,22569979,0.20000,7400.70206060,0
1506759902,22569976,0.20000,2499.29793940,0
1506759902,22569974,0.20010,100.00000000,1
1506759902,22569973,0.20074,10000.00000000,1
1506759872,22569968,0.20065,10000.00000000,1
1506759853,22569954,0.20100,59.55850746,0
1506759838,22569948,0.20100,741.66600000,0
1506759837,22569947,0.20100,696.77000000,0
1506759836,22569946,0.20100,741.66600000,0
1506759836,22569945,0.20100,741.66600000,0
1506759830,22569942,0.20100,4296.94442000,0
1506759830,22569941,0.20099,1214.43730000,0
1506759830,22569939,0.20099,4781.17733000,0
1506759826,22569936,0.20004,5134.00000000,0
1506759826,22569935,0.20004,1221.21614842,0
1506759826,22569934,0.20004,1091.89965600,0
1506759825,22569932,0.20036,1253.88419558,0
1506759825,22569931,0.20036,610.00000000,0
1506759825,22569930,0.20030,530.75184182,0
1506759824,22569929,0.20030,3781.24815818,0
1506759824,22569927,0.20000,6218.75184182,0
1506759823,22569925,0.20000,2237.24815818,1
1506759822,22569924,0.20000,11762.75184182,1
1506759821,22569923,0.20001,20000.00000000,1
1506759821,22569922,0.20010,1786.49530000,1
1506759821,22569921,0.20050,1220.75285818,1
1506759821,22569920,0.20051,230.00000000,1
1506759816,22569918,0.20100,794.62565577,1
1506759748,22569908,0.20109,6610.96442700,0
1506759697,22569899,0.20110,30.25748384,0
1506759617,22569864,0.20108,947.00000000,0
1506759609,22569863,0.20132,270.00000000,1
1506759493,22569752,0.20210,684.17000000,0
1506759445,22569727,0.20221,100.00000000,0
1506759422,22569722,0.20222,100.00000000,0
1506759270,22569696,0.20232,1781.64650041,0
1506759269,22569695,0.20220,1218.25470000,0
1506759185,22569652,0.20243,1958.58000000,0
1506759068,22569599,0.20140,5280.00000000,0
1506758898,22569534,0.20131,6497.20400400,1
1506758898,22569533,0.20140,1222.73870000,1
1506758898,22569532,0.20141,7300.73497000,0
1506758896,22569531,0.20223,2.32232600,1
1506758779,22569471,0.20180,3314.59767400,0
1506758774,22569469,0.20180,834.60000000,0
1506758767,22569462,0.20180,1218.80232600,0
1506758767,22569461,0.20178,270.00000000,0
1506758745,22569451,0.20140,1100.10000000,1
1506758737,22569448,0.20100,1302.62000000,0
1506758737,22569447,0.20100,5184.38000000,0
1506758734,22569443,0.20100,10000.00000000,0
1506758732,22569442,0.20109,270.00000000,1
1506758693,22569429,0.20179,1018.27000000,0
1506758682,22569426,0.20198,0.86390000,0
1506758682,22569425,0.20186,1240.79610000,0
1506758676,22569424,0.20189,41.00000000,0
1506758640,22569407,0.20085,10766.29902000,1
1506758640,22569405,0.20186,70.70098000,1
1506758633,22569403,0.20082,4000.00000000,1
1506758630,22569401,0.20187,952.05000000,0
1506758630,22569400,0.20186,270.00000000,0
1506758629,22569398,0.20079,10000.00000000,1
1506758617,22569391,0.20190,4118.69000000,0
1506758606,22569386,0.20066,4000.00000000,1
1506758593,22569371,0.20200,9163.83000000,0
1506758592,22569362,0.20199,9163.83000000,0
1506758561,22569299,0.20051,36.31917758,1
1506758561,22569298,0.20110,19246.00000000,1
1506758561,22569297,0.20118,8943.14237000,1
1506758561,22569296,0.20122,1212.84330000,1
1506758560,22569295,0.20140,609.69515242,1
1506758560,22569294,0.20141,10000.00000000,1
1506758551,22569289,0.20116,553.00000000,1
1506758551,22569288,0.20116,57.00000000,0
1506758546,22569286,0.20132,1232.12892504,1
1506758546,22569285,0.20177,296.87107496,1
1506758522,22569260,0.20177,2.97900000,0
1506758522,22569259,0.20177,986.04100000,0
1506758520,22569256,0.20177,2740.98000000,0
1506758519,22569254,0.20177,270.00000000,1
1506758514,22569252,0.20176,6360.58447744,1
1506758514,22569251,0.20177,6180.89482000,1
1506758514,22569250,0.20225,458.52070256,1
1506758492,22569242,0.20234,454.09127271,1
1506758492,22569241,0.20253,2824.90872729,1
1506758487,22569240,0.20253,744.19697000,1
1506758464,22569212,0.20253,4000.00000000,1
1506758440,22569191,0.20254,1579.65850000,0
1506758438,22569187,0.20253,2500.00000000,0
1506758428,22569176,0.20234,300.00000000,1
1506758416,22569140,0.20225,268.25000000,0
1506758416,22569138,0.20213,190.50000000,0
1506758413,22569135,0.20215,756.50000000,1
1506758378,22569111,0.20225,2231.75000000,0
1506758378,22569110,0.20224,270.00000000,0
1506758304,22569017,0.20206,124.09470000,1
1506758304,22569013,0.20201,1383.90530000,0
1506758286,22568947,0.20161,1946.78820000,0
1506758276,22568908,0.20125,0.00000028,0
1506758273,22568896,0.20125,2872.72971751,0
1506758273,22568894,0.20125,5531.39395849,0
1506758255,22568871,0.20125,5041.44000000,0
1506758252,22568869,0.20125,4663.94000000,0
1506758250,22568863,0.20125,5040.94000000,0
1506758246,22568856,0.20125,6870.89005600,0
1506758230,22568826,0.20125,40580.72083544,0
1506758228,22568824,0.20125,5015.09000000,0
1506758225,22568819,0.20125,4982.32283700,0
1506758225,22568818,0.20125,6271.70232600,0
1506758225,22568817,0.20124,1834.80698000,0
1506758212,22568777,0.20124,2178.87920480,1
1506758211,22568774,0.20125,24819.74148000,0
1506758209,22568762,0.20125,687.89048953,0
1506758204,22568733,0.20125,16980.43868395,0
1506758204,22568731,0.20124,2179.96869000,0
1506758200,22568714,0.20125,8520.80027598,0
1506758200,22568711,0.20124,0.50498443,0
1506758193,22568675,0.20124,1009.88265557,0
1506758183,22568639,0.20079,3351.18456600,1
1506758183,22568637,0.20118,0.81543400,1
1506758182,22568634,0.20125,24800.10285000,0
1506758177,22568614,0.20125,65543.67718700,0
1506758177,22568612,0.20124,1200.46056000,0
1506758175,22568597,0.20125,8366.23407100,0
1506758175,22568595,0.20125,46114.13144000,0
1506758173,22568585,0.20125,4027.88101200,0
1506758173,22568583,0.20125,7442.73733300,0
1506758173,22568580,0.20125,2537.49937700,0
1506758172,22568576,0.20125,8806.99860700,0
1506758167,22568542,0.20125,1352.68955300,0
1506758166,22568538,0.20125,272.56103200,0
1506758166,22568534,0.20125,1089.75754000,0
1506758164,22568525,0.20125,1.00023000,0
1506758164,22568524,0.20124,1426.28977000,0
1506758131,22568461,0.20124,416.89500000,0
1506758127,22568454,0.20124,1491.17000000,0
1506758046,22568404,0.20124,1773.02750000,0
1506758045,22568402,0.20122,8653.00000000,0
1506758028,22568397,0.20100,1166.42456600,0
1506757954,22568375,0.20124,580.48052270,0
1506757949,22568374,0.20124,580.48052270,0
1506757933,22568368,0.20069,15000.00000000,1
1506757903,22568361,0.20059,15000.00000000,1
1506757878,22568348,0.20124,2324.96594000,0
1506757846,22568333,0.20090,15000.00000000,1
1506757814,22568322,0.20125,66637.33233600,0
1506757814,22568321,0.20124,2762.33577000,0
1506757741,22568294,0.20069,739.26200000,0
1506757739,22568292,0.20069,739.26200000,0
1506757737,22568290,0.20069,739.26200000,0
1506757737,22568288,0.20069,10000.00000000,0
1506757736,22568286,0.20069,1596.48058100,0
1506757731,22568284,0.20124,1232.71493000,0
1506757717,22568270,0.20124,426.00600000,0
1506757716,22568268,0.20124,501.99800000,0
1506757692,22568256,0.20065,5494.69610000,0
1506757691,22568255,0.20065,3291.99040000,1
1506757691,22568254,0.20066,1213.31350000,1
1506757691,22568253,0.20068,10000.00000000,1
1506757638,22568228,0.20124,222.06021600,0
1506757633,22568226,0.20125,10512.05584100,0
1506757633,22568225,0.20124,3887.73156000,0
1506757626,22568223,0.20065,8770.80960000,1
1506757626,22568222,0.20066,1229.19040000,1
1506757626,22568221,0.20067,10000.00000000,1
1506757568,22568197,0.20059,3784.02310000,1
1506757568,22568196,0.20060,1215.97690000,1
1506757568,22568194,0.20060,10000.00000000,1
1506757533,22568177,0.20058,9730.00000000,1
1506757532,22568176,0.20059,270.00000000,1
1506757481,22568154,0.20059,779.23200000,0
1506757481,22568153,0.20059,4160.74244000,0
1506757481,22568152,0.20059,2738.08000000,0
1506757481,22568151,0.20059,954.51256000,0
1506757478,22568149,0.20060,1367.43300000,1
1506757478,22568147,0.20063,10000.00000000,1
1506757428,22568134,0.20124,660.42783300,0
1506757428,22568133,0.20095,559.00000000,0
1506757426,22568132,0.20114,50.00000000,1
1506757424,22568131,0.20125,10155.91081304,1
1506757380,22568086,0.20147,100.00000000,0
1506756988,22568013,0.20114,2393.45525606,0
1506756987,22568012,0.20051,10415.18971474,1
1506756987,22568011,0.20052,1237.31960000,1
1506756987,22568010,0.20070,3347.49068526,1
1506756917,22567968,0.20114,2106.79000000,0
1506756916,22567966,0.20070,210.58434000,0
1506756916,22567965,0.20070,4081.88550000,0
1506756915,22567964,0.20070,2091.97256000,0
1506756914,22567962,0.20070,2393.07000000,0
1506756913,22567960,0.20076,1222.48760000,1
1506756913,22567959,0.20076,10000.00000000,1
1506756911,22567957,0.20114,660.88100000,0
1506756910,22567956,0.20114,782.74400000,0
1506756894,22567945,0.20114,464.67100000,0
1506756883,22567941,0.20114,1464.61000000,0
1506756823,22567920,0.20012,3674.00000000,0
1506756823,22567919,0.20012,1531.00000000,0
1506756823,22567918,0.20012,3756.00000000,0
1506756822,22567917,0.20012,3678.00000000,0
1506756822,22567916,0.20012,5234.00000000,0
1506756822,22567914,0.20012,4514.00000000,0
1506756822,22567913,0.20012,8567.00000000,0
1506756822,22567912,0.20030,1925.00000000,0
1506756822,22567911,0.20020,6987.00000000,0
1506756821,22567910,0.20010,3268.14901361,0
1506756821,22567909,0.20010,1147.85098639,0
1506756821,22567904,0.20010,30.00000000,1
1506756821,22567903,0.20010,100.00000000,1
1506756819,22567902,0.20010,141.00000000,0
1506756817,22567901,0.20090,6317.00000000,1
1506756817,22567900,0.20113,1871.74000000,0
1506756816,22567899,0.20090,3451.00000000,1
1506756816,22567898,0.20090,2563.00000000,1
1506756816,22567897,0.20090,7465.00000000,1
1506756813,22567894,0.20114,667.82200000,0
1506756813,22567893,0.20094,3214.00000000,1
1506756813,22567892,0.20094,3645.00000000,1
1506756810,22567888,0.20114,1871.74000000,0
1506756808,22567885,0.20114,422.13684615,0
1506756808,22567884,0.20114,302.39800000,0
1506756804,22567881,0.20139,1252.47980472,1
1506756804,22567880,0.20140,1951.44394039,1
1506756804,22567879,0.20179,657.17138952,1
1506756804,22567878,0.20212,0.46000000,1
1506756611,22567796,0.20220,11308.90933557,0
1506756611,22567795,0.20219,4549.82673000,0
1506756609,22567794,0.20218,2500.00000000,0
1506756548,22567727,0.20223,74.87914371,0
1506756531,22567700,0.20222,1287.48000000,0
1506756305,22567627,0.20222,600.54049723,0
1506756300,22567605,0.20222,1852.99000000,0
1506756038,22567452,0.20218,613.11746958,0
1506756026,22567433,0.20179,657.50000000,0
1506756017,22567427,0.20218,657.96000000,0
1506756010,22567424,0.20190,51.50000000,1
1506755982,22567386,0.20161,11303.03945600,0
1506755979,22567371,0.20161,3725.39000000,0
1506755978,22567368,0.20161,4902.05723900,0
1506755978,22567365,0.20161,2732.94541000,0
1506755978,22567364,0.20161,7492.17666500,0
1506755978,22567363,0.20161,15918.42763400,0
1506755973,22567356,0.20161,11002.96993600,0
1506755973,22567355,0.20160,4025.45952000,0
1506755952,22567343,0.20142,10000.00000000,1
1506755925,22567339,0.20140,4431.00000000,0
1506755925,22567338,0.20140,1952.41970000,0
1506755923,22567337,0.20145,1499.58030000,1
1506755922,22567336,0.20140,8500.41970000,0
1506755921,22567335,0.20140,1499.58030000,1
1506755921,22567334,0.20142,10000.00000000,1
1506755903,22567331,0.20161,10000.00000000,0
1506755900,22567330,0.20161,10000.00000000,0
1506755900,22567329,0.20164,10000.00000000,1
1506755880,22567319,0.20160,6253.00000000,1
1506755754,22567247,0.20151,478.35590000,0
1506755752,22567246,0.20154,1390.51950000,1
1506755752,22567245,0.20220,8131.12460000,1
1506755737,22567240,0.20220,1248.87540000,0
1506755726,22567239,0.20220,1066.12460000,0
1506755716,22567233,0.20200,2.16533700,0
1506755715,22567232,0.20200,1101.07000000,0
1506755712,22567230,0.20200,3697.50000000,0
1506755698,22567218,0.20200,199.26466300,1
1506755684,22567215,0.20200,5000.00000000,1
1506755637,22567206,0.20200,300.00000000,1
1506755455,22567159,0.20200,617.31000000,1
1506755281,22567093,0.20200,1963.87116100,1
1506755280,22567091,0.20200,1301.92720100,1
1506755271,22567087,0.20200,617.62697500,1
1506755037,22566986,0.20262,431.63285400,0
1506755037,22566984,0.20262,6234.00000000,0
1506754960,22566965,0.20191,150.00000000,1
1506754916,22566937,0.20268,595.56500000,0
1506754897,22566912,0.20294,1220.63890000,0
1506754896,22566911,0.20258,818.54143000,0
1506754891,22566904,0.20208,1662.91637000,0
1506754887,22566903,0.20236,0.49600000,1
1506754840,22566842,0.20208,709.00000000,0
1506754738,22566755,0.20255,270.00000000,1
1506754687,22566669,0.20252,597.31900000,0
1506754685,22566667,0.20249,1337.18000000,0
1506754682,22566661,0.20251,0.41345150,0
1506754682,22566660,0.20238,590.18354850,0
1506754660,22566639,0.20240,2624.81645150,1
1506754651,22566625,0.20255,1.65000000,0
1506754651,22566624,0.20240,2354.00000000,0
1506754624,22566592,0.20239,1209.35190000,0
1506754386,22566531,0.20290,1303.00000000,1
1506754375,22566520,0.20290,10440.00000000,1
1506754371,22566515,0.20396,1288.15223573,1
1506754369,22566514,0.20348,2500.00000000,0
1506754368,22566513,0.20290,2444.00000000,1
1506754362,22566511,0.20290,2444.00000000,1
1506754197,22566483,0.20396,2234.51161188,0
1506754197,22566482,0.20378,1847.57980000,0
1506754197,22566481,0.20310,100.00000000,0
1506754195,22566480,0.20302,460.00000000,0
1506753932,22566407,0.20293,10163.87622000,0
1506753932,22566406,0.20280,881.29000000,0
1506753929,22566401,0.20279,1208.11860946,0
1506753851,22566315,0.20277,583.43800000,0
1506753698,22566284,0.20171,3843.00000000,0
1506753689,22566282,0.20168,3311.00000000,1
1506753661,22566224,0.20160,4000.00000000,1
1506753610,22566207,0.20102,18345.00000000,0
1506753609,22566204,0.20102,16574.00000000,0
1506753609,22566203,0.20102,6611.04600000,0
1506753609,22566202,0.20139,83.20000000,0
1506753609,22566201,0.20139,593.15400000,0
1506753608,22566199,0.20139,83.20000000,0
1506753608,22566198,0.20139,83.20000000,0
1506753608,22566197,0.20139,83.20000000,0
1506753608,22566196,0.20139,83.20000000,0
1506753607,22566195,0.20201,83.20000000,1
1506753607,22566194,0.20201,83.20000000,1
1506753607,22566193,0.20201,83.20000000,1
1506753607,22566192,0.20202,83.20000000,1
1506753605,22566189,0.20100,4137.16587653,0
1506753605,22566188,0.20100,13646.83412347,0
1506753605,22566187,0.20100,6353.16587653,0
1506753604,22566186,0.20100,13765.71010000,0
1506753604,22566184,0.20101,2529.53490000,0
1506753604,22566183,0.20110,100.00000000,1
1506753603,22566182,0.20210,604.76500000,0
1506753602,22566178,0.20235,97.82412347,1
1506753601,22566176,0.20200,83.20000000,0
1506753600,22566174,0.20210,100.00000000,1
1506753600,22566173,0.20255,0.80000000,1
1506753569,22566169,0.20255,139.00000000,1
1506753569,22566168,0.20260,49.00000000,1
1506753546,22566163,0.20290,1619.84447100,0
1506753524,22566158,0.20296,973.92744100,0
1506753452,22566148,0.20260,21354.00000000,0
1506753449,22566141,0.20260,15066.09144000,1
1506753449,22566139,0.20269,1227.69100000,1
1506753449,22566137,0.20280,10177.21756000,1
1506753447,22566134,0.20302,270.00000000,0
1506753443,22566122,0.20302,270.00000000,1
1506753347,22566066,0.20391,528.88490402,0
1506753347,22566064,0.20391,60.00000000,0
1506753311,22566042,0.20346,1842.61557498,1
1506753188,22565983,0.20412,856.96754000,0
1506753188,22565982,0.20410,100.00000000,0
1506753188,22565981,0.20410,35.00000000,0
1506753187,22565979,0.20410,30.00000000,0
1506753153,22565903,0.20346,585.15200000,0
1506753150,22565899,0.20346,3414.84800000,0
1506753058,22565858,0.20320,1000.00000000,1
1506753040,22565855,0.20311,1157.00000000,1
1506753032,22565852,0.20409,5693.18344704,0
1506753032,22565851,0.20400,2415.02290596,0
1506753032,22565850,0.20400,600.00000000,0
1506752995,22565810,0.20387,1904.11469900,0
1506752849,22565737,0.20270,200.00000000,1
1506752811,22565716,0.20265,10946.94384894,1
1506752811,22565715,0.20380,4604.05615106,1
1506752791,22565701,0.20380,893.43646000,1
1506752791,22565700,0.20380,892.54303000,1
1506752787,22565697,0.20380,1028.48000000,1
1506752787,22565696,0.20380,893.43646200,1
1506752785,22565691,0.20380,817.67197456,1
1506752784,22565690,0.20342,6320.19400000,0
1506752718,22565658,0.20395,4700.55019865,1
1506752717,22565657,0.20395,1619.64382500,1
1506752716,22565656,0.20393,19823.34100000,0
1506752715,22565654,0.20392,5000.00000000,0
1506752715,22565653,0.20391,3633.39473000,0
1506752715,22565652,0.20380,600.00000000,0
1506752715,22565651,0.20367,3748.59257720,0
1506752715,22565650,0.20363,993.58160000,0
1506752715,22565649,0.20363,974.35943539,0
1506752715,22565648,0.20362,1220.90290000,0
1506752715,22565647,0.20362,2500.00000000,0
1506752649,22565605,0.20363,19.22216461,0
1506752648,22565604,0.20363,993.58160000,0
1506752648,22565603,0.20363,993.58160000,0
1506752648,22565602,0.20363,993.58160000,0
1506752648,22565601,0.20363,0.03303539,0
1506752619,22565596,0.20366,993.54856461,1
1506752615,22565594,0.20366,10000.00000000,1
1506752558,22565539,0.20366,207.85557200,1
1506752556,22565538,0.20366,1847.76990000,1
1506752555,22565537,0.20366,2500.00000000,0
1506752535,22565531,0.20367,476.38085947,0
1506752421,22565448,0.20365,3202.76900000,1
1506752409,22565423,0.20365,47.00000000,1
1506752408,22565421,0.20351,184.00000000,0
1506752396,22565419,0.20367,2515.77000000,0
1506752393,22565418,0.20367,0.88390000,0
1506752393,22565417,0.20366,1264.80610000,0
1506752364,22565414,0.20365,564.81400000,0
1506752312,22565363,0.20335,70.00000000,1
1506752283,22565340,0.20335,70.00000000,1
1506752270,22565335,0.20335,4000.00000000,1
1506752263,22565333,0.20335,3083.44500000,1
1506752243,22565329,0.20335,35502.00000000,1
1506752237,22565325,0.20335,880.76700000,1
1506752175,22565293,0.20335,221.00000000,1
1506752140,22565261,0.20335,257.94115946,1
1506752067,22565217,0.20335,4415.53971000,1
1506751944,22565058,0.20335,4337.46271200,1
1506751927,22565051,0.20335,1540.91071200,1
1506751915,22565041,0.20335,1477.53694600,1
1506751887,22565015,0.20336,5231.77533300,1
1506751846,22564960,0.20335,543.00000000,1
1506751842,22564958,0.20335,5401.27730079,1
1506751842,22564957,0.20362,0.00000421,1
1506751841,22564956,0.20362,3038.43442000,1
1506751827,22564947,0.20362,1325.46529358,0
1506751812,22564939,0.20362,79.16000000,0
1506751801,22564928,0.20335,86.40572600,1
1506751796,22564921,0.20335,20000.00000000,1
1506751781,22564913,0.20335,2823.16574800,1
1506751774,22564906,0.20335,1095.11857100,1
1506751770,22564903,0.20336,543.00000000,1
1506751769,22564902,0.20336,3885.73095900,1
1506751752,22564889,0.20335,11618.45602448,1
1506751752,22564888,0.20336,10326.47898000,1
1506751752,22564887,0.20337,10594.06499552,1
1506751742,22564847,0.20337,4000.00000000,1
1506751728,22564788,0.20337,495.10000000,0
1506751728,22564787,0.20337,856.80000000,0
1506751727,22564785,0.20337,3673.54505800,0
1506751727,22564784,0.20336,60.00000000,0
1506751724,22564768,0.20337,495.15450200,0
1506751713,22564708,0.20337,856.80044000,0
1506751712,22564707,0.20334,1361.20150000,0
1506751712,22564706,0.20332,567.20169000,0
1506751699,22564627,0.20250,554.00000000,1
1506751698,22564622,0.20339,200.00000000,0
1506751687,22564512,0.20340,21231.54151954,1
1506751686,22564502,0.20340,11115.34666000,1
1506751667,22564463,0.20338,1544.46249100,1
1506751651,22564371,0.20230,1718.20784600,1
1506751651,22564369,0.20320,1180.21000000,1
1506751648,22564359,0.20230,6583.87345400,1
1506751648,22564357,0.20232,1218.06270000,1
1506751641,22564313,0.20362,22.04439642,0
1506751641,22564308,0.20360,600.00000000,0
1506751641,22564306,0.20358,3287.58313000,0
1506751640,22564305,0.20340,600.00000000,0
1506751640,22564302,0.20338,657.51663000,0
1506751640,22564300,0.20320,35.00000000,0
1506751640,22564299,0.20320,600.00000000,0
1506751639,22564298,0.20312,1792.71525000,0
1506751639,22564297,0.20312,1781.89326700,1
1506751639,22564296,0.20312,3540.82790200,1
1506751639,22564295,0.20312,2835.37981300,1
1506751638,22564294,0.20311,1250.76130000,0
1506751638,22564291,0.20310,100.00000000,0
1506751638,22564290,0.20310,35.00000000,0
1506751638,22564289,0.20310,30.00000000,0
1506751637,22564285,0.20300,10052.22745700,0
1506751637,22564283,0.20300,600.00000000,0
1506751637,22564278,0.20299,1179.38000000,0
1506751637,22564274,0.20298,4500.00000000,0
1506751636,22564268,0.20280,600.00000000,0
1506751636,22564265,0.20262,1217.93079000,0
1506751636,22564264,0.20260,600.00000000,0
1506751634,22564263,0.20240,600.00000000,0
1506751572,22564145,0.20220,35.00000000,0
1506751572,22564144,0.20220,600.00000000,0
1506751572,22564143,0.20214,69.15078000,0
1506751571,22564142,0.20212,682.16560000,0
1506751571,22564139,0.20210,100.00000000,0
1506751564,22564122,0.20210,35.00000000,0
1506751564,22564121,0.20210,30.00000000,0
1506751562,22564116,0.20200,2195.55570947,1
1506751558,22564113,0.20200,42871.54512067,0
1506751553,22564101,0.20200,26764.56321400,0
1506751532,22564055,0.20200,33352.69779100,0
1506751532,22564054,0.20200,5000.00000000,0
1506751532,22564052,0.20200,600.00000000,0
1506751532,22564050,0.20199,3918.84733000,0
1506751531,22564045,0.20185,2871.18836558,0
1506751525,22564017,0.20185,912.47557700,0
1506751508,22563990,0.20185,6931.84400000,0
1506751488,22563963,0.20185,1115.78094100,0
1506751485,22563955,0.20185,454.21180579,0
1506751485,22563953,0.20185,54.00000000,0
1506751485,22563952,0.20180,1693.60322021,0
1506751471,22563929,0.20162,200.00000000,1
1506751463,22563906,0.20180,600.00000000,0
1506751463,22563904,0.20179,1209.68270000,0
1506751463,22563901,0.20162,1208.04892400,0
1506751350,22563810,0.20162,77.83806600,0
1506751294,22563786,0.20115,47.00000000,0
1506751294,22563785,0.20112,184.00000000,0
1506751288,22563783,0.20112,665.85819000,0
1506751288,22563782,0.20106,184.00000000,0
1506751260,22563767,0.20112,47.00000000,0
1506751016,22563728,0.20164,500.00000000,0
1506751016,22563727,0.20161,668.63746600,0
1506751015,22563726,0.20161,675.71155400,0
1506751014,22563725,0.20160,60.00000000,0
1506750879,22563671,0.20161,3546.25653300,0
1506750879,22563670,0.20148,60.00000000,0
1506750612,22563605,0.20148,59.80000000,0
1506750554,22563598,0.20083,31.58306891,0
1506750554,22563597,0.20083,270.00000000,1
1506750458,22563557,0.20160,1283.29277301,0
1506750458,22563556,0.20158,2500.00000000,1
1506750456,22563555,0.20147,60.00000000,0
1506750449,22563550,0.20151,3169.56627462,0
1506750447,22563549,0.20148,60.00000000,0
1506750397,22563535,0.20161,13073.87312137,0
1506750397,22563534,0.20160,1264.99350000,1
1506750397,22563533,0.20160,600.00000000,0
1506750396,22563532,0.20149,1465.78389000,0
1506750396,22563531,0.20140,115.41529828,0
1506750396,22563530,0.20140,600.00000000,0
1506750395,22563529,0.20127,702.00000000,0
1506750395,22563528,0.20125,89.27792000,0
1506750395,22563527,0.20120,35.00000000,0
1506750395,22563526,0.20120,600.00000000,0
1506750394,22563525,0.20110,100.00000000,0
1506750394,22563524,0.20110,35.00000000,0
1506750394,22563523,0.20110,35.00000000,0
1506750394,22563522,0.20106,152.56838700,0
1506750392,22563521,0.20093,140.00000000,0
1506750320,22563505,0.20080,515.23105500,1
1506749780,22563225,0.20106,0.38013211,0
1506749780,22563224,0.20100,300.00000000,0
1506749780,22563223,0.20100,242.85486789,0
1506749646,22563177,0.20100,3549.45379311,0
1506749646,22563176,0.20099,833.29938000,0
1506749646,22563175,0.20099,54.50849989,0
1506749646,22563174,0.20099,1640.05932700,0
1506749500,22563126,0.20099,283.00067300,0
1506749396,22563099,0.20100,21207.69133900,0
1506749396,22563098,0.20100,600.00000000,0
1506749396,22563097,0.20099,1154.27432300,0
1506749390,22563091,0.20099,1618.28924700,0
1506749382,22563080,0.20099,2216.09632188,0
1506749382,22563079,0.20098,137.92309212,0
1506749382,22563078,0.20092,120.00000000,0
1506749290,22563057,0.20092,55.00000000,0
1506749288,22563056,0.20092,55.00000000,0
1506749285,22563055,0.20092,55.00000000,0
1506749283,22563053,0.20092,55.00000000,0
1506749281,22563051,0.20092,55.00000000,0
1506749279,22563050,0.20092,55.00000000,0
1506749277,22563049,0.20092,55.00000000,0
1506749276,22563048,0.20092,55.00000000,0
1506749274,22563045,0.20092,55.00000000,0
1506749272,22563044,0.20092,55.00000000,0
1506749270,22563043,0.20092,55.00000000,0
1506749268,22563042,0.20092,55.00000000,0
1506749260,22563036,0.20092,55.00000000,0
1506749258,22563034,0.20092,55.00000000,0
1506749255,22563033,0.20092,55.00000000,0
1506749253,22563031,0.20090,55.00000000,0
1506749250,22563030,0.20092,55.00000000,0
1506749249,22563029,0.20090,55.00000000,0
1506749246,22563027,0.20090,55.00000000,0
1506749244,22563026,0.20090,55.00000000,0
1506749206,22563013,0.20053,1263.05995000,0
1506749206,22563012,0.20050,14440.95554960,0
1506749206,22563011,0.20049,3294.13494000,0
1506749185,22563005,0.20050,16733.63218300,0
1506749183,22563003,0.20050,7488.37711600,0
1506749182,22563002,0.20045,5529.79619400,0
1506749182,22563001,0.20042,3913.82369000,0
1506749179,22562999,0.20040,5000.00000100,0
1506749170,22562997,0.20043,3533.98628000,0
1506749133,22562976,0.20010,1093.77749089,0
1506749129,22562971,0.19984,500.00000000,1
1506749128,22562970,0.19942,500.00000000,0
1506749124,22562968,0.19975,92.00000000,0
1506748943,22562882,0.20010,48.00000000,1
1506748935,22562881,0.20010,8000.00000000,1
1506748537,22562748,0.20010,270.00000000,1
1506748536,22562747,0.20003,1217.38110000,0
1506748536,22562746,0.20003,3004.26536013,0
1506748536,22562745,0.20002,270.00000000,0
1506748266,22562650,0.20001,748.09224539,0
1506748064,22562387,0.19960,124.38840000,0
1506748054,22562286,0.19960,1818.74000000,0
1506748052,22562264,0.19960,8844.88111400,1
1506748048,22562235,0.19961,1439.19980000,0
1506748047,22562227,0.19960,1830.28450600,1
1506748047,22562226,0.19960,4853.83438000,1
1506748047,22562225,0.19961,1432.03634300,1
1506748047,22562223,0.19961,7.16345700,1
1506748047,22562220,0.19964,7405.68131400,1
1506748028,22562043,0.19962,2027.42491233,1
1506747784,22561867,0.20003,456.29065640,0
1506747782,22561866,0.20003,907.72660327,0
1506747776,22561864,0.20003,99.15938020,0
1506747776,22561863,0.20003,1128.11576850,0
1506747684,22561851,0.20003,647.60486412,0
1506747682,22561850,0.19976,40.00000000,0
1506747601,22561822,0.20003,1267.66336738,0
1506747601,22561821,0.19973,100.00000000,0
1506747301,22561707,0.19932,3499.93000000,1
1506747300,22561704,0.19937,270.00000000,1
1506747271,22561589,0.20003,4997.37000000,0
1506747261,22561487,0.20003,955.24600000,0
1506747083,22561272,0.19931,949.65433000,1
1506747083,22561271,0.19937,1243.94940000,1
1506747083,22561269,0.19957,270.00000000,1
1506747049,22561194,0.20062,1226.88710000,0
1506747035,22561119,0.20063,482.05188141,0
1506747009,22561021,0.19955,2397.11973200,1
1506747009,22561013,0.19956,12084.93215000,1
1506747007,22560987,0.19955,2250.47794500,1
1506747004,22560953,0.19930,2264.55116400,1
1506747004,22560949,0.19930,496.25120052,1
1506747004,22560947,0.19950,298.96463548,1
1506747003,22560942,0.19950,2725.66393200,1
1506747003,22560937,0.19951,1836.54827000,1
1506747003,22560929,0.19954,9181.79237000,1
1506747002,22560925,0.19983,1246.95390000,1
1506747001,22560919,0.20000,4715.45045012,1
1506747001,22560917,0.20000,1568.79700000,1
1506746705,22560767,0.20023,94.97062826,1
1506746628,22560725,0.20048,15208.98630182,0
1506746627,22560721,0.20048,2006.21181500,0
1506746561,22560700,0.20048,3469.21300000,0
1506746526,22560694,0.20048,3250.00102900,0
1506746526,22560693,0.20024,100.00000000,0
1506746391,22560612,0.20048,34373.54155690,0
1506746391,22560611,0.20047,1361.10637000,0
1506746281,22560567,0.20047,391.15243400,0
1506745876,22560485,0.20035,270.92872473,0
1506745874,22560484,0.20018,270.00000000,0
1506745820,22560477,0.20048,11692.04629728,0
1506745820,22560476,0.20047,1217.43290000,0
1506745819,22560475,0.20042,587.04250000,0
1506745819,22560474,0.20042,2500.00000000,1
1506745819,22560473,0.20033,1690.73922000,0
1506745817,22560472,0.19992,178.67353409,0
1506745772,22560454,0.19992,324.21478591,0
1506745770,22560451,0.19971,100.00000000,0
1506744469,22560319,0.19991,47.85923666,0
1506744190,22560256,0.19942,809.47791000,0
1506744190,22560254,0.19934,100.00000000,0
1506743752,22560174,0.19942,100.00000000,1
1506743709,22560145,0.19921,3634.00000000,1
1506743708,22560144,0.19941,270.00000000,1
1506743516,22560121,0.20053,427.93242906,0
1506743516,22560120,0.20000,5000.00000000,0
1506743516,22560119,0.19999,15368.95666000,0
1506743515,22560118,0.19955,157.00000000,0
1506743427,22560105,0.19975,1649.00000000,1
1506743426,22560103,0.19980,940.00000000,1
1506743412,22560100,0.19982,49.97760000,0
1506742777,22559989,0.19975,1651.00000000,1
1506742579,22559956,0.20066,33069.40032891,0
1506742579,22559955,0.20053,511.43952000,0
1506742578,22559954,0.20029,2557.19758000,0
1506742578,22559953,0.20003,1232.12350000,0
1506742578,22559952,0.20002,2500.00000000,0
1506742576,22559951,0.20000,100.00000000,0
1506741883,22559853,0.19939,140.00000000,0
1506741166,22559700,0.19890,157.00000000,0
1506740838,22559562,0.19921,1242.88780000,1
1506740837,22559560,0.19923,11699.94478000,1
1506740837,22559558,0.19924,15433.45235000,1
1506740284,22559474,0.20092,1333.50343420,0
1506740284,22559473,0.20080,600.00000000,0
1506740283,22559472,0.20080,2500.00000000,1
1506740283,22559471,0.20070,990.00000000,0
1506740283,22559470,0.20060,600.00000000,0
1506740282,22559469,0.20050,1000.00000000,0
1506740282,22559468,0.20042,1646.32888000,0
1506740282,22559467,0.20042,5000.00000000,1
1506740281,22559466,0.20040,600.00000000,0
1506740281,22559465,0.20004,2296.80054890,0
1506740281,22559464,0.20000,4548.85000000,0
1506740280,22559463,0.19999,100.00000000,0
1506740280,22559462,0.19999,2145.14650000,1
1506740280,22559461,0.19989,223.80008000,0
1506740280,22559460,0.19989,1119.00038000,0
1506740279,22559458,0.19988,3769.00101000,1
1506740279,22559457,0.19926,1326.40870000,0
1506740278,22559456,0.19886,108.00000000,0
1506740140,22559415,0.19764,9658.66260311,0
1506740140,22559414,0.19765,1801.60940000,0
1506740139,22559413,0.19857,1225.72799689,1
1506740139,22559412,0.19858,100.00000000,1
1506740137,22559410,0.19880,164.00000000,1
1506739279,22559224,0.19863,118.00000000,1
1506739200,22559217,0.19871,108.00000000,1
1506739173,22559213,0.19867,3543.09204312,1
1506739167,22559212,0.19880,641.00000000,1
1506737916,22558963,0.20004,34187.30495327,1
1506737916,22558962,0.20004,1388.66780000,1
1506737915,22558961,0.20004,445.63934000,1
1506737915,22558960,0.20004,1290.85923873,1
1506737915,22558959,0.20004,2228.19670000,1
1506737914,22558958,0.20000,1700.00000000,0
1506737914,22558957,0.20000,2500.00000000,0
1506737914,22558956,0.20000,1000.00000000,0
1506737914,22558955,0.20000,3000.00000000,0
1506737914,22558954,0.20000,200.00000000,0
1506737914,22558953,0.20000,1500.00000000,0
1506737914,22558951,0.20000,791.99089272,0
1506737913,22558949,0.19999,5000.00000000,0
1506737913,22558948,0.19992,892.44491000,0
1506737913,22558947,0.19991,445.63934000,0
1506737913,22558946,0.19920,2228.19670000,0
1506737913,22558945,0.19918,3696.26265000,0
1506737913,22558944,0.19918,1825.17390000,0
1506737913,22558943,0.19917,2500.00000000,0
1506737798,22558916,0.19989,2520.66461603,0
1506737797,22558915,0.19970,2045.60640000,1
1506737797,22558914,0.19942,1427.69188000,0
1506737797,22558913,0.19931,646.46874169,0
1506737795,22558911,0.19930,2500.00000000,0
1506737770,22558895,0.19930,870.83477999,0
1506737692,22558882,0.19928,27.63344644,0
1506737651,22558859,0.19928,406.03250825,0
1506737617,22558852,0.19929,298.15888552,0
1506737584,22558839,0.19931,244.88464176,0
1506737584,22558838,0.19930,50.00000000,0
1506737255,22558677,0.19893,2457.03538933,0
1506737249,22558673,0.19893,402.11036927,1
1506737245,22558672,0.19895,25.90000000,0
1506737222,22558660,0.19900,0.00000014,1
1506737154,22558635,0.19900,882.61098200,1
1506737153,22558632,0.19900,16414.01102500,1
1506736966,22558588,0.19893,2500.00000000,1
1506736964,22558587,0.19893,2500.00000000,1
1506736962,22558586,0.19892,1729.19808000,0
1506736962,22558585,0.19891,108.00000000,0
1506736807,22558529,0.19892,39.00000000,1
1506736677,22558499,0.19904,1220.72470000,1
1506736603,22558481,0.19892,622.43800000,1
1506736328,22558418,0.19930,1619.51831409,0
1506736042,22558349,0.19930,906.00000000,0
1506735985,22558337,0.19900,1339.00000000,1
1506735911,22558287,0.19859,400.07174075,0
1506735909,22558280,0.19859,3658.53125925,0
1506735908,22558278,0.19859,323.99295818,0
1506735902,22558258,0.19859,1225.60455382,0
1506735896,22558245,0.19859,2509.00548800,0
1506735895,22558241,0.19858,2497.82451426,0
1506735894,22558233,0.19858,2.17550000,0
1506735893,22558232,0.19857,1542.64150000,0
1506735893,22558231,0.19857,1558.60300000,0
1506735847,22558162,0.19900,1558.60298574,1
1506735842,22558161,0.19900,2500.00000000,1
1506735841,22558159,0.19896,1234.46530000,0
1506735796,22558066,0.19888,3415.18900000,1
1506735773,22558042,0.19878,500.00000000,0
1506735680,22557899,0.19910,500.00000000,0
1506735617,22557767,0.20000,15867.53465300,0
1506735617,22557765,0.20000,5271.37729000,1
1506735617,22557764,0.20000,2635.68864500,1
1506735616,22557763,0.19992,5000.00000000,0
1506735616,22557762,0.19950,1661.98526000,0
1506735616,22557761,0.19950,3251.00000000,0
1506735615,22557758,0.19931,70.63915000,0
1506735615,22557756,0.19900,1994.11097000,0
1506735615,22557754,0.19900,120.00000000,0
1506735615,22557753,0.19900,4123.00000000,0
1506735615,22557752,0.19890,5246.00000000,0
1506735615,22557751,0.19890,2635.64176800,1
1506735614,22557750,0.19885,650.24122000,0
1506735614,22557749,0.19885,3251.20609000,0
1506735614,22557747,0.19884,5271.19175600,0
1506735613,22557745,0.19850,1720.74289000,0
1506735613,22557743,0.19850,8253.00000000,0
1506735613,22557741,0.19833,2635.64030800,1
1506735612,22557737,0.19806,341.00000000,0
1506735184,22557602,0.19832,1244.01578257,0
1506734442,22557502,0.19832,117.32906413,0
1506734440,22557501,0.19796,341.00000000,0
1506733871,22557393,0.19828,25.15397418,0
1506733858,22557380,0.19769,26.00000000,1
1506733847,22557375,0.19767,431.32779000,0
1506733703,22557348,0.19715,1578.00000000,1
1506733676,22557341,0.19746,1249.00000000,1
1506733675,22557340,0.19748,270.00000000,1
1506733653,22557336,0.19816,380.83301372,0
1506733651,22557335,0.19800,878.33678000,0
1506733507,22557295,0.19757,341.00000000,0
1506732836,22557151,0.19788,50.40675100,0
1506732807,22557148,0.19849,4062.37940183,0
1506732807,22557147,0.19849,270.00000000,1
1506732806,22557146,0.19838,1741.46891000,0
1506732806,22557145,0.19825,3251.00000000,0
1506732806,22557144,0.19823,92.15906000,0
1506732806,22557143,0.19823,942.13623000,1
1506732805,22557142,0.19820,4710.68115000,1
1506732805,22557141,0.19770,1514.56710000,0
1506732803,22557140,0.19768,270.00000000,0
1506732587,22557078,0.19800,8539.55384343,1
1506732585,22557077,0.19800,10000.00000000,1
1506732579,22557075,0.19800,1586.77155694,1
1506732576,22557070,0.19800,937.49873738,1
1506732575,22557067,0.19800,936.89681819,1
1506732573,22557064,0.19800,936.29661617,1
1506732573,22557061,0.19800,10000.00000000,1
1506732572,22557060,0.19800,935.69792930,1
1506732571,22557059,0.19800,1910.36801453,1
1506732571,22557058,0.19800,4583.47223000,1
1506732570,22557057,0.19800,3211.61667000,1
1506732570,22557055,0.19801,6788.38333000,1
1506732569,22557052,0.19800,3843.66666668,1
1506732569,22557051,0.19800,10000.00000000,1
1506732569,22557050,0.19800,10000.00000000,1
1506732569,22557049,0.19800,10000.00000000,1
1506732569,22557048,0.19800,10000.00000000,1
1506732569,22557047,0.19800,10000.00000000,1
1506732569,22557045,0.19800,10000.00000000,1
1506732568,22557044,0.19800,10000.00000000,1
1506732568,22557043,0.19800,10000.00000000,1
1506732568,22557042,0.19800,10000.00000000,1
1506732567,22557041,0.19800,10000.00000000,1
1506732567,22557040,0.19800,10000.00000000,1
1506732567,22557039,0.19800,10000.00000000,1
1506732567,22557037,0.19800,10000.00000000,1
1506732566,22557035,0.19800,2319.89697122,1
1506732566,22557034,0.19800,10000.00000000,1
1506732566,22557032,0.19800,10000.00000000,1
1506732566,22557030,0.19800,10000.00000000,1
1506732565,22557029,0.19800,3838.78515152,1
1506732564,22557028,0.19800,10185.26101000,1
1506732562,22557027,0.19800,270.00000000,1
1506732561,22557026,0.19800,1257.07780000,1
1506732560,22557025,0.19750,270.00000000,0
1506732560,22557024,0.19749,5121.30256400,0
1506732345,22557007,0.19764,10749.33467334,0
1506732344,22557006,0.19763,5175.23390600,1
1506732344,22557005,0.19763,4488.70839000,0
1506732344,22557004,0.19763,1538.53080000,0
1506732344,22557003,0.19762,897.74168000,0
1506732312,22556995,0.19510,3243.54173061,0
1506732312,22556994,0.19525,92.15906000,1
1506732311,22556993,0.19531,1291.02450011,1
1506732311,22556992,0.19596,268.89055472,1
1506732311,22556991,0.19600,6250.98934000,1
1506732310,22556990,0.19603,1248.46028000,1
1506732310,22556989,0.19604,1929.00470000,1
1506732310,22556988,0.19605,4400.05548500,1
1506732309,22556986,0.19676,270.00000000,1
1506732215,22556963,0.19750,1309.04847000,1
1506732196,22556958,0.19750,4570.81050400,1
1506732196,22556957,0.19751,270.00000000,1
1506732189,22556956,0.19750,2998.97457000,1
1506732187,22556955,0.19750,270.00000000,1
1506732186,22556954,0.19750,5185.29123200,1
1506732185,22556953,0.19750,1254.02240000,1
1506732184,22556952,0.19750,1008.00000000,0
1506732184,22556951,0.19749,3922.33132000,0
1506732183,22556950,0.19747,1261.65030000,0
1506732183,22556949,0.19746,7386.29577000,0
1506732005,22556932,0.19675,445.00000000,0
1506731303,22556763,0.19711,263.18040688,0
1506730806,22556724,0.19699,804.95390628,0
1506730806,22556723,0.19696,270.00000000,0
1506730804,22556721,0.19664,445.00000000,0
1506730068,22556594,0.19695,1368.90300000,0
1506730000,22556589,0.19709,312.64595900,0
1506729921,22556546,0.19719,283.71000000,0
1506729917,22556545,0.19720,2172.01000000,0
1506729916,22556544,0.19699,1262.19800000,0
1506729672,22556501,0.19628,445.00000000,0
