date,tid,price,amount,type
1505865604,21884394,3265.11,0.01626496,1
1505865579,21884350,3266.82,0.01034033,1
1505865570,21884327,3267.13,0.00921460,0
1505865554,21884305,3267.15,0.00004900,1
1505865550,21884298,3267.15,0.12207579,1
1505865550,21884297,3269.44,0.00039985,1
1505865542,21884284,3269.44,0.99960015,1
1505865462,21884221,3280.95,0.01519528,0
1505865391,21884199,3279.77,0.02867723,0
1505865373,21884184,3279.83,0.02632259,0
1505865308,21884163,3280.42,0.02026277,0
1505865247,21884151,3281.24,0.06991868,1
1505865188,21884122,3265.20,0.03819315,1
1505865187,21884121,3265.20,0.03819315,1
1505865034,21884096,3280.74,0.02289463,0
1505865034,21884095,3276.00,0.00646870,0
1505864972,21884085,3276.00,0.02003979,0
1505864870,21884049,3276.00,0.08881797,0
1505864869,21884048,3275.99,0.01118203,0
1505864833,21884045,3276.00,0.00951390,0
1505864831,21884044,3275.99,0.02236406,0
1505864792,21884024,3276.00,0.00825717,1
1505864791,21884020,3276.00,0.13296606,1
1505864788,21884012,3276.00,0.04390421,1
1505864784,21884006,3276.00,0.13803874,1
1505864772,21884001,3276.00,0.10095961,1
1505864765,21883998,3283.22,0.02795105,0
1505864737,21883984,3276.00,0.03257595,1
1505864708,21883980,3284.09,0.01000000,0
1505864691,21883963,3276.00,0.03933000,1
1505864639,21883926,3285.74,0.10000000,0
1505864614,21883920,3276.50,0.33150700,1
1505864531,21883907,3276.20,0.39419630,1
1505864434,21883861,3276.11,0.01515560,0
1505864433,21883859,3276.11,0.02569510,0
1505864432,21883858,3276.11,0.15495300,0
1505864312,21883796,3278.10,0.04697644,1
1505864309,21883791,3278.41,0.10721662,1
1505864216,21883760,3279.91,0.12419900,1
1505864212,21883755,3289.65,0.07649426,0
1505864185,21883749,3279.90,0.30676782,1
1505864174,21883739,3289.07,0.14600000,0
1505864173,21883738,3279.70,0.30662561,0
1505864168,21883733,3279.70,0.30675672,1
1505864164,21883730,3279.50,0.00362000,1
1505864148,21883712,3279.20,0.16777470,1
1505864147,21883710,3279.10,0.28909729,1
1505864147,21883708,3285.45,0.00003998,1
1505864146,21883706,3280.14,0.05716692,0
1505864145,21883704,3279.11,0.04182808,1
1505864145,21883703,3280.14,0.05716692,1
1505864087,21883683,3289.41,0.08075648,0
1505864040,21883658,3280.22,0.05746774,1
1505863931,21883624,3289.14,0.10231204,0
1505863872,21883599,3289.39,0.02307339,0
1505863787,21883557,3288.58,0.04549684,0
1505863654,21883508,3289.09,0.01000000,0
1505863617,21883493,3281.00,0.07266716,1
1505863584,21883483,3280.70,0.85785137,1
1505863574,21883475,3276.21,0.02841194,0
1505863574,21883474,3276.21,0.11000000,1
1505863572,21883473,3289.41,0.02824333,0
1505863567,21883467,3280.31,0.14105981,1
1505863538,21883459,3280.30,0.08887329,1
1505863538,21883458,3280.30,0.42733529,1
1505863513,21883440,3280.00,0.40644798,0
1505863513,21883439,3279.99,0.01568755,0
1505863358,21883380,3274.30,0.89941228,1
1505863353,21883369,3269.90,0.12761000,1
1505863353,21883368,3269.91,0.27300000,1
1505863348,21883355,3274.30,0.65007954,1
1505863347,21883351,3274.30,0.25892974,1
1505863347,21883350,3274.31,0.14743435,1
1505863341,21883317,3288.22,0.03033538,0
1505863336,21883286,3288.26,0.35462489,0
1505863335,21883285,3288.26,0.03137511,0
1505863331,21883279,3288.27,0.14700000,0
1505863328,21883276,3274.20,0.40000000,0
1505863324,21883274,3273.21,2.03319253,1
1505863324,21883273,3274.12,0.06000000,1
1505863324,21883272,3274.30,2.53830000,1
1505863319,21883267,3274.11,3.54878660,1
1505863319,21883266,3274.12,0.06000000,1
1505863319,21883264,3274.20,2.00000000,1
1505863280,21883237,3274.01,4.92894814,1
1505863274,21883231,3274.01,0.36927061,1
1505863274,21883230,3274.02,0.08970696,1
1505863273,21883227,3274.01,0.69625280,1
1505863271,21883214,3288.89,0.08818484,0
1505863269,21883203,3274.00,0.45482137,1
1505863269,21883201,3274.00,0.30850283,1
1505863258,21883175,3274.00,1.23667580,1
1505863258,21883174,3279.80,0.00000226,1
1505863255,21883168,3279.80,0.02515703,1
1505863248,21883158,3286.37,0.00000140,1
1505863245,21883157,3286.37,0.02277000,1
1505863239,21883153,3280.90,0.06694979,0
1505863239,21883152,3280.89,0.01730000,0
1505863239,21883151,3280.89,0.06275021,0
1505863238,21883149,3273.81,0.43624352,1
1505863231,21883146,3273.90,1.81633491,1
1505863225,21883137,3273.81,0.87251000,0
1505863219,21883122,3280.90,1.92348137,1
1505863217,21883113,3281.50,2.53699834,1
1505863204,21883099,3273.70,1.26774674,1
1505863204,21883098,3278.63,0.12170021,1
1505863203,21883096,3278.70,2.53890000,1
1505863183,21883082,3278.62,3.79637966,1
1505863183,21883081,3278.80,2.54070000,1
1505863182,21883080,3281.30,2.00000000,1
1505863181,21883079,3278.62,1.95556328,1
1505863180,21883078,3278.71,0.07000000,1
1505863180,21883077,3280.70,2.54000000,1
1505863164,21883051,3278.80,0.02554810,1
1505863159,21883039,3278.72,0.36744198,0
1505863159,21883038,3278.72,0.45881491,0
1505863159,21883037,3278.72,0.69419370,1
1505863155,21883036,3281.20,1.23561166,1
1505863146,21883031,3280.50,1.02396017,1
1505863142,21883030,3281.10,0.19587863,1
1505863142,21883028,3284.21,0.09276640,1
1505863138,21883023,3280.60,1.14257659,0
1505863135,21883021,3278.62,0.16815557,1
1505863135,21883020,3278.63,0.08000000,1
1505863129,21883018,3280.80,0.75898341,1
1505863127,21883017,3279.00,0.03265645,1
1505863127,21883016,3280.41,0.09476274,1
1505863125,21883015,3280.41,0.28889491,1
1505863123,21883014,3280.41,0.48885235,1
1505863123,21883013,3280.70,2.00000000,1
1505863123,21883012,3280.71,0.01730000,1
1505863118,21883010,3280.70,0.57484063,1
1505863118,21883009,3280.60,1.97914345,1
1505863118,21883008,3280.61,1.02212625,1
1505863111,21882999,3288.39,0.26342589,0
1505863086,21882988,3288.44,0.02790685,0
1505863055,21882937,3288.51,0.01017904,0
1505863053,21882934,3288.51,0.05161451,0
1505863045,21882918,3288.53,1.00625339,0
1505863045,21882917,3288.52,0.99374661,0
1505862986,21882872,3280.40,0.55623246,1
1505862986,21882871,3281.52,0.02514606,1
1505862978,21882862,3288.10,1.90035340,1
1505862976,21882858,3288.02,0.09964660,0
1505862975,21882857,3280.11,1.32238697,1
1505862974,21882856,3288.02,0.09965000,0
1505862973,21882855,3288.02,2.00000000,0
1505862953,21882842,3288.10,0.01281118,0
1505862936,21882837,3288.16,0.01520500,0
1505862931,21882836,3279.41,0.03300000,1
1505862899,21882832,3288.34,0.01962269,0
1505862880,21882807,3288.54,0.58000034,1
1505862879,21882806,3288.36,0.00999966,0
1505862808,21882777,3281.00,0.09542210,1
1505862808,21882773,3281.00,1.08804587,1
1505862798,21882749,3280.90,0.28818617,1
1505862788,21882728,3280.80,0.17945928,1
1505862752,21882695,3280.40,0.02089283,1
1505862746,21882681,3280.30,0.04808040,1
1505862730,21882641,3280.10,0.04458506,1
1505862729,21882636,3280.10,0.34328878,1
1505862729,21882635,3280.11,0.19935500,1
1505862718,21882625,3280.10,0.07530798,1
1505862718,21882624,3280.10,0.04360252,1
1505862711,21882621,3288.66,0.07331096,0
1505862627,21882537,3289.02,0.08509408,0
1505862608,21882526,3289.12,0.03040327,0
1505862571,21882497,3289.27,0.01042234,0
1505862568,21882496,3289.29,0.01516133,0
1505862556,21882492,3281.92,0.01000000,1
1505862390,21882441,3289.40,0.12655249,0
1505862390,21882440,3286.46,0.00539816,0
1505862378,21882427,3283.59,0.87042551,1
1505862377,21882421,3283.58,0.02702968,0
1505862372,21882417,3283.58,0.14600029,0
1505862370,21882414,3279.10,0.07818036,1
1505862328,21882396,3283.69,0.02000000,0
1505862307,21882378,3273.61,0.03152038,1
1505862293,21882374,3274.00,0.00800000,1
1505862288,21882373,3272.99,1.69818526,1
1505862287,21882372,3273.01,0.31917311,1
1505862287,21882371,3273.21,0.16000000,1
1505862287,21882370,3273.30,2.54940000,1
1505862285,21882367,3273.31,6.10000000,1
1505862141,21882344,3273.01,0.25000000,1
1505862058,21882277,3273.01,0.01200000,1
1505862056,21882275,3273.00,0.32711835,1
1505862046,21882259,3272.91,0.16000000,1
1505862046,21882258,3273.10,2.54630000,1
1505862046,21882256,3273.11,0.01479308,1
1505862039,21882240,3282.65,0.00304628,0
1505862027,21882224,3282.67,0.01043452,0
1505862018,21882215,3282.70,0.01471359,0
1505862006,21882193,3282.76,0.01137449,0
1505862002,21882187,3273.77,0.18244541,1
1505861985,21882178,3273.73,0.26582016,1
1505861974,21882167,3273.61,0.15000000,1
1505861972,21882166,3273.63,0.01466159,1
1505861851,21881979,3283.06,0.04975490,1
1505861846,21881974,3268.07,0.84858208,0
1505861846,21881973,3271.91,0.25000000,1
1505861846,21881972,3272.40,2.00000000,0
1505861845,21881971,3272.40,2.55130000,1
1505861845,21881970,3278.90,0.20313300,1
1505861844,21881969,3279.00,4.14698492,1
1505861785,21881951,3286.05,0.07741660,0
1505861609,21881892,3279.04,0.01000000,1
1505861597,21881882,3286.46,0.01130490,0
1505861587,21881876,3286.48,0.12544544,0
1505861587,21881875,3286.48,0.00999915,0
1505861534,21881847,3279.00,0.74185458,1
1505861290,21881781,3289.67,0.09241895,0
1505861250,21881772,3278.90,0.26686700,1
1505861229,21881764,3292.74,0.36352703,0
1505861176,21881754,3283.39,0.01000000,1
1505861122,21881721,3295.34,0.03295511,0
1505861073,21881701,3280.50,0.18967192,1
1505861073,21881700,3280.51,0.08532808,1
1505861044,21881696,3280.51,0.93630652,1
1505861044,21881695,3280.52,0.23000000,1
1505861044,21881694,3280.62,0.22122348,1
1505860800,21881570,3296.98,0.04347348,0
1505860766,21881558,3297.23,0.14955574,0
1505860765,21881555,3297.20,0.14775000,0
1505860731,21881544,3297.48,0.03000000,0
1505860651,21881519,3283.50,0.14847495,1
1505860463,21881487,3282.14,0.03008000,1
1505860456,21881461,3282.17,0.75868440,0
1505860325,21881402,3297.26,0.49166837,0
1505860311,21881393,3297.35,0.30266729,0
1505860284,21881375,3297.59,0.03198312,0
1505860236,21881346,3298.39,0.14681405,1
1505860236,21881345,3298.25,0.05000000,1
1505860231,21881341,3298.40,0.03629032,0
1505860207,21881317,3297.15,0.34593517,0
1505860207,21881316,3297.15,0.16000000,0
1505860163,21881280,3297.37,0.01424876,0
1505860144,21881256,3297.50,0.01642235,0
1505860106,21881221,3297.67,0.05909435,0
1505859995,21881137,3287.00,0.08329923,1
1505859994,21881136,3287.00,0.21491900,0
1505859971,21881126,3286.99,0.75996500,0
1505859960,21881123,3286.75,0.00510417,0
1505859958,21881119,3287.00,0.13508100,0
1505859943,21881104,3286.99,0.01474210,0
1505859921,21881099,3286.83,0.01115898,0
1505859909,21881093,3286.87,0.00312686,0
1505859909,21881092,3286.86,0.01048294,0
1505859906,21881090,3286.87,0.02792018,0
1505859868,21881079,3286.95,0.02945688,0
1505859866,21881078,3286.95,0.12345841,0
1505859866,21881077,3286.94,0.02096588,0
1505859831,21881058,3281.20,0.04193176,0
1505859767,21880988,3281.22,0.00855636,0
1505859765,21880985,3281.23,0.05837939,0
1505859732,21880962,3281.30,0.15015752,0
1505859725,21880950,3281.34,0.06991656,0
1505859709,21880936,3281.52,0.01265700,0
1505859700,21880930,3270.00,0.55634280,0
1505859699,21880927,3270.00,0.01456988,0
1505859690,21880924,3270.00,0.69600000,0
1505859664,21880919,3269.99,0.02053405,0
1505859661,21880916,3269.99,0.15290500,0
1505859644,21880912,3269.99,0.08658698,0
1505859625,21880909,3269.99,0.40025000,0
1505859568,21880887,3269.99,0.14571233,0
1505859506,21880874,3269.99,0.00876927,0
1505859504,21880873,3263.00,0.04000000,1
1505859403,21880810,3269.99,0.05894543,0
1505859385,21880808,3270.00,0.01370642,0
1505859384,21880807,3263.50,0.01683056,0
1505859324,21880799,3263.24,0.02000000,1
1505859274,21880763,3263.27,0.77207832,1
1505859267,21880759,3263.50,0.02951680,0
1505859263,21880758,3263.50,0.01531791,0
1505859233,21880749,3263.50,0.13753874,0
1505859213,21880744,3263.76,0.00000274,1
1505859200,21880743,3264.99,0.76378488,1
1505859145,21880725,3265.00,0.02878799,0
1505859137,21880700,3263.76,0.16777500,1
1505859107,21880683,3263.76,0.04615991,1
1505859107,21880682,3264.25,0.00008783,1
1505859105,21880680,3269.99,0.00876751,0
1505859077,21880661,3269.99,0.01524075,0
1505859074,21880654,3264.25,0.21956096,1
1505859026,21880629,3269.79,0.06365789,0
1505859026,21880628,3269.78,0.01818840,0
1505859002,21880616,3264.25,0.01596762,1
1505858969,21880602,3269.94,0.10000000,0
1505858964,21880601,3269.95,0.01139546,0
1505858946,21880588,3266.06,0.00849562,0
1505858933,21880579,3268.47,0.00160000,0
1505858924,21880572,3264.25,0.01438359,1
1505858924,21880571,3268.49,0.01664369,0
1505858901,21880559,3268.95,0.00400000,1
1505858894,21880552,3268.95,0.09600000,1
1505858884,21880549,3269.97,0.02085000,0
1505858842,21880529,3269.99,0.06275340,0
1505858840,21880528,3269.95,0.09401626,0
1505858840,21880527,3269.95,0.05736545,0
1505858832,21880526,3269.98,0.03128810,0
1505858828,21880521,3269.99,0.00332111,0
1505858825,21880520,3270.00,0.14032110,0
1505858815,21880516,3270.00,0.15794300,0
1505858812,21880515,3270.00,0.03111680,0
1505858810,21880513,3270.00,0.08000000,1
1505858791,21880511,3277.67,0.34813894,0
1505858787,21880508,3277.68,0.07258842,0
1505858784,21880503,3270.16,0.02725859,1
1505858782,21880501,3277.69,0.16909000,0
1505858768,21880471,3275.73,0.04770000,1
1505858625,21880396,3285.40,0.07958054,0
1505858587,21880388,3285.47,0.00852996,0
1505858586,21880385,3285.49,0.05682570,0
1505858584,21880384,3285.48,0.29935273,0
1505858564,21880381,3285.49,0.02450336,0
1505858564,21880379,3280.37,0.03000000,0
1505858562,21880377,3280.21,0.03048585,0
1505858528,21880344,3280.26,0.05019455,0
1505858515,21880341,3280.27,0.00304858,0
1505858448,21880308,3280.06,0.18087689,0
1505858448,21880307,3280.00,0.09100000,0
1505858440,21880304,3280.07,0.51804354,0
1505858384,21880280,3280.16,0.04961873,0
1505858349,21880263,3280.21,0.00622734,0
1505858284,21880237,3280.34,0.13175923,0
1505858251,21880218,3280.31,0.21776100,0
1505858249,21880215,3280.30,0.38244600,0
1505858225,21880208,3280.33,0.02797550,0
1505858217,21880199,3280.35,0.01385950,0
1505858208,21880192,3280.36,0.03036940,0
1505858128,21880164,3286.95,0.07762297,0
1505858126,21880163,3286.94,0.07226765,0
1505858115,21880158,3286.97,0.56782636,0
1505858084,21880134,3289.00,0.11795965,0
1505858084,21880133,3287.43,0.18000000,0
1505858065,21880126,3287.46,0.01996580,0
1505857964,21880095,3287.67,0.02229925,0
1505857929,21880077,3287.76,0.15169903,0
1505857926,21880075,3287.77,0.00879046,0
1505857911,21880071,3287.82,0.39211430,0
1505857911,21880070,3287.81,0.17562501,0
1505857710,21879911,3289.46,0.11901311,0
1505857695,21879906,3278.59,0.41000000,0
1505857620,21879877,3276.36,0.00300000,0
1505857610,21879862,3288.94,0.01669430,0
1505857610,21879861,3277.00,0.05000000,0
1505857610,21879860,3276.39,0.93330570,0
1505857606,21879853,3276.41,0.08665986,0
1505857606,21879852,3276.41,0.20000000,0
1505857605,21879849,3270.08,0.00976159,1
1505857585,21879837,3276.49,0.06335980,0
1505857535,21879818,3276.66,0.00155646,1
1505857526,21879811,3276.69,0.09136007,0
1505857525,21879810,3276.69,0.00850150,0
1505857506,21879789,3276.76,0.07001428,1
1505857464,21879762,3275.00,0.46601373,1
1505857403,21879730,3275.34,0.24371706,0
1505857393,21879722,3276.93,0.00761069,0
1505857385,21879716,3275.43,0.14002435,0
1505857384,21879713,3276.93,0.01295845,0
1505857352,21879695,3275.55,0.03055173,0
1505857226,21879577,3275.88,0.02844390,0
1505857130,21879526,3276.06,0.02684993,0
1505857125,21879520,3276.07,0.13652685,0
1505857085,21879495,3276.13,0.21058568,0
1505857069,21879467,3276.15,0.00945417,0
1505857065,21879458,3276.15,0.24409500,0
1505857060,21879447,3265.94,0.22336677,1
1505857059,21879446,3269.38,0.01941958,1
1505857059,21879445,3270.00,0.20000000,1
1505857059,21879444,3270.00,0.35107034,1
1505857058,21879442,3271.13,0.22912616,1
1505857058,21879438,3271.90,0.00190715,1
1505857056,21879436,3275.00,0.04557000,1
1505857056,21879435,3275.00,0.02954000,1
1505857050,21879427,3277.37,0.00000101,1
1505857050,21879425,3277.37,0.12003379,1
1505857050,21879424,3277.80,0.30736621,1
1505857046,21879415,3279.50,0.00004433,1
1505857046,21879414,3279.50,0.64510000,1
1505857041,21879409,3279.50,0.23365400,1
1505856985,21879288,3291.98,0.02284152,0
1505856978,21879286,3277.76,0.00268629,1
1505856975,21879284,3277.76,0.00537259,1
1505856965,21879274,3293.98,0.05875841,0
1505856935,21879262,3295.47,0.52229991,0
1505856935,21879260,3295.47,0.17036775,0
1505856934,21879259,3295.47,0.04000000,0
1505856934,21879258,3295.47,0.18000000,0
1505856934,21879257,3295.44,0.50258767,0
1505856864,21879183,3277.77,0.50000000,1
1505856862,21879182,3295.99,0.03033990,1
1505856805,21879139,3277.39,0.02762042,1
1505856764,21879122,3293.84,1.48340220,0
1505856760,21879120,3293.85,0.00111496,1
1505856759,21879119,3293.85,0.15000000,0
1505856734,21879103,3293.89,0.00322417,0
1505856707,21879097,3293.93,0.01446741,0
1505856704,21879092,3277.60,1.78093113,1
1505856704,21879091,3280.00,0.02000000,1
1505856704,21879090,3285.01,0.15144165,1
1505856704,21879089,3287.00,0.25495464,1
1505856704,21879088,3287.01,0.28747730,1
1505856682,21879086,3293.99,0.11895724,0
1505856682,21879085,3293.98,0.16000000,0
1505856649,21879073,3294.03,0.04477555,0
1505856625,21879061,3294.07,0.01057673,0
1505856623,21879059,3294.07,0.71516964,0
1505856612,21879051,3294.09,0.14990890,0
1505856585,21879024,3295.32,0.20746021,0
1505856582,21879023,3295.32,0.30270201,0
1505856526,21879002,3295.74,0.26812867,0
1505856505,21878992,3295.90,0.01852398,0
1505856496,21878991,3295.91,0.99803089,0
1505856486,21878983,3295.93,0.00848766,0
1505856485,21878980,3295.88,0.39455608,0
1505856485,21878978,3295.91,0.13921800,0
1505856467,21878973,3296.05,1.00000000,0
1505856443,21878958,3295.97,0.00992056,0
1505856437,21878950,3296.07,0.02023331,0
1505856433,21878945,3296.07,0.04957913,0
1505856414,21878929,3296.07,0.30000000,0
1505856365,21878910,3285.01,0.59567693,1
1505856365,21878909,3285.09,0.16977169,1
1505856365,21878908,3287.29,0.01000000,1
1505856364,21878907,3287.30,0.46480058,1
1505856359,21878905,3296.30,0.02708313,0
1505856352,21878898,3296.33,0.08475738,0
1505856346,21878891,3296.33,0.62561363,0
1505856340,21878890,3296.36,0.82213598,0
1505856334,21878889,3296.38,0.20302520,0
1505856330,21878880,3285.00,0.15086500,1
1505856325,21878875,3296.42,0.00600000,0
1505856315,21878864,3296.49,0.37743123,0
1505856304,21878859,3296.56,0.02912341,0
1505856296,21878854,3296.68,0.00500000,0
1505856247,21878801,3297.09,0.05961757,0
1505856210,21878791,3282.70,1.00000000,1
1505856206,21878788,3297.52,0.03202557,0
1505856205,21878787,3282.70,0.08979461,1
1505856205,21878786,3282.71,0.74837311,1
1505856204,21878785,3286.00,0.03436625,1
1505856204,21878784,3286.03,0.50622678,1
1505856199,21878779,3297.58,0.03024946,0
1505856171,21878771,3297.85,0.15123398,0
1505856144,21878763,3297.96,0.09073791,0
1505856144,21878762,3297.96,0.02852620,0
1505856127,21878755,3283.40,0.92328007,1
1505856127,21878754,3284.06,0.28172074,1
1505856126,21878753,3292.89,0.12962421,1
1505856126,21878752,3293.25,0.04050370,1
1505856118,21878751,3297.83,0.04532444,0
1505856092,21878747,3297.89,0.01474656,0
1505856092,21878746,3297.89,0.10433921,0
1505856046,21878716,3298.00,0.14435279,0
1505856045,21878712,3293.25,0.01000000,1
1505856044,21878711,3298.98,0.10000000,1
1505856035,21878707,3299.99,0.03022736,0
1505856024,21878703,3300.00,0.02681508,0
1505856007,21878693,3300.00,0.07243905,0
1505855993,21878684,3300.00,0.30238485,0
1505855975,21878677,3300.00,2.99700018,0
1505855974,21878675,3299.99,0.06610039,0
1505855966,21878669,3299.99,0.11473223,0
1505855964,21878668,3299.99,0.00849683,0
1505855959,21878666,3300.00,0.40387688,0
1505855921,21878638,3300.00,0.76888685,0
1505855921,21878637,3299.62,0.02515440,0
1505855920,21878635,3299.00,0.18473884,0
1505855916,21878629,3299.00,0.06043866,0
1505855881,21878597,3299.00,0.45482250,0
1505855881,21878596,3298.99,0.04517750,0
1505855858,21878584,3298.98,0.33931341,0
1505855858,21878583,3293.83,0.02519863,0
1505855858,21878582,3293.25,0.05047525,0
1505855852,21878573,3292.90,0.05050370,0
1505855850,21878571,3292.90,0.00005058,1
1505855848,21878568,3292.90,0.14892893,0
1505855844,21878566,3292.90,0.11761328,0
1505855840,21878562,3292.90,0.38975514,0
1505855804,21878518,3292.90,0.04370265,0
1505855801,21878509,3292.89,0.03832803,0
1505855775,21878485,3285.35,0.04977520,1
1505855747,21878461,3291.12,0.02838274,0
1505855734,21878457,3291.20,0.29234143,0
1505855734,21878456,3291.21,0.04617485,1
1505855727,21878452,3291.27,0.02858996,0
1505855725,21878451,3278.39,0.14413965,1
1505855705,21878446,3291.55,0.15014133,0
1505855666,21878431,3291.95,0.00877632,0
1505855665,21878429,3291.97,0.05025000,0
1505855645,21878418,3292.10,0.17283822,0
1505855645,21878416,3292.13,0.02025000,0
1505855624,21878408,3276.00,0.12000000,1
1505855620,21878407,3276.00,0.52482830,0
1505855620,21878406,3276.01,0.17000000,1
1505855619,21878405,3278.04,0.01523631,1
1505855619,21878404,3278.04,0.15205793,0
1505855619,21878403,3280.00,1.90072408,1
1505855619,21878402,3280.00,0.22778580,1
1505855617,21878400,3280.06,1.00936758,0
1505855605,21878394,3292.39,0.02490535,0
1505855543,21878367,3280.04,0.01100000,0
1505855535,21878366,3280.02,0.30369845,1
1505855511,21878344,3292.72,0.04604690,0
1505855499,21878329,3292.75,0.37798420,0
1505855499,21878328,3292.75,0.01411228,0
1505855493,21878319,3292.76,0.13913850,0
1505855492,21878318,3292.75,0.14429887,0
1505855492,21878317,3280.00,0.39401426,0
1505855491,21878316,3280.00,0.00300000,1
1505855491,21878315,3280.00,0.02298574,1
1505855473,21878303,3292.82,1.00025000,0
1505855428,21878272,3293.10,0.05893416,0
1505855424,21878270,3280.20,0.00154314,1
1505855417,21878268,3280.09,0.00308629,1
1505855412,21878267,3280.09,0.00617258,1
1505855410,21878266,3280.08,0.01234516,1
1505855406,21878264,3280.11,0.02469031,1
1505855401,21878253,3280.00,0.04938062,1
1505855399,21878252,3280.00,0.09876125,1
1505855396,21878251,3293.19,1.00000000,0
1505855395,21878249,3280.00,0.19752250,1
1505855390,21878245,3280.00,0.08752062,1
1505855390,21878244,3280.00,0.28239285,1
1505855390,21878243,3283.42,0.02513153,1
1505855383,21878240,3290.00,0.00790998,1
1505855374,21878226,3292.01,0.16282243,0
1505855373,21878221,3290.00,0.05000000,1
1505855349,21878218,3292.07,0.02959302,0
1505855339,21878212,3292.12,0.27574156,0
1505855339,21878211,3292.07,0.92425844,0
1505855309,21878197,3292.36,0.03895656,0
1505855309,21878196,3292.36,0.20000000,0
1505855302,21878193,3292.38,0.07574156,0
1505855283,21878178,3279.13,0.04755390,1
1505855282,21878176,3279.16,0.40581902,0
1505855282,21878174,3282.00,0.05000000,1
1505855280,21878170,3282.52,0.01000000,1
1505855211,21878089,3292.75,0.03010687,0
1505855165,21878064,3293.16,0.11954852,0
1505855145,21878010,3293.21,0.01479369,0
1505855137,21877975,3280.50,0.20222353,1
1505855135,21877969,3293.25,0.30477503,0
1505855135,21877968,3290.30,0.00000222,0
1505855135,21877967,3290.30,0.02522347,0
1505855133,21877962,3280.39,0.01847199,1
1505855106,21877905,3284.48,0.00152536,0
1505855095,21877897,3284.48,2.74842945,0
1505855064,21877857,3284.48,0.02300000,0
1505855060,21877846,3284.48,0.22857055,0
1505855058,21877840,3284.46,0.07512790,0
1505854957,21877702,3276.00,0.53539136,1
1505854956,21877701,3276.00,0.17430264,1
1505854936,21877685,3276.00,0.05162810,1
1505854935,21877683,3276.00,0.11920941,1
1505854932,21877680,3283.78,0.30327843,0
1505854919,21877660,3276.00,0.02518316,1
1505854902,21877640,3283.84,0.09090571,0
1505854885,21877627,3283.99,0.03162840,0
1505854874,21877618,3276.00,0.00940000,1
1505854869,21877616,3284.85,0.60000000,0
1505854865,21877609,3284.86,0.02874951,0
1505854847,21877584,3276.00,0.04000000,1
1505854844,21877582,3285.00,0.11532671,0
1505854831,21877563,3276.00,0.07991418,1
1505854831,21877562,3276.00,0.00006324,1
1505854830,21877557,3276.00,0.40000000,0
1505854830,21877556,3275.99,0.01896568,0
1505854820,21877533,3273.25,0.02019532,0
1505854818,21877528,3273.26,0.00498168,1
1505854816,21877520,3273.26,0.02500000,0
1505854815,21877519,3273.26,0.00001832,0
1505854809,21877507,3276.00,0.01940168,1
1505854807,21877505,3273.26,0.00861529,0
1505854807,21877503,3273.26,0.02931608,0
1505854807,21877501,3262.11,0.07951159,1
1505854806,21877499,3262.17,0.53583571,1
1505854806,21877498,3262.18,0.38465270,1
1505854788,21877456,3273.32,0.10567433,0
1505854788,21877455,3273.30,0.04732567,0
1505854786,21877452,3273.30,0.02853707,0
1505854777,21877440,3273.33,0.06553862,0
1505854754,21877429,3273.47,0.31796711,0
1505854741,21877425,3265.00,0.01300000,1
1505854648,21877352,3256.50,0.01729614,1
1505854648,21877351,3256.53,0.18270386,1
1505854644,21877349,3275.08,0.50025000,0
1505854642,21877343,3275.11,0.00153100,0
1505854642,21877341,3275.11,0.04846900,0
1505854631,21877327,3275.13,0.63513353,0
1505854631,21877326,3275.13,0.15325647,0
1505854629,21877321,3275.14,0.03558571,0
1505854613,21877300,3275.23,0.08477650,0
1505854613,21877299,3275.20,0.01522350,0
1505854612,21877297,3275.20,0.01522655,0
1505854606,21877294,3275.27,0.07426155,0
1505854586,21877275,3275.44,0.02990537,0
1505854564,21877258,3275.45,0.03045355,0
1505854507,21877232,3276.92,0.00845475,0
1505854506,21877230,3276.91,0.02800496,0
1505854487,21877219,3277.00,0.00853673,0
1505854487,21877218,3276.97,0.13702376,0
1505854485,21877215,3277.00,0.02901843,0
1505854478,21877210,3255.58,0.09438699,1
1505854477,21877209,3255.61,0.04367538,0
1505854476,21877207,3255.61,0.10476235,1
1505854464,21877198,3277.12,0.05866464,0
1505854440,21877193,3255.59,0.19636392,1
1505854430,21877182,3257.21,0.71716380,1
1505854425,21877164,3277.46,0.04609771,0
1505854419,21877157,3257.22,0.45979680,1
1505854403,21877134,3259.85,0.37960512,1
1505854394,21877129,3278.33,0.30427077,0
1505854394,21877127,3257.21,0.18372173,1
1505854393,21877126,3259.82,0.01627827,1
1505854393,21877123,3259.82,0.00872173,0
1505854391,21877119,3259.82,0.00936837,0
1505854390,21877117,3255.57,0.23006139,1
1505854390,21877116,3255.58,0.65000000,1
1505854390,21877115,3257.21,0.02064888,0
1505854388,21877113,3257.21,0.11380427,1
1505854388,21877112,3257.21,0.42370287,1
1505854387,21877111,3258.84,0.73892858,1
1505854387,21877110,3258.90,0.12000000,1
1505854387,21877109,3259.00,0.30000000,1
1505854387,21877108,3260.00,0.60947207,1
1505854385,21877106,3260.02,0.23000000,1
1505854385,21877105,3260.02,0.10000000,1
1505854385,21877104,3261.00,0.10000000,1
1505854363,21877062,3260.02,0.10361320,1
1505854363,21877061,3268.39,0.00007500,1
1505854342,21877048,3263.52,0.10702000,0
1505854341,21877047,3260.00,0.04052793,1
1505854341,21877046,3260.00,0.05216191,1
1505854341,21877045,3260.02,0.02500000,1
1505854336,21877040,3260.00,0.01550000,1
1505854336,21877037,3260.02,0.20000000,1
1505854335,21877026,3278.90,0.10675836,0
1505854333,21877016,3278.87,0.03014149,0
1505854332,21877015,3278.87,0.03014502,0
1505854315,21877004,3260.00,0.23237890,0
1505854314,21877001,3260.00,0.06762110,0
1505854306,21876998,3279.05,0.04518933,0
1505854305,21876996,3279.08,0.03965426,0
1505854284,21876973,3258.92,0.21000000,1
1505854284,21876971,3263.01,0.15000000,1
1505854284,21876969,3263.04,0.97025118,1
1505854262,21876932,3279.29,0.03225000,0
1505854247,21876920,3279.33,0.37512540,0
1505854246,21876915,3279.33,0.14842905,0
1505854206,21876889,3279.42,0.02151580,0
1505854167,21876849,3279.50,0.39541089,0
1505854164,21876839,3279.52,0.01487575,0
1505854145,21876812,3279.55,0.13991248,0
1505854142,21876809,3279.56,0.05949828,0
1505854133,21876804,3279.58,0.01215000,0
1505854131,21876801,3279.59,0.11000000,0
1505854107,21876781,3279.99,0.01970037,0
1505854107,21876780,3274.60,0.01000000,0
1505854050,21876739,3274.60,0.01107200,1
1505854044,21876738,3274.60,0.05000000,1
1505854024,21876724,3277.28,0.14405729,0
1505853993,21876688,3277.52,0.39479240,0
1505853992,21876687,3277.52,0.12259880,0
1505853988,21876673,3277.53,0.68325188,0
1505853988,21876671,3277.53,0.20270829,0
1505853986,21876670,3262.06,0.00865446,1
1505853985,21876669,3262.17,0.17000000,1
1505853985,21876668,3268.54,0.01808976,1
1505853985,21876667,3271.16,0.00000222,1
1505853981,21876661,3277.54,0.10000000,0
1505853974,21876657,3277.56,0.07505507,0
1505853952,21876608,3277.67,0.03004366,0
1505853945,21876605,3279.43,0.00333228,0
1505853945,21876604,3277.72,0.02499696,0
1505853944,21876603,3271.16,0.02522347,1
1505853944,21876601,3277.69,0.03043302,0
1505853941,21876598,3277.72,0.00000304,1
1505853938,21876584,3277.72,0.99999696,1
1505853930,21876578,3274.63,0.17567329,0
1505853929,21876577,3274.59,0.02432671,0
1505853792,21876432,3277.79,0.06003566,0
1505853785,21876424,3277.80,0.53560620,0
1505853763,21876411,3277.09,0.01907704,0
1505853756,21876410,3277.11,0.01521768,0
1505853749,21876402,3257.48,0.03754045,1
1505853738,21876394,3257.31,0.23601838,1
1505853737,21876393,3257.32,0.04000000,0
1505853737,21876392,3257.32,0.19000000,0
1505853737,21876391,3263.00,0.28340758,1
1505853736,21876390,3263.01,0.25000000,1
1505853717,21876370,3263.06,0.74834867,1
1505853684,21876317,3278.12,0.14356283,0
1505853683,21876316,3278.10,0.00908484,0
1505853682,21876315,3269.26,0.01740000,0
1505853674,21876306,3263.80,0.34621832,0
1505853670,21876301,3266.00,0.15835368,1
1505853667,21876298,3266.02,0.19356063,1
1505853666,21876297,3267.00,0.21276094,1
1505853666,21876296,3267.00,1.67000000,1
1505853666,21876295,3267.00,0.14532598,1
1505853666,21876294,3267.00,0.13204043,1
1505853666,21876293,3269.49,0.74000000,1
1505853666,21876292,3270.00,0.02267965,1
1505853664,21876291,3270.00,0.46741346,1
1505853663,21876290,3270.00,0.48259911,0
1505853661,21876286,3272.06,0.01590089,1
1505853655,21876280,3272.06,0.00009911,1
1505853655,21876279,3272.45,0.13417789,1
1505853634,21876268,3272.45,0.06296742,1
1505853630,21876254,3272.45,0.03025757,1
1505853628,21876253,3272.45,0.00059186,1
1505853628,21876252,3275.00,0.84554614,1
1505853626,21876251,3275.00,0.30197700,1
1505853623,21876249,3275.00,0.04769323,1
1505853617,21876233,3279.49,0.03005169,0
1505853610,21876223,3275.00,0.02438168,1
1505853607,21876216,3275.00,0.78040195,1
1505853606,21876215,3275.53,0.10000000,1
1505853606,21876214,3275.95,0.00067632,1
1505853602,21876202,3275.95,0.02535380,1
1505853510,21876128,3280.00,0.03345122,0
1505853507,21876125,3280.00,0.01414883,0
1505853473,21876095,3280.00,0.01532837,0
1505853472,21876093,3280.00,0.14953113,0
1505853444,21876080,3272.06,0.23322159,1
1505853444,21876079,3272.07,0.01740000,1
1505853443,21876078,3273.28,0.02788514,1
1505853443,21876077,3274.68,0.02519863,1
1505853443,21876076,3280.00,0.00846474,1
1505853427,21876065,3291.00,0.02788514,1
1505853426,21876064,3291.00,0.07522242,0
1505853426,21876063,3290.95,0.50000000,0
1505853426,21876062,3290.95,0.00208039,1
1505853426,21876061,3289.80,0.20000000,0
1505853425,21876060,3289.79,0.19000000,0
1505853425,21876058,3287.63,0.02151010,0
1505853423,21876057,3285.00,0.01143709,0
1505853405,21876044,3271.02,0.06075077,1
1505853404,21876043,3285.00,0.00849926,0
1505853396,21876039,3271.02,0.20000000,1
1505853393,21876038,3271.02,0.08021941,0
1505853393,21876037,3275.00,0.10000000,1
1505853393,21876036,3278.44,0.13179809,1
1505853391,21876035,3281.19,0.14064995,1
1505853370,21876031,3285.00,0.00499565,1
1505853365,21876029,3289.71,0.01632166,0
1505853315,21876001,3285.00,0.02526637,1
1505853310,21875981,3285.00,0.02531203,1
1505853305,21875973,3289.93,0.10309642,0
1505853304,21875972,3285.00,0.01907130,1
1505853298,21875969,3285.00,0.02535465,1
1505853288,21875965,3289.97,0.10000000,0
1505853247,21875936,3291.00,0.01725623,0
1505853244,21875935,3291.00,0.06971133,0
1505853221,21875874,3291.96,0.10000000,0
1505853197,21875857,3291.98,0.05194936,0
1505853195,21875852,3291.00,0.00800000,0
1505853189,21875847,3291.99,0.01212033,1
1505853188,21875846,3293.24,0.51621807,1
1505853188,21875845,3292.83,0.01653923,0
1505853188,21875844,3292.00,0.20000000,0
1505853187,21875843,3292.00,0.30000000,0
1505853187,21875842,3292.00,0.25509991,0
1505853187,21875840,3291.99,0.15000000,0
1505853185,21875835,3285.98,0.00124007,0
1505853185,21875834,3285.98,0.00849921,0
1505853178,21875816,3281.19,0.05935005,1
1505853175,21875802,3285.98,0.99026072,1
1505853134,21875740,3292.00,0.13725000,0
1505853133,21875731,3291.99,0.15300000,0
1505853123,21875724,3292.00,0.05125000,0
1505853091,21875697,3292.00,0.05963644,0
1505853091,21875696,3292.00,0.01781219,0
1505853090,21875694,3292.00,0.00922719,0
1505853088,21875693,3292.00,0.01458760,0
1505853086,21875690,3292.00,0.29830802,0
1505853065,21875657,3291.99,0.14955866,0
1505853064,21875654,3285.98,0.00973928,1
1505853061,21875650,3292.00,0.00565297,0
1505853061,21875649,3291.99,0.19000000,0
1505853061,21875647,3291.98,0.15673375,0
1505853061,21875646,3291.74,0.01064798,0
1505853061,21875645,3291.00,0.07273269,0
1505853054,21875641,3291.00,0.26588239,0
1505853054,21875640,3290.99,0.13411761,0
1505853052,21875638,3290.99,0.24248022,0
1505853044,21875631,3290.99,0.01234886,0
1505853042,21875630,3290.98,0.02129597,0
1505853031,21875623,3290.99,0.02846051,0
1505853027,21875621,3291.00,0.00077173,0
1505853027,21875620,3290.97,0.01381160,0
1505853025,21875617,3290.97,0.02878034,0
1505853014,21875596,3291.00,0.05675612,0
1505853014,21875594,3290.99,0.08518388,0
1505853012,21875591,3291.00,0.30385707,0
1505853007,21875583,3290.99,0.14194022,0
1505853007,21875582,3290.98,0.17036775,0
1505852984,21875537,3291.90,0.02991940,0
1505852979,21875531,3291.91,0.01135479,0
1505852977,21875519,3267.16,0.42541217,1
1505852977,21875518,3267.17,0.04000000,1
1505852977,21875517,3271.51,0.32458783,1
1505852977,21875516,3273.90,2.00000000,1
1505852977,21875515,3273.91,0.21000000,1
1505852969,21875487,3292.00,0.15117568,0
1505852968,21875486,3291.98,0.02787519,0
1505852968,21875485,3291.96,0.18000000,0
1505852968,21875484,3291.94,0.85000000,1
1505852967,21875476,3281.19,0.00566367,0
1505852965,21875472,3281.19,0.03303443,0
1505852964,21875468,3281.19,0.02981643,0
1505852960,21875460,3273.41,0.00155000,0
1505852951,21875444,3291.97,0.30301005,0
1505852945,21875437,3291.98,0.02787684,0
1505852941,21875423,3291.99,0.04973643,0
1505852941,21875422,3280.33,0.01067234,0
1505852933,21875406,3280.33,0.12500000,0
1505852925,21875394,3292.82,0.04495468,0
1505852923,21875389,3278.10,0.12994802,1
1505852915,21875378,3293.03,0.19181422,1
1505852915,21875377,3292.97,0.16728520,0
1505852915,21875376,3292.97,0.02271480,0
1505852914,21875374,3292.83,0.70146349,1
1505852914,21875373,3292.83,0.19714349,1
1505852914,21875372,3292.83,0.10139302,1
1505852913,21875370,3281.71,0.02530693,1
1505852913,21875369,3278.09,0.07084659,0
1505852911,21875368,3278.09,0.19781151,0
1505852910,21875366,3292.93,0.28924468,0
1505852910,21875365,3283.71,0.10000000,0
1505852910,21875364,3279.68,0.10000000,0
1505852909,21875363,3276.86,0.01614768,0
1505852909,21875362,3272.10,0.06000000,0
1505852909,21875360,3267.11,0.00646126,1
1505852909,21875359,3269.49,0.02151020,1
1505852897,21875322,3267.00,0.64513708,0
1505852896,21875317,3266.01,0.09523285,1
1505852894,21875309,3267.00,0.13002448,0
1505852891,21875291,3267.00,0.04483844,0
1505852891,21875290,3267.00,1.47145640,0
1505852890,21875289,3266.99,0.03229536,0
1505852889,21875280,3267.00,0.16302883,0
1505852885,21875263,3267.00,0.35025000,0
1505852885,21875262,3267.00,0.01526477,0
1505852884,21875260,3263.00,0.02000000,1
1505852884,21875259,3266.00,0.02000000,1
1505852883,21875257,3266.00,0.88000000,0
1505852878,21875235,3265.20,0.68000000,0
1505852878,21875234,3265.00,0.89000000,0
1505852878,21875231,3264.00,0.93000000,0
1505852878,21875230,3263.00,0.86970000,0
1505852874,21875222,3263.00,0.10030000,0
1505852874,21875221,3262.00,0.06459072,0
1505852870,21875212,3262.00,0.84540928,0
1505852870,21875210,3261.99,0.06459072,0
1505852866,21875201,3261.00,0.81000000,0
1505852866,21875200,3260.01,1.36200000,0
1505852866,21875198,3260.00,0.70000000,0
1505852866,21875196,3259.91,3.00000000,0
1505852855,21875171,3255.20,0.55114934,0
1505852855,21875170,3255.00,0.48196487,0
1505852855,21875169,3255.00,0.14800000,0
1505852842,21875153,3250.00,0.21698183,1
1505852836,21875144,3255.00,0.00836000,0
1505852834,21875135,3250.00,0.37395077,1
1505852826,21875119,3255.00,0.16495513,0
1505852808,21875100,3250.00,0.76697119,0
1505852805,21875098,3250.00,0.36803421,1
1505852805,21875097,3254.99,0.03775000,0
1505852793,21875077,3255.00,0.00836000,0
1505852792,21875075,3250.00,0.18197943,1
1505852784,21875069,3254.99,0.05294330,0
1505852782,21875067,3250.00,0.45000000,1
1505852762,21875048,3250.00,0.25296769,0
1505852761,21875044,3250.00,1.00000000,0
1505852755,21875042,3250.00,1.00000000,0
1505852752,21875035,3250.00,0.00837000,0
1505852750,21875033,3250.00,0.09545231,0
1505852747,21875031,3250.00,0.02728432,0
1505852745,21875030,3250.00,0.02928207,0
1505852744,21875025,3245.48,2.28513679,1
1505852743,21875024,3245.48,0.10448321,1
1505852743,21875023,3245.93,0.01000000,1
1505852739,21875017,3250.00,0.62248661,0
1505852724,21875007,3250.00,0.29276143,0
1505852724,21875006,3250.00,0.39167976,0
1505852715,21874993,3250.00,0.06039568,0
1505852712,21874986,3250.00,0.00837000,0
1505852707,21874983,3250.00,1.00000000,0
1505852704,21874969,3250.00,0.15019936,0
1505852687,21874951,3250.00,0.06075077,0
1505852669,21874942,3255.00,0.00836000,0
1505852634,21874896,3249.99,0.10702153,0
1505852630,21874886,3249.99,0.00837000,0
1505852629,21874883,3254.99,0.44012382,0
1505852629,21874882,3250.50,0.01400734,0
1505852629,21874881,3250.00,0.20000000,0
1505852625,21874869,3250.50,0.12057529,0
1505852624,21874868,3250.00,0.07232568,1
1505852623,21874866,3250.00,0.11400273,0
1505852604,21874848,3250.50,0.52761414,0
1505852604,21874847,3250.00,0.47238586,0
1505852598,21874843,3250.50,1.00000000,0
1505852598,21874842,3246.00,1.00000000,0
1505852590,21874834,3250.49,0.00837000,0
1505852584,21874832,3250.50,0.56673066,0
1505852584,21874831,3250.49,0.50056442,0
1505852584,21874830,3250.00,0.00814827,0
1505852571,21874816,3250.00,0.01685173,1
1505852566,21874813,3250.00,0.02500000,1
1505852565,21874809,3241.03,0.34719600,1
1505852562,21874804,3250.00,0.01963499,0
1505852562,21874802,3250.00,0.02218520,0
1505852557,21874797,3240.05,0.00904343,1
1505852545,21874784,3250.00,0.00837000,0
1505852537,21874780,3240.00,1.84686564,1
1505852537,21874779,3240.00,0.05000000,1
1505852537,21874778,3240.00,0.39161342,1
1505852537,21874777,3240.00,0.08380000,1
1505852537,21874776,3240.00,1.00000000,1
1505852537,21874775,3240.00,0.29500000,1
1505852536,21874774,3240.01,0.11000000,0
1505852536,21874773,3240.82,0.70792305,1
1505852536,21874772,3240.88,0.00839949,1
1505852536,21874770,3240.90,0.02000000,1
1505852535,21874767,3244.00,0.18964184,1
1505852535,21874766,3245.00,0.18000000,1
1505852533,21874765,3246.00,0.94675656,1
1505852530,21874764,3250.00,0.06222675,0
1505852530,21874763,3250.00,0.10466027,0
1505852530,21874762,3250.00,0.83620307,0
1505852514,21874746,3246.00,0.57011172,1
1505852514,21874745,3246.01,0.02588828,1
1505852508,21874742,3250.00,0.00837000,0
1505852507,21874741,3250.00,0.02952898,0
1505852490,21874724,3246.00,0.03548614,1
1505852480,21874685,3246.00,0.15400000,1
1505852468,21874680,3250.00,0.00837000,0
1505852462,21874678,3246.00,0.29364558,1
1505852462,21874677,3247.80,0.36339743,1
1505852460,21874669,3249.27,0.01279681,1
1505852452,21874665,3249.27,0.11000000,1
1505852436,21874653,3250.00,0.12573100,0
1505852431,21874647,3250.00,0.03016034,0
1505852428,21874644,3250.00,0.76163661,1
1505852425,21874643,3250.50,0.04435021,0
1505852421,21874641,3250.50,0.00837000,0
1505852418,21874635,3250.00,0.21528400,1
1505852411,21874623,3250.00,1.00000000,1
1505852405,21874585,3250.01,0.03032554,0
1505852392,21874543,3250.01,0.07689251,1
1505852386,21874536,3250.50,0.05001384,0
1505852385,21874534,3250.00,0.01000000,1
1505852381,21874526,3250.50,0.00837000,0
1505852373,21874506,3250.50,1.00000000,0
1505852359,21874481,3250.00,0.35310461,1
1505852359,21874480,3250.00,0.90784441,1
1505852359,21874478,3250.01,0.14000000,1
1505852346,21874441,3250.49,0.02880561,0
1505852343,21874437,3250.50,0.07638076,0
1505852342,21874434,3250.00,0.32698900,1
1505852340,21874425,3250.49,0.00837000,0
1505852336,21874420,3250.50,0.02575760,0
1505852332,21874414,3250.50,0.06137517,0
1505852330,21874411,3250.50,0.08343000,0
1505852326,21874406,3250.00,0.79148002,1
1505852326,21874405,3250.00,0.20000000,1
1505852326,21874404,3250.00,0.84851998,1
1505852325,21874403,3250.01,0.16000000,1
1505852325,21874402,3250.00,0.10000000,1
1505852324,21874401,3250.00,0.05148002,1
1505852324,21874400,3250.00,0.05000000,1
1505852324,21874399,3250.00,0.32851998,1
1505852323,21874398,3250.00,0.17148002,1
1505852323,21874397,3250.00,0.10000000,1
1505852323,21874396,3250.00,0.09207692,1
1505852323,21874395,3250.00,0.10000000,1
1505852323,21874394,3250.00,0.43644306,1
1505852320,21874391,3250.00,0.54832694,1
1505852320,21874390,3250.00,0.06140064,1
1505852320,21874389,3250.00,0.05397646,1
1505852318,21874388,3250.00,0.03500000,1
1505852318,21874387,3250.00,0.45000000,1
1505852318,21874386,3250.00,0.22832509,1
1505852318,21874385,3250.00,0.07167491,1
1505852315,21874382,3250.00,0.05332509,1
1505852315,21874381,3250.00,0.09696200,1
1505852315,21874379,3250.00,0.05303800,1
1505852315,21874378,3250.00,0.15347000,1
1505852315,21874377,3250.00,0.50000000,1
1505852315,21874376,3250.00,0.10000000,1
1505852315,21874375,3250.00,0.00300000,1
1505852314,21874374,3250.00,0.05000000,1
1505852313,21874373,3250.02,0.10500000,1
1505852313,21874372,3250.02,0.01000000,1
1505852311,21874369,3250.02,0.05500000,0
1505852311,21874368,3250.10,0.05000000,1
1505852309,21874365,3250.50,0.41302499,1
1505852305,21874364,3251.65,0.00888117,0
1505852297,21874361,3251.65,0.00837000,0
1505852293,21874354,3251.65,0.03622230,0
1505852291,21874353,3251.65,0.13194780,0
1505852287,21874349,3251.65,0.08896994,0
1505852284,21874345,3250.50,0.02538101,1
1505852283,21874342,3251.65,0.17487106,0
1505852282,21874340,3250.50,0.21159400,1
1505852272,21874333,3250.58,0.02000000,1
1505852272,21874332,3251.00,0.03932856,1
1505852268,21874325,3251.65,0.13193998,0
1505852266,21874319,3251.65,0.02943657,0
1505852264,21874318,3251.65,0.09053593,1
1505852264,21874317,3251.70,0.05101322,1
1505852264,21874316,3251.97,0.31752768,1
1505852259,21874312,3260.00,0.00835000,0
1505852249,21874305,3251.70,0.05100000,1
1505852228,21874287,3251.65,0.15647600,1
1505852227,21874285,3251.65,0.12111500,1
1505852227,21874284,3252.12,0.03188500,1
1505852227,21874283,3252.12,0.12143281,1
1505852226,21874282,3260.00,0.00013624,1
1505852225,21874279,3267.02,0.02598878,0
1505852223,21874274,3260.00,0.00823376,1
1505852217,21874255,3253.00,0.06452400,1
1505852215,21874252,3253.00,0.03547600,1
1505852215,21874251,3253.06,0.00700000,1
1505852214,21874248,3253.09,0.15196808,1
1505852214,21874246,3254.51,0.04649845,1
1505852213,21874244,3254.51,0.01850155,1
1505852204,21874217,3254.51,0.54500000,1
1505852175,21874182,3267.69,0.15013460,0
1505852170,21874180,3267.73,0.46949576,0
1505852170,21874179,3255.00,2.10110423,0
1505852161,21874168,3255.00,0.05299620,0
1505852159,21874164,3255.00,0.00836000,0
1505852128,21874147,3255.00,0.02970523,0
1505852122,21874138,3255.00,0.20798700,0
1505852121,21874137,3255.00,0.02590020,0
1505852119,21874129,3255.00,0.00836000,0
1505852118,21874127,3255.00,0.02443951,1
1505852117,21874126,3255.30,0.10000000,1
1505852117,21874125,3256.86,0.19114763,1
1505852113,21874123,3256.86,1.00735179,1
1505852095,21874101,3256.86,0.25000000,1
1505852095,21874100,3256.95,1.00000000,1
1505852085,21874093,3267.65,0.02530689,0
1505852070,21874073,3267.68,0.89752930,0
1505852070,21874072,3260.00,0.10555269,0
1505852062,21874071,3260.00,0.02467200,0
1505852062,21874069,3260.00,0.02447852,0
1505852056,21874062,3256.86,0.62942794,1
1505852055,21874057,3256.87,0.67057206,1
1505852046,21874040,3260.00,0.58250910,0
1505852036,21874019,3260.00,0.00835000,0
1505852034,21874018,3260.00,0.04561507,0
1505852033,21874017,3260.00,1.00000000,1
1505852033,21874016,3260.17,0.04561507,1
1505852033,21874013,3260.17,0.02000000,1
1505852033,21874011,3262.32,0.14320755,1
1505852032,21874009,3262.32,0.29753290,0
1505852019,21873981,3262.32,0.38274315,0
1505852018,21873980,3261.00,0.61725685,0
1505851995,21873973,3261.00,0.29151300,0
1505851992,21873966,3261.00,0.09123015,1
1505851991,21873965,3261.00,1.00000000,1
1505851985,21873949,3262.32,0.02880570,0
1505851982,21873945,3262.32,2.40376631,0
1505851975,21873933,3262.32,0.16152900,0
1505851962,21873928,3262.32,0.04741890,0
1505851957,21873922,3262.32,0.21508409,0
1505851942,21873919,3261.50,0.00242350,1
1505851942,21873918,3261.50,0.00338117,1
1505851939,21873916,3261.50,0.00661883,1
1505851938,21873915,3262.32,0.02800000,0
1505851932,21873909,3262.32,0.01823615,0
1505851930,21873908,3262.32,0.18488380,0
1505851927,21873907,3262.32,0.23200000,1
1505851899,21873886,3267.69,0.01678050,0
1505851896,21873884,3262.32,0.25000000,1
1505851875,21873872,3267.98,0.08418537,0
1505851874,21873871,3267.89,0.14993322,0
1505851868,21873865,3268.00,1.44597721,0
1505851868,21873864,3267.91,0.03402279,0
1505851817,21873833,3269.59,0.14800761,0
1505851817,21873832,3269.59,0.22175998,0
1505851815,21873828,3270.00,2.77824002,1
1505851815,21873826,3270.00,0.19981300,1
1505851813,21873818,3270.00,0.32058894,1
1505851807,21873815,3270.23,0.01126718,0
1505851796,21873802,3262.32,0.01800000,1
1505851754,21873760,3270.42,0.08762530,0
1505851754,21873759,3270.42,0.98031399,0
1505851753,21873758,3270.42,0.05195101,1
1505851753,21873757,3270.42,0.06804557,0
1505851747,21873753,3270.45,0.02305062,0
1505851745,21873747,3270.46,0.02883199,0
1505851745,21873746,3270.46,0.07014915,0
1505851734,21873729,3260.01,0.25000000,1
1505851722,21873719,3270.75,0.01976776,0
1505851683,21873644,3260.16,0.10088500,1
1505851678,21873637,3271.40,0.04372305,0
1505851669,21873632,3260.03,0.03851415,1
1505851662,21873625,3271.58,0.10566322,0
1505851654,21873620,3265.02,0.38292965,0
1505851651,21873610,3260.00,3.52470512,0
1505851647,21873606,3260.00,0.00835000,0
1505851646,21873605,3260.00,0.29432760,0
1505851632,21873593,3259.80,0.07575400,0
1505851632,21873592,3256.87,0.10100000,0
1505851632,21873589,3256.86,0.00568421,1
1505851630,21873586,3256.88,0.14900000,1
1505851626,21873580,3260.00,0.00270435,0
1505851624,21873576,3260.00,0.16991293,0
1505851615,21873553,3264.03,1.08539200,0
1505851614,21873552,3264.00,0.22000000,0
1505851614,21873551,3259.80,0.05833596,0
1505851613,21873548,3256.86,0.06638843,1
1505851612,21873546,3258.19,0.07902057,0
1505851612,21873544,3258.65,0.06122167,1
1505851612,21873542,3259.14,0.15303117,1
1505851611,21873541,3259.44,0.05317102,0
1505851611,21873540,3259.44,0.00695810,1
1505851609,21873539,3259.80,0.05317102,1
1505851609,21873538,3259.80,0.02703802,1
1505851603,21873527,3260.60,0.10634205,0
1505851603,21873526,3260.60,0.20206447,0
1505851600,21873521,3260.00,1.03476380,1
1505851600,21873519,3260.00,0.30599386,1
1505851600,21873517,3260.95,0.08000000,1
1505851600,21873516,3261.01,0.25000000,1
1505851600,21873515,3261.62,0.21103366,1
1505851600,21873513,3263.03,0.02512261,1
1505851598,21873512,3263.03,0.18756147,0
1505851595,21873511,3263.03,0.04243853,1
1505851595,21873510,3263.03,0.02000000,1
1505851583,21873501,3264.04,0.05678699,0
1505851581,21873500,3264.04,0.08487705,1
1505851581,21873499,3264.04,0.05000000,1
1505851567,21873486,3274.80,0.01218395,0
1505851564,21873480,3264.00,0.00191056,0
1505851563,21873477,3264.79,0.17166467,1
1505851563,21873476,3264.79,0.07642477,1
1505851547,21873450,3265.02,0.02043194,1
1505851546,21873449,3265.01,0.12018001,0
1505851546,21873447,3265.01,0.02981999,0
1505851544,21873446,3265.02,0.10000000,1
1505851541,21873443,3275.32,0.01862242,0
1505851541,21873440,3275.32,2.34414694,0
1505851541,21873438,3275.30,0.13885855,0
1505851541,21873437,3275.09,0.26000000,0
1505851541,21873435,3275.07,1.07442500,0
1505851540,21873433,3275.00,1.35000000,0
1505851540,21873430,3275.00,0.65000000,0
1505851530,21873417,3275.10,0.01522702,0
1505851515,21873390,3275.30,0.13714915,0
1505851515,21873389,3270.00,1.26359956,0
1505851515,21873388,3265.05,0.09925129,0
1505851514,21873387,3265.05,0.02541560,0
1505851513,21873384,3265.05,0.12533311,1
1505851512,21873383,3270.00,0.05875984,0
1505851511,21873382,3270.00,0.07137380,0
1505851506,21873370,3270.00,0.72872711,0
1505851503,21873367,3270.00,0.29398596,0
1505851501,21873357,3270.00,0.43493287,0
1505851501,21873354,3270.00,0.15285783,0
1505851499,21873353,3265.04,0.12433378,1
1505851499,21873352,3265.04,0.02573739,1
1505851498,21873351,3265.05,0.10000000,1
1505851486,21873329,3275.10,0.15228543,0
1505851482,21873323,3275.10,0.07508000,0
1505851478,21873316,3275.10,1.31858264,0
1505851472,21873299,3265.00,0.07229800,0
1505851472,21873298,3265.00,0.00270200,0
1505851470,21873294,3265.00,0.12500000,1
1505851470,21873293,3265.00,0.05000000,1
1505851468,21873292,3275.10,0.01827375,0
1505851451,21873269,3275.30,0.02408179,0
1505851451,21873268,3275.30,0.25203632,0
1505851447,21873265,3275.30,0.26516522,0
1505851446,21873261,3275.30,0.20734091,0
1505851446,21873260,3275.00,0.38929467,0
1505851444,21873256,3269.00,0.20520211,0
1505851442,21873247,3269.00,0.07819201,0
1505851442,21873245,3265.00,0.20520257,0
1505851440,21873233,3266.33,0.15150000,1
1505851436,21873213,3266.35,0.02930636,1
1505851436,21873212,3268.25,0.00400000,1
1505851436,21873211,3268.25,0.10000000,1
1505851436,21873210,3270.00,0.01000000,1
1505851436,21873209,3270.00,0.24500000,1
1505851436,21873208,3270.00,0.26954393,1
1505851427,21873201,3270.00,0.00345607,1
1505851427,21873200,3270.00,0.20000000,1
1505851426,21873199,3270.00,0.15000000,1
1505851426,21873198,3270.00,0.30500000,1
1505851426,21873197,3270.00,0.20000000,1
1505851426,21873196,3270.00,0.05041083,1
1505851426,21873195,3270.17,0.09113310,1
1505851419,21873192,3270.17,0.00886690,1
1505851418,21873191,3274.06,0.06093352,1
1505851404,21873181,3275.00,0.01939752,0
1505851403,21873179,3275.00,0.00022876,1
1505851389,21873155,3283.90,0.01041574,0
1505851389,21873154,3283.89,0.25306591,0
1505851376,21873136,3275.00,0.01477124,1
1505851376,21873134,3275.00,0.00350000,1
1505851376,21873133,3275.00,0.30400000,1
1505851375,21873132,3275.00,0.24961860,1
1505851371,21873124,3275.00,0.25000000,1
1505851358,21873101,3275.00,0.27314878,1
1505851358,21873100,3275.01,0.10000000,1
1505851351,21873080,3276.00,0.24560000,1
1505851350,21873077,3276.03,0.08764423,1
1505851350,21873076,3276.04,0.07831073,1
1505851339,21873052,3276.03,0.25000000,1
1505851325,21873018,3280.00,1.12761668,1
1505851325,21873012,3280.00,0.00232506,1
1505851324,21873004,3280.00,0.00232929,1
1505851324,21873000,3280.00,0.00282139,1
1505851306,21872978,3289.97,0.01997657,0
1505851297,21872970,3280.00,0.17300000,1
1505851285,21872961,3292.99,0.26536678,0
1505851280,21872960,3277.00,0.05117940,0
1505851279,21872959,3277.00,0.02582060,0
1505851278,21872958,3276.13,0.53778931,0
1505851277,21872957,3277.00,0.14921069,1
1505851276,21872956,3293.07,0.07831073,0
1505851270,21872954,3277.00,0.25493944,0
1505851268,21872950,3277.00,0.06508793,0
1505851264,21872945,3277.00,0.50000000,1
1505851264,21872944,3277.80,0.17997263,1
1505851257,21872934,3277.80,0.15000000,1
1505851256,21872931,3293.20,0.00187782,0
1505851256,21872930,3292.67,0.28000000,0
1505851256,21872929,3283.28,0.02054052,0
1505851256,21872928,3280.00,0.69758166,0
1505851233,21872916,3277.80,0.12002737,1
1505851233,21872915,3278.00,0.10000000,1
1505851233,21872914,3278.98,0.07997263,1
1505851226,21872910,3280.00,0.10000000,1
1505851215,21872897,3281.00,1.00000000,0
1505851213,21872895,3281.00,0.15201158,0
1505851211,21872894,3280.99,0.25000000,1
1505851209,21872888,3281.00,0.55451386,0
1505851209,21872885,3281.00,0.11440858,0
1505851207,21872884,3280.98,0.02313285,0
1505851187,21872868,3281.34,0.02130000,1
1505851186,21872867,3293.10,0.00842150,0
1505851169,21872862,3281.00,0.00445948,0
1505851164,21872861,3281.00,0.22500000,0
1505851161,21872859,3281.05,0.02054052,1
1505851145,21872852,3293.25,0.02786609,0
1505851144,21872848,3283.22,0.02310742,1
1505851144,21872846,3283.23,0.02384226,1
1505851113,21872794,3293.25,0.04699627,0
1505851113,21872793,3293.24,0.94836800,0
1505851113,21872792,3288.00,0.00463573,0
1505851106,21872789,3283.30,0.19419030,1
1505851106,21872788,3283.30,0.05580970,1
1505851098,21872783,3288.00,0.00154197,0
1505851088,21872776,3288.00,0.02935697,0
1505851087,21872775,3288.00,0.01470513,0
1505851085,21872774,3288.00,0.02976020,0
1505851083,21872772,3283.23,0.17000000,1
1505851066,21872765,3293.24,0.01097923,0
1505851064,21872764,3293.24,0.08609751,0
1505851033,21872751,3293.24,0.00473124,0
1505850995,21872730,3293.24,0.15029999,0
1505850966,21872661,3293.25,0.00877944,0
1505850964,21872659,3293.25,0.02142206,0
1505850962,21872655,3294.18,0.46018432,0
1505850961,21872653,3293.25,0.19703953,0
1505850960,21872652,3289.11,0.02054119,0
1505850886,21872550,3288.60,0.23567789,0
1505850838,21872504,3288.99,0.11927658,0
1505850825,21872500,3286.77,0.02850115,0
1505850822,21872498,3286.85,0.08461515,0
1505850822,21872497,3286.85,0.37060794,0
1505850817,21872485,3286.70,0.01810236,0
1505850792,21872449,3291.41,0.17096168,1
1505850791,21872448,3291.41,0.74840193,0
1505850791,21872446,3291.38,0.59595353,0
1505850773,21872433,3276.60,0.59595353,1
1505850769,21872430,3294.18,0.19706269,0
1505850764,21872429,3294.26,0.02908073,0
1505850748,21872410,3276.03,0.11873816,1
1505850747,21872409,3276.13,0.22000000,1
1505850747,21872408,3276.13,0.36341323,0
1505850747,21872407,3279.00,0.46899870,1
1505850747,21872406,3280.00,0.20000000,1
1505850746,21872404,3280.44,0.02515440,1
1505850746,21872401,3286.00,0.05949178,1
1505850746,21872400,3286.00,0.30000000,1
1505850744,21872399,3286.85,0.05808905,1
1505850744,21872398,3286.85,0.04212543,1
1505850744,21872397,3286.85,0.14398925,1
1505850729,21872388,3287.01,1.56465179,1
1505850713,21872363,3287.01,0.33673242,1
1505850712,21872361,3287.01,0.09861579,1
1505850710,21872359,3288.50,0.20785132,1
1505850707,21872346,3288.50,0.70885074,1
1505850707,21872345,3288.52,0.00303006,1
1505850706,21872333,3288.52,0.09544186,1
1505850706,21872332,3292.63,0.00302797,1
1505850686,21872311,3294.90,1.45918232,0
1505850659,21872293,3288.52,0.40152808,1
1505850611,21872262,3302.78,0.04526511,0
1505850605,21872254,3288.59,0.67881756,1
1505850604,21872251,3288.61,0.03636794,1
1505850586,21872239,3302.99,0.44786693,0
1505850579,21872236,3303.68,0.00322095,0
1505850575,21872231,3303.79,0.12077038,0
1505850560,21872218,3303.99,0.61168187,0
1505850560,21872217,3295.00,0.01471813,0
1505850545,21872212,3288.50,0.08329794,1
1505850545,21872211,3290.98,1.00000000,1
1505850543,21872209,3290.99,1.00311894,1
1505850543,21872208,3304.10,0.01358312,1
1505850541,21872206,3304.10,0.02498624,0
1505850536,21872205,3302.93,0.19654064,1
1505850532,21872204,3304.20,4.51012569,0
1505850532,21872203,3302.94,0.02512917,0
1505850531,21872202,3301.22,0.02513350,0
1505850531,21872201,3300.00,0.10434002,0
1505850529,21872199,3299.90,2.00000000,0
1505850524,21872196,3295.00,0.01147192,1
1505850524,21872195,3295.00,0.17700000,1
1505850511,21872192,3299.99,0.07000000,0
1505850507,21872189,3300.00,0.01695779,0
1505850507,21872188,3300.00,0.56735433,0
1505850506,21872187,3299.08,0.02850000,0
1505850506,21872186,3299.00,0.31769364,0
1505850504,21872185,3299.00,0.03230636,0
1505850504,21872184,3295.00,0.11094879,0
1505850504,21872183,3294.99,0.14900000,0
1505850444,21872161,3299.07,0.01425569,0
1505850434,21872153,3299.90,0.18558456,0
1505850424,21872140,3299.92,0.01282825,0
1505850420,21872136,3299.93,0.07087345,0
1505850420,21872135,3299.93,0.11025315,0
1505850404,21872105,3299.98,0.02289630,0
1505850378,21872070,3299.99,0.01815131,0
1505850378,21872068,3299.99,0.00000303,0
1505850377,21872067,3299.49,0.19674254,1
1505850375,21872065,3299.99,0.00270000,0
1505850357,21872052,3295.00,0.31960974,0
1505850341,21872044,3295.00,0.01815126,0
1505850332,21872037,3290.01,0.04000000,1
1505850324,21872032,3295.00,0.02864473,0
1505850313,21872023,3295.00,0.01543854,0
1505850305,21872020,3290.01,0.06000000,1
1505850305,21872019,3295.00,0.06962671,0
1505850298,21872015,3290.03,0.11000000,0
1505850275,21871998,3290.31,0.03958362,0
1505850275,21871995,3290.31,0.19721559,0
1505850275,21871994,3290.00,0.10000000,0
1505850275,21871993,3290.00,1.66320079,0
1505850274,21871992,3290.00,0.01515805,0
1505850265,21871988,3290.00,0.03439634,0
1505850253,21871982,3290.00,0.28724482,0
1505850251,21871981,3289.99,0.01076288,0
1505850240,21871973,3287.00,0.29129977,0
1505850238,21871971,3287.00,0.23838917,0
1505850238,21871970,3287.00,0.17569820,0
1505850234,21871922,3287.00,0.09103742,0
1505850229,21871913,3287.00,0.57256863,0
1505850227,21871912,3287.00,0.11859754,0
1505850226,21871907,3287.00,0.28968968,0
1505850218,21871890,3287.00,0.02456647,0
1505850208,21871870,3287.00,0.59000000,0
1505850193,21871857,3287.00,0.10805312,0
1505850193,21871856,3286.00,0.85194688,0
1505850193,21871855,3285.99,0.04000000,0
1505850184,21871848,3279.00,0.09362694,1
1505850173,21871824,3286.00,0.06682166,0
1505850171,21871820,3286.00,0.06682166,0
1505850169,21871815,3286.00,0.42994522,0
1505850168,21871814,3285.99,0.02152576,0
1505850166,21871809,3286.00,0.13364333,0
1505850157,21871774,3286.00,0.35082125,0
1505850157,21871773,3286.00,0.60612723,0
1505850157,21871772,3285.99,0.04305152,0
1505850147,21871757,3286.00,0.04413325,0
1505850147,21871752,3286.00,0.45560000,0
1505850147,21871751,3286.00,0.05957375,0
1505850143,21871735,3275.49,0.40110014,1
1505850142,21871734,3276.00,0.02836551,1
1505850142,21871730,3276.02,0.02565113,1
1505850124,21871692,3276.00,0.02163449,1
1505850124,21871691,3278.00,0.00700000,1
1505850124,21871690,3278.02,0.02563548,1
1505850098,21871679,3286.00,0.21201460,0
1505850087,21871662,3285.99,0.20724743,1
1505850087,21871661,3285.99,0.11345108,1
1505850077,21871643,3285.99,0.06248609,1
1505850076,21871641,3286.00,0.02255117,0
1505850071,21871639,3285.99,0.28000000,0
1505850071,21871638,3285.98,0.08610304,0
1505850065,21871634,3278.03,0.02598993,1
1505850065,21871633,3280.00,0.15000000,1
1505850061,21871629,3285.99,0.01025000,0
1505850054,21871619,3286.00,0.50000000,0
1505850015,21871589,3285.89,0.10025000,0
1505850000,21871572,3286.87,0.10127883,0
1505849998,21871571,3289.00,0.07789848,0
1505849998,21871570,3289.00,0.12394040,0
1505849996,21871569,3277.00,0.18000000,0
1505849988,21871559,3277.79,0.07000000,1
1505849979,21871551,3286.87,0.35000000,0
1505849976,21871547,3289.99,0.07579658,0
1505849963,21871535,3289.49,0.10458009,0
1505849963,21871534,3289.46,0.06702790,0
1505849963,21871533,3289.45,0.31252637,0
1505849946,21871517,3289.58,0.00847130,0
1505849945,21871516,3289.60,0.43081961,0
1505849937,21871510,3286.58,0.01381221,0
1505849927,21871502,3286.57,0.01113624,0
1505849925,21871497,3286.59,0.02962525,0
1505849907,21871491,3286.78,0.11448432,0
1505849891,21871472,3289.79,0.00299715,0
1505849846,21871396,3285.87,0.01176955,0
1505849840,21871389,3285.96,0.04543849,0
1505849834,21871366,3285.90,0.33658085,0
1505849733,21871274,3275.00,0.47388663,1
1505849733,21871273,3275.31,0.10000000,1
1505849733,21871272,3275.45,0.10000000,1
1505849731,21871270,3277.00,0.35712679,1
1505849731,21871269,3277.00,0.16530668,1
1505849708,21871247,3287.49,0.06968439,0
1505849706,21871243,3277.00,0.07011239,0
1505849706,21871242,3277.00,0.02904009,0
1505849704,21871234,3277.00,0.05092957,0
1505849696,21871227,3277.00,0.10000000,1
1505849696,21871226,3287.68,0.01213622,0
1505849635,21871184,3288.29,0.48874860,0
1505849635,21871183,3288.28,0.46800000,0
1505849623,21871172,3289.00,0.05146549,1
1505849621,21871168,3289.48,0.01716405,0
1505849615,21871156,3289.58,0.16722581,0
1505849577,21871116,3289.87,0.01270680,0
1505849576,21871114,3289.84,0.26075799,0
1505849576,21871113,3277.00,0.00877065,0
1505849572,21871107,3277.00,0.27500000,0
1505849560,21871093,3275.00,0.75334599,1
1505849559,21871092,3275.00,0.10000000,1
1505849559,21871091,3276.26,0.11731814,0
1505849559,21871090,3276.26,1.00420670,0
1505849557,21871088,3283.73,0.02512917,1
1505849553,21871078,3290.80,0.19726510,0
1505849549,21871073,3290.84,0.21976354,0
1505849530,21871054,3275.10,0.39133511,1
1505849525,21871041,3280.00,0.13989329,0
1505849521,21871026,3280.00,0.22808537,0
1505849520,21871020,3280.00,0.00153354,0
1505849509,21870998,3280.00,0.07540629,0
1505849508,21870995,3275.01,0.07320324,1
1505849508,21870994,3275.10,0.03473176,1
1505849507,21870993,3275.11,0.10506500,1
1505849507,21870992,3277.64,0.03000000,1
1505849504,21870942,3280.00,0.04879202,0
1505849498,21870939,3275.11,0.39493500,1
1505849492,21870932,3276.00,0.00691795,1
1505849484,21870921,3280.00,0.10025000,0
1505849482,21870915,3277.33,0.12358132,1
1505849482,21870914,3277.40,0.17973266,1
1505849482,21870913,3278.00,0.02375142,1
1505849471,21870899,3278.00,0.12493405,1
1505849468,21870894,3280.00,0.05000000,0
1505849458,21870883,3280.00,0.03753298,0
1505849458,21870881,3280.00,0.20000000,1
1505849458,21870880,3280.00,0.11000000,1
1505849458,21870879,3280.00,0.35720288,1
1505849458,21870878,3280.01,0.03753298,1
1505849438,21870843,3281.00,0.07506595,0
1505849438,21870841,3281.00,0.05000000,1
1505849415,21870829,3289.90,0.04683955,0
1505849415,21870828,3289.89,0.83610300,0
1505849415,21870827,3289.89,0.11455191,0
1505849402,21870815,3289.99,0.01217146,0
1505849391,21870812,3290.10,1.00000000,0
1505849389,21870811,3280.00,0.64279712,0
1505849386,21870809,3280.00,0.08545375,0
1505849379,21870790,3280.00,0.03180269,0
1505849379,21870789,3280.00,0.24184489,0
1505849378,21870787,3280.00,0.03123171,0
1505849371,21870784,3280.00,0.02974366,0
1505849365,21870780,3280.00,0.02516049,0
1505849361,21870776,3280.00,0.01129488,0
1505849356,21870768,3280.00,0.03065026,0
1505849351,21870758,3280.00,0.11712000,0
1505849333,21870720,3280.00,0.00392182,0
1505849333,21870719,3280.00,0.02107818,0
1505849312,21870697,3280.00,0.04000000,1
1505849302,21870681,3278.00,0.10131453,1
1505849302,21870680,3279.00,0.24983497,1
1505849301,21870679,3280.00,0.00913259,1
1505849301,21870678,3280.00,0.02000000,1
1505849301,21870677,3280.00,0.06353892,1
1505849301,21870676,3281.89,0.00617899,1
1505849299,21870674,3290.50,0.92077496,0
1505849292,21870661,3290.60,0.01970157,0
1505849286,21870646,3290.69,0.02849002,0
1505849285,21870641,3281.89,0.04382101,1
1505849285,21870640,3282.00,0.01155455,1
1505849270,21870582,3282.00,0.11344545,0
1505849269,21870577,3282.00,0.00766890,0
1505849267,21870573,3282.00,0.03647166,1
1505849263,21870571,3293.90,0.14761249,0
1505849258,21870563,3293.99,0.00186683,1
1505849256,21870557,3284.28,0.00049411,0
1505849252,21870554,3284.28,0.24950589,0
1505849247,21870548,3283.00,0.71656953,1
1505849247,21870547,3283.12,0.14819462,1
1505849247,21870544,3283.13,0.02513350,1
1505849229,21870507,3291.00,0.03030993,0
1505849225,21870499,3291.00,0.03614402,0
1505849223,21870491,3290.86,0.27000000,0
1505849219,21870460,3291.00,0.00646004,0
1505849219,21870458,3289.00,0.00870219,0
1505849217,21870445,3289.00,0.25000000,1
1505849217,21870443,3290.00,2.00000000,1
1505849217,21870441,3290.00,0.12129781,1
1505849216,21870440,3290.00,0.20000000,1
1505849213,21870434,3290.50,0.25000000,1
1505849205,21870415,3291.00,0.01950000,1
1505849204,21870414,3291.00,0.03050000,1
1505849197,21870384,3300.00,3.14848700,1
1505849196,21870382,3299.89,0.85151300,0
1505849192,21870370,3302.00,0.31674989,0
1505849192,21870369,3301.82,0.13417559,0
1505849191,21870368,3301.81,0.85142200,0
1505849190,21870367,3299.90,0.07025944,0
1505849190,21870366,3292.17,0.00228303,0
1505849184,21870346,3292.17,0.22500000,0
1505849181,21870341,3292.17,0.02271697,1
1505849178,21870334,3292.17,0.07728303,1
1505849165,21870295,3292.48,0.02801765,1
1505849164,21870294,3292.80,0.19698235,1
1505849164,21870293,3292.81,0.02500000,1
1505849164,21870292,3303.10,0.26147309,0
1505849163,21870287,3292.80,0.00488987,1
1505849161,21870271,3292.81,0.02530767,1
1505849145,21870241,3303.90,0.23627242,0
1505849144,21870237,3304.09,0.02840117,0
1505849140,21870233,3304.10,0.08365757,0
1505849132,21870214,3292.59,0.08403600,1
1505849130,21870213,3292.60,0.25000000,1
1505849116,21870181,3292.51,0.22271292,0
1505849114,21870173,3292.51,0.00321730,0
1505849113,21870172,3292.51,0.02406978,1
1505849105,21870167,3306.80,0.00925000,0
1505849104,21870163,3306.89,0.02505999,0
1505849094,21870146,3307.00,5.38498703,0
1505849088,21870105,3307.19,0.23011802,0
1505849045,21869934,3308.10,0.01586030,0
1505849038,21869921,3308.20,0.02991714,0
1505849038,21869918,3308.20,0.29128632,0
1505849025,21869884,3308.39,0.02666107,0
1505849019,21869879,3308.50,0.18925647,0
1505849019,21869878,3308.42,0.02129597,0
1505849019,21869877,3308.41,0.79635234,0
1505849005,21869835,3308.47,0.30760267,0
1505849002,21869830,3308.47,0.45000000,0
1505848999,21869811,3308.48,0.00904343,0
1505848993,21869793,3308.49,0.04135628,0
1505848985,21869766,3308.70,0.01289600,0
1505848976,21869746,3308.89,0.12671574,0
1505848975,21869743,3308.90,0.08529453,0
1505848965,21869706,3309.10,0.12115610,0
1505848964,21869705,3308.29,0.16616443,0
1505848964,21869704,3304.55,0.02500000,0
1505848959,21869693,3308.29,0.10383557,0
1505848959,21869691,3304.55,0.02407776,0
1505848959,21869689,3304.00,0.04259791,0
1505848958,21869682,3304.00,0.00973906,0
1505848958,21869681,3303.99,0.04259194,0
1505848951,21869652,3304.00,0.02944400,0
1505848945,21869638,3304.00,0.03137884,0
1505848945,21869637,3303.99,0.08518388,0
1505848933,21869565,3304.00,0.88684019,0
1505848932,21869556,3303.99,0.17036775,0
1505848925,21869520,3303.99,0.03163414,0
1505848885,21869425,3304.52,0.11595837,0
1505848884,21869421,3290.00,0.14029220,0
1505848883,21869419,3290.01,0.21897754,0
1505848883,21869416,3290.20,0.20000000,1
1505848883,21869414,3290.20,0.01781700,0
1505848882,21869411,3290.98,0.10000000,1
1505848882,21869406,3292.03,0.32291326,1
1505848879,21869391,3304.58,0.01509420,1
1505848879,21869388,3304.59,0.01020496,1
1505848878,21869382,3304.55,0.02500000,0
1505848878,21869380,3304.54,0.00108404,0
1505848876,21869362,3304.55,0.02407776,1
1505848875,21869359,3304.66,0.21765484,0
1505848873,21869344,3304.55,0.01782224,0
1505848870,21869322,3304.51,0.12536919,0
1505848861,21869243,3304.63,0.02944411,0
1505848845,21869169,3308.79,0.02942037,0
1505848840,21869158,3308.88,0.07741267,0
1505848840,21869156,3304.90,0.07112049,0
1505848836,21869142,3290.23,0.02440812,0
1505848834,21869137,3295.97,0.00277188,1
1505848817,21869105,3305.09,0.03335519,0
1505848815,21869102,3302.58,0.04124716,0
1505848814,21869099,3302.55,0.05982055,0
1505848805,21869071,3302.58,0.02778736,0
1505848800,21869051,3289.21,2.36000000,0
1505848794,21869045,3302.58,0.01510334,1
1505848789,21869041,3302.58,0.00714273,0
1505848783,21869030,3302.55,0.02849261,0
1505848757,21869018,3288.14,4.07618822,1
1505848757,21869017,3288.14,0.02401431,1
1505848757,21869016,3288.18,0.98630883,1
1505848749,21869010,3299.99,0.27209393,0
1505848743,21868997,3299.97,0.01279200,0
1505848743,21868994,3300.00,0.00554375,1
1505848742,21868993,3300.00,1.90794489,1
1505848720,21868979,3302.58,0.33000000,0
1505848710,21868968,3302.87,0.22650604,0
1505848700,21868910,3300.00,0.09205511,1
1505848700,21868909,3300.00,0.02069350,1
1505848699,21868908,3302.56,0.16841795,1
1505848694,21868905,3302.57,0.29170589,0
1505848655,21868879,3300.00,0.01477650,1
1505848648,21868845,3300.00,0.00153000,1
1505848646,21868844,3303.16,0.08897435,0
1505848643,21868842,3303.13,0.00619575,0
1505848612,21868816,3300.00,0.01300000,1
1505848601,21868805,3303.50,0.10062549,0
1505848601,21868804,3303.50,0.25000000,0
1505848586,21868793,3303.74,0.03196832,0
1505848584,21868786,3303.68,0.13313638,0
1505848584,21868784,3303.68,0.84985022,0
1505848579,21868774,3303.72,0.02320740,1
1505848560,21868725,3303.88,0.03807737,0
1505848557,21868721,3281.80,0.58802786,0
1505848557,21868718,3281.80,0.23152304,0
1505848557,21868717,3281.80,0.13514910,0
1505848556,21868716,3288.00,0.04030000,1
1505848552,21868706,3303.89,1.00000000,0
1505848551,21868705,3280.30,1.66046144,0
1505848551,21868704,3280.30,2.00000000,0
1505848551,21868703,3280.30,0.01108750,0
1505848551,21868702,3280.61,0.00474607,1
1505848550,21868701,3281.05,0.10000000,1
1505848550,21868700,3281.05,0.77978268,0
1505848550,21868698,3281.50,0.10000000,1
1505848549,21868697,3281.51,0.67743120,0
1505848549,21868696,3282.12,0.10000000,1
1505848549,21868695,3284.00,0.01475310,1
1505848548,21868694,3284.00,0.07000000,0
1505848548,21868693,3284.00,0.03448099,0
1505848548,21868691,3285.22,0.06072653,1
1505848547,21868690,3285.31,0.19000000,1
1505848547,21868688,3285.31,0.02217500,0
1505848547,21868685,3285.31,0.03447615,0
1505848547,21868682,3287.73,0.02054052,1
1505848546,21868679,3288.00,0.40773481,1
1505848546,21868677,3288.00,0.02532905,0
1505848546,21868676,3288.00,0.03636884,0
1505848546,21868674,3289.03,0.00819674,1
1505848545,21868670,3290.00,0.25000000,1
1505848545,21868667,3290.02,0.02115382,1
1505848544,21868664,3290.05,0.04435000,0
1505848544,21868663,3290.05,0.03487564,0
1505848543,21868662,3290.05,0.02532890,1
1505848535,21868648,3290.04,0.13956000,0
1505848518,21868614,3304.08,0.06548880,0
1505848515,21868612,3304.20,0.97015600,0
1505848515,21868611,3304.17,1.02984400,0
1505848503,21868594,3304.29,0.04406657,0
1505848485,21868536,3304.49,0.10924503,0
1505848462,21868436,3304.80,0.03018337,0
1505848454,21868413,3299.80,0.01822200,0
1505848445,21868391,3299.89,0.01800000,0
1505848434,21868375,3299.90,0.24615238,0
1505848434,21868374,3299.90,0.01800000,0
1505848433,21868373,3299.90,0.45995429,0
1505848433,21868372,3299.90,0.44500580,0
1505848432,21868371,3299.90,0.00940000,0
1505848430,21868364,3288.00,0.07571616,1
1505848429,21868360,3289.03,0.02500000,0
1505848428,21868358,3289.76,0.08968923,1
1505848428,21868357,3289.77,0.00959461,1
1505848426,21868350,3300.00,0.00628900,0
1505848425,21868349,3300.00,0.02316131,0
1505848425,21868346,3288.00,0.14324704,1
1505848424,21868345,3288.00,0.04436920,1
1505848424,21868342,3288.01,0.00959461,0
1505848424,21868340,3288.01,0.20000000,1
1505848424,21868338,3289.76,0.00973012,1
1505848423,21868334,3289.77,0.14068279,1
1505848423,21868332,3289.77,0.01000000,0
1505848423,21868328,3293.46,0.55164390,0
1505848422,21868324,3289.77,0.00931721,1
1505848420,21868317,3293.93,0.02315600,0
1505848420,21868316,3293.93,0.06752679,1
1505848413,21868284,3300.00,0.01918923,0
1505848411,21868275,3300.00,0.02723614,0
1505848410,21868273,3300.00,0.00344096,1
1505848409,21868270,3300.00,0.03000000,1
1505848408,21868268,3300.00,0.10391240,1
1505848408,21868267,3300.00,0.09164657,1
1505848408,21868266,3300.00,0.00444103,1
1505848407,21868264,3304.87,0.01054000,0
1505848406,21868261,3300.00,0.34133205,0
1505848406,21868260,3300.00,0.21841795,0
1505848405,21868255,3300.00,0.03025000,0
1505848404,21868244,3289.76,0.00990520,0
1505848403,21868241,3290.00,0.05000000,1
1505848403,21868239,3290.00,0.64000000,1
1505848403,21868237,3290.00,0.03600000,1
1505848402,21868231,3290.11,0.02508046,1
1505848402,21868225,3292.88,0.02000000,0
1505848402,21868222,3295.00,1.35072398,1
1505848401,21868221,3295.00,0.15000000,1
1505848401,21868219,3295.00,0.03837846,0
1505848401,21868217,3295.99,0.02700000,1
1505848399,21868210,3296.69,0.15000000,1
1505848399,21868208,3296.70,0.25000000,1
1505848399,21868207,3300.00,0.00940444,1
1505848396,21868183,3304.93,0.02690300,0
1505848395,21868179,3300.00,0.00151600,1
1505848395,21868178,3300.00,0.00489000,1
1505848395,21868176,3300.00,0.01000000,1
1505848395,21868175,3300.00,0.60000000,1
1505848394,21868171,3300.00,0.12500000,1
1505848394,21868170,3300.00,0.00700000,1
1505848394,21868169,3300.00,0.09000000,1
1505848394,21868167,3300.00,0.10772093,1
1505848394,21868166,3300.00,0.03000000,1
1505848393,21868162,3300.00,0.03325000,1
1505848393,21868159,3300.00,0.00600000,1
1505848393,21868155,3300.00,0.63557570,1
1505848392,21868147,3300.00,0.32200000,1
1505848392,21868146,3300.00,0.50000000,1
1505848392,21868144,3300.00,0.00500000,1
1505848391,21868142,3300.00,0.10000000,1
1505848391,21868140,3300.00,0.05300000,1
1505848391,21868139,3300.00,0.02000000,1
1505848391,21868138,3300.40,1.00000000,1
1505848389,21868130,3300.60,0.00461153,0
1505848386,21868124,3300.60,0.11538847,1
1505848386,21868123,3300.61,0.20000000,1
1505848374,21868105,3300.60,0.07285215,1
1505848374,21868104,3300.60,0.05679900,0
1505848372,21868103,3308.73,0.00798252,1
1505848364,21868080,3308.73,0.02719764,0
1505848364,21868079,3306.41,0.10090584,0
1505848362,21868075,3306.41,0.01698000,0
1505848356,21868059,3306.41,0.44500000,0
1505848353,21868057,3306.41,0.01698216,0
1505848351,21868051,3300.60,0.32065473,1
1505848351,21868049,3300.71,0.30220771,1
1505848351,21868048,3300.85,0.03000000,1
1505848351,21868047,3301.01,0.51962028,1
1505848347,21868042,3306.41,0.31777200,0
1505848345,21868039,3301.01,0.31674683,1
1505848345,21868038,3302.41,0.12082086,1
1505848345,21868037,3303.03,0.03019954,1
1505848345,21868036,3303.49,0.07398272,1
1505848344,21868035,3304.00,0.02460890,1
1505848344,21868033,3305.02,0.01926769,1
1505848343,21868028,3306.41,0.00236000,0
1505848335,21868005,3304.00,0.97539110,1
1505848335,21868003,3305.00,1.30000000,1
1505848335,21868001,3305.05,0.50000000,1
1505848335,21868000,3310.01,0.06844600,1
1505848335,21867999,3310.40,0.01786890,1
1505848334,21867998,3310.70,0.02829400,1
1505848330,21867978,3308.68,0.08155400,0
1505848330,21867976,3310.70,0.09281740,1
1505848330,21867975,3311.96,0.02562860,1
1505848326,21867967,3307.00,0.18881314,1
1505848326,21867964,3308.97,0.27172793,1
1505848326,21867960,3309.01,0.00301299,1
1505848326,21867957,3309.02,0.15000000,1
1505848325,21867955,3310.00,0.00000122,1
1505848324,21867948,3315.95,0.14557530,0
1505848322,21867938,3315.95,0.01364788,0
1505848322,21867936,3315.95,0.47439129,0
1505848318,21867921,3310.00,0.00222878,0
1505848317,21867914,3310.00,2.00000000,1
1505848317,21867912,3310.00,0.02000000,1
1505848316,21867911,3310.00,0.06844507,1
1505848316,21867910,3310.40,2.00000000,1
1505848316,21867908,3310.96,0.81024839,1
1505848316,21867907,3310.97,0.14900000,1
1505848316,21867905,3313.04,0.02007776,1
1505848315,21867902,3324.00,0.18122782,0
1505848313,21867892,3324.09,0.06811789,0
1505848310,21867881,3324.10,0.23983320,0
1505848310,21867880,3318.40,0.03000000,0
1505848306,21867875,3313.04,0.00482908,1
1505848306,21867874,3317.00,0.66322360,1
1505848306,21867873,3317.00,0.02000000,1
1505848306,21867872,3318.40,0.02194732,1
1505848302,21867854,3318.40,0.65400923,0
1505848301,21867850,3319.68,0.02485705,1
1505848301,21867849,3320.00,0.26659939,1
1505848301,21867847,3320.20,0.02976507,1
1505848301,21867845,3325.24,0.84000000,0
1505848301,21867843,3325.23,0.16000000,0
1505848299,21867836,3320.20,0.37555383,0
1505848298,21867835,3325.20,0.25115804,0
1505848298,21867834,3325.00,0.07869526,0
1505848297,21867831,3325.00,0.02130474,1
1505848293,21867815,3325.24,0.15899690,0
1505848289,21867807,3321.15,0.16977169,1
1505848289,21867805,3325.24,0.34111020,0
1505848288,21867804,3325.24,0.21029989,0
1505848288,21867803,3325.24,0.11288130,0
1505848288,21867802,3325.06,0.02198042,0
1505848287,21867801,3325.06,0.14801958,0
1505848287,21867800,3325.00,0.00369850,0
1505848285,21867788,3325.00,0.25630150,1
1505848284,21867787,3333.85,0.01460652,0
1505848282,21867780,3322.00,0.00990000,0
1505848281,21867778,3322.00,0.21010000,1
1505848279,21867765,3325.00,0.59081151,0
1505848276,21867749,3325.07,0.26606141,0
1505848269,21867727,3333.69,0.20453422,0
1505848269,21867725,3333.68,0.16000000,0
1505848269,21867724,3333.67,0.63546578,0
1505848264,21867719,3333.67,0.14381522,0
1505848244,21867667,3333.70,0.00598418,0
1505848231,21867624,3333.85,0.95383008,0
1505848231,21867623,3325.00,0.00105260,0
1505848230,21867618,3325.00,1.00000000,1
1505848229,21867616,3325.00,0.50000000,1
1505848229,21867614,3325.25,0.01800000,1
1505848229,21867612,3326.00,0.03095009,1
1505848229,21867611,3326.16,0.51000000,1
1505848228,21867610,3326.18,0.19999731,1
1505848217,21867572,3326.18,0.00000269,1
1505848217,21867571,3326.18,0.01519000,0
1505848215,21867565,3326.33,0.02480731,1
1505848214,21867563,3333.85,0.30167999,0
1505848207,21867550,3330.00,0.02000000,1
1505848207,21867549,3330.00,0.01000000,1
1505848207,21867548,3330.00,0.50000000,1
1505848207,21867546,3330.00,0.63773602,1
1505848207,21867545,3330.00,2.00000000,1
1505848207,21867544,3330.12,0.02645857,1
1505848206,21867541,3333.85,0.13763367,0
1505848203,21867529,3333.85,0.02334098,0
1505848203,21867528,3330.12,0.02047912,0
1505848202,21867527,3330.12,0.00598556,0
1505848201,21867523,3330.12,0.01797233,1
1505848200,21867522,3332.01,0.29700000,1
1505848200,21867520,3332.20,0.03380130,1
1505848200,21867519,3332.46,0.02476169,1
1505848197,21867516,3334.13,0.10621057,0
1505848188,21867506,3334.14,0.47034781,0
1505848186,21867503,3334.14,0.03966897,0
1505848166,21867481,3333.00,0.05846942,0
1505848165,21867480,3333.00,0.40151395,1
1505848165,21867479,3333.00,0.08958616,1
1505848165,21867478,3333.16,0.02596894,1
1505848164,21867477,3333.37,0.10000000,1
1505848164,21867474,3334.04,0.01541683,0
1505848160,21867467,3335.81,0.01000000,1
1505848132,21867446,3346.40,0.21445141,0
1505848132,21867445,3346.39,0.79520200,0
1505848125,21867443,3346.49,0.00833374,0
1505848092,21867421,3346.69,0.03170486,0
1505848092,21867420,3346.69,0.01200883,0
1505848084,21867419,3346.72,0.11640645,0
1505848073,21867409,3346.88,0.01763520,0
1505848065,21867404,3346.84,0.08664062,0
1505848033,21867386,3347.40,0.29279804,0
1505848026,21867385,3347.48,0.57109904,0
1505848001,21867376,3347.72,0.02868171,0
1505847971,21867340,3347.77,0.10206795,0
1505847964,21867312,3335.00,0.00000573,0
1505847959,21867305,3335.00,0.63103160,0
1505847957,21867301,3335.00,1.00000000,1
1505847957,21867300,3335.01,0.30000000,1
1505847957,21867299,3335.01,0.05424871,1
1505847957,21867298,3335.05,0.01471396,1
1505847956,21867297,3337.00,1.00000000,1
1505847945,21867296,3347.92,0.01414012,0
1505847945,21867294,3347.92,0.03468133,0
1505847943,21867291,3347.86,0.01444691,0
1505847935,21867288,3335.05,0.37215909,1
1505847935,21867287,3335.89,0.32000000,1
1505847935,21867286,3335.96,0.34069491,1
1505847935,21867285,3335.99,0.96714600,1
1505847925,21867283,3347.93,0.02977390,0
1505847921,21867281,3347.93,0.03588470,0
1505847920,21867280,3347.93,0.02765130,0
1505847906,21867272,3347.93,0.12241513,0
1505847905,21867270,3347.93,0.02741096,0
1505847893,21867265,3347.93,0.29496734,0
1505847843,21867229,3335.05,0.55636175,1
1505847842,21867228,3337.00,0.01000000,1
1505847842,21867227,3338.00,0.05976633,1
1505847842,21867226,3338.00,0.03000000,1
1505847842,21867225,3338.00,0.89190322,1
1505847842,21867224,3338.01,0.36000000,1
1505847842,21867223,3339.08,0.20000000,1
1505847842,21867222,3339.09,1.00050648,1
1505847841,21867221,3339.13,0.09043243,1
1505847841,21867220,3340.93,0.02494315,1
1505847825,21867210,3347.93,0.13258640,0
1505847814,21867209,3347.90,0.26762230,0
1505847814,21867208,3347.90,0.12692066,0
1505847792,21867201,3347.90,0.04710407,0
1505847778,21867200,3347.90,0.00382716,0
1505847771,21867196,3347.90,0.08938439,0
1505847767,21867195,3347.90,0.11566113,0
1505847765,21867194,3347.90,0.08938439,0
1505847753,21867192,3339.13,0.02905677,1
1505847751,21867191,3340.92,0.02494323,1
1505847744,21867190,3347.93,0.11265911,0
1505847725,21867185,3347.90,0.02741121,0
1505847693,21867180,3347.90,0.55120523,0
1505847674,21867177,3347.90,0.02474700,0
1505847641,21867165,3347.93,0.00149157,0
1505847637,21867162,3352.10,0.02459891,0
1505847634,21867160,3352.18,0.29227474,0
1505847603,21867134,3352.20,0.00318501,0
1505847592,21867128,3352.09,0.05832000,1
1505847588,21867125,3352.00,0.00500000,0
1505847585,21867123,3352.09,0.00878389,0
1505847584,21867121,3352.09,0.01256820,0
1505847565,21867117,3352.20,0.00852965,0
1505847563,21867115,3352.29,0.09285552,0
1505847525,21867092,3353.08,0.01072888,0
1505847517,21867080,3353.20,0.01451108,0
1505847517,21867079,3353.20,0.02728000,0
1505847499,21867063,3353.49,0.22431518,0
1505847491,21867057,3353.59,0.05832000,0
1505847487,21867049,3353.59,0.00967736,0
1505847487,21867048,3339.98,0.01899949,0
1505847469,21867041,3340.02,0.05973018,1
1505847469,21867040,3340.43,2.00000000,1
1505847469,21867038,3340.44,0.99020734,1
1505847469,21867037,3340.46,0.02470243,1
1505847468,21867036,3340.74,0.66817720,1
1505847468,21867035,3340.76,1.00000000,1
1505847468,21867034,3340.78,0.00807000,1
1505847468,21867033,3340.83,0.02519949,1
1505847463,21867032,3353.79,0.05566174,0
1505847462,21867031,3340.78,0.04193000,0
1505847454,21867028,3353.79,0.00317568,0
1505847442,21866998,3347.15,0.02465301,1
1505847441,21866994,3353.86,0.03809584,1
1505847438,21866984,3353.85,0.02022416,0
1505847430,21866953,3353.86,0.02039002,0
1505847387,21866933,3354.00,0.02045117,0
1505847386,21866932,3354.00,0.01296830,0
1505847385,21866931,3354.00,0.14056037,0
1505847385,21866930,3353.99,0.04044831,0
1505847373,21866919,3357.29,0.00492551,0
1505847364,21866917,3357.49,0.02809975,0
1505847331,21866902,3354.40,0.30847206,0
1505847330,21866901,3354.40,0.09482417,0
1505847330,21866900,3354.39,0.04000000,0
1505847330,21866899,3354.39,0.01620551,0
1505847330,21866898,3354.38,0.06342099,0
1505847330,21866897,3354.37,0.03078930,0
1505847329,21866896,3354.37,0.02622522,0
1505847324,21866887,3354.38,0.01747564,0
1505847324,21866886,3339.78,0.05701452,1
1505847306,21866857,3351.58,0.02871147,0
1505847306,21866856,3350.99,0.00506233,0
1505847304,21866852,3350.99,0.12630006,0
1505847304,21866851,3350.98,0.16179326,0
1505847285,21866843,3339.50,0.79420905,1
1505847284,21866841,3339.52,0.00830100,0
1505847283,21866840,3339.52,0.19548995,1
1505847282,21866839,3351.06,0.01714899,0
1505847278,21866836,3351.07,0.03225000,0
1505847265,21866830,3351.07,0.00832722,0
1505847263,21866829,3351.07,0.02806039,0
1505847244,21866776,3355.06,0.01486412,1
1505847237,21866775,3339.62,0.01000000,1
1505847198,21866716,3339.13,0.03285400,1
1505847194,21866712,3339.02,0.03488712,1
1505847193,21866711,3339.02,0.20000000,1
1505847181,21866700,3355.00,0.02958658,0
1505847181,21866699,3355.00,0.18037644,0
1505847180,21866698,3354.99,0.14524555,0
1505847165,21866671,3355.00,0.00970800,0
1505847163,21866667,3355.00,0.00904965,0
1505847161,21866659,3355.30,0.13880071,0
1505847161,21866658,3355.28,0.05000000,0
1505847161,21866657,3342.60,0.01152031,0
1505847155,21866656,3342.60,0.20000000,0
1505847144,21866650,3342.60,0.06776522,0
1505847139,21866645,3342.60,0.23801409,0
1505847139,21866644,3342.60,0.40388129,0
1505847138,21866641,3342.60,0.23873631,0
1505847123,21866623,3342.60,0.00951000,0
1505847117,21866610,3342.60,0.02000000,0
1505847116,21866606,3345.31,0.03113600,1
1505847108,21866586,3339.51,0.07500000,0
1505847107,21866585,3342.60,0.12500000,1
1505847104,21866577,3338.01,0.08377679,1
1505847103,21866576,3339.12,0.03000000,1
1505847103,21866574,3340.00,0.01000000,1
1505847103,21866573,3342.00,0.01000000,1
1505847101,21866570,3342.60,0.00582321,1
1505847097,21866567,3354.69,0.00608572,0
1505847095,21866563,3354.70,0.07504686,0
1505847095,21866562,3347.03,0.03000000,0
1505847089,21866554,3347.03,0.01000000,0
1505847087,21866553,3346.97,0.01805390,0
1505847082,21866538,3346.97,0.02528640,0
1505847080,21866536,3346.97,0.15273549,0
1505847079,21866533,3346.71,0.00229812,0
1505847079,21866531,3346.00,0.25000000,0
1505847077,21866522,3346.71,0.01770188,0
1505847074,21866512,3354.78,0.00315988,0
1505847072,21866503,3346.00,0.18255619,0
1505847069,21866499,3346.01,0.02490529,1
1505847068,21866496,3342.60,0.00417679,1
1505847068,21866495,3346.00,0.67202321,1
1505847068,21866494,3354.78,0.02380000,1
1505847065,21866489,3346.00,0.02350000,1
1505847064,21866487,3354.79,0.08774179,0
1505847063,21866485,3354.79,0.26942567,0
1505847063,21866484,3354.79,0.15208397,0
1505847063,21866483,3354.78,0.05000000,0
1505847063,21866481,3348.00,0.02176915,0
1505847060,21866472,3348.00,0.11000000,1
1505847060,21866471,3350.00,0.31871343,1
1505847060,21866470,3352.68,0.02466176,1
1505847060,21866469,3352.69,0.02485566,1
1505847056,21866454,3354.79,0.05824748,0
1505847056,21866453,3352.98,0.07363689,0
1505847055,21866452,3352.98,1.02636311,1
1505847052,21866439,3356.84,0.04473998,0
1505847049,21866438,3356.84,0.25525372,1
1505847040,21866434,3362.00,0.01050000,0
1505847033,21866428,3361.99,0.02929315,1
1505847011,21866418,3361.98,0.00298039,0
1505846987,21866415,3361.98,0.29373464,1
1505846984,21866411,3361.99,0.02942834,1
1505846975,21866408,3361.96,0.15102591,0
1505846962,21866398,3361.98,1.04108312,0
1505846960,21866393,3361.98,0.16253282,0
1505846960,21866392,3361.97,0.06000000,0
1505846960,21866391,3360.00,0.04218715,0
1505846953,21866384,3360.00,0.05781285,0
1505846950,21866380,3355.12,0.03002575,0
1505846944,21866372,3360.00,0.06628510,1
1505846942,21866368,3359.97,0.21947528,0
1505846918,21866341,3360.10,0.02719859,1
1505846913,21866333,3362.44,0.02454091,1
1505846900,21866331,3368.79,0.04391977,1
1505846899,21866326,3368.77,0.07436631,0
1505846880,21866313,3369.19,0.18379491,1
1505846878,21866311,3369.18,0.07220749,1
1505846878,21866310,3369.18,0.04006306,0
1505846871,21866307,3369.27,0.30912949,0
1505846864,21866305,3371.28,0.03490040,0
1505846845,21866300,3366.69,0.03496451,0
1505846827,21866294,3366.87,0.05925385,0
1505846823,21866292,3366.91,0.00829014,0
1505846803,21866283,3367.02,0.04390344,0
1505846780,21866272,3367.37,0.07319585,0
1505846776,21866270,3367.39,0.08886704,0
1505846766,21866267,3367.44,0.01286646,0
1505846764,21866265,3367.50,0.01517700,0
1505846744,21866261,3367.80,0.07513460,0
1505846734,21866258,3367.97,0.29174451,0
1505846717,21866247,3368.40,0.29613466,0
1505846694,21866232,3367.39,0.05924469,0
1505846684,21866227,3367.50,0.00888485,0
1505846684,21866225,3367.53,0.01355000,0
1505846664,21866214,3367.95,0.06110000,0
1505846659,21866211,3368.91,0.09667052,0
1505846659,21866210,3368.79,0.02500000,0
1505846658,21866209,3368.79,0.01000000,0
1505846658,21866208,3368.78,0.17036775,0
1505846655,21866206,3368.79,0.00290000,1
1505846654,21866205,3350.00,0.40806134,0
1505846654,21866201,3350.00,0.02400000,1
1505846654,21866200,3350.00,2.00000000,1
1505846653,21866199,3351.00,0.10000000,1
1505846653,21866198,3351.33,0.40000000,1
1505846653,21866196,3351.47,0.96763275,1
1505846653,21866193,3353.60,0.03000000,1
1505846653,21866192,3358.00,0.10000000,1
1505846614,21866177,3360.00,0.28564338,0
1505846609,21866169,3360.00,0.30423557,0
1505846606,21866159,3360.00,0.07360603,0
1505846605,21866158,3360.91,0.10000000,1
1505846596,21866155,3368.90,0.02762456,0
1505846561,21866117,3368.91,0.02787670,0
1505846544,21866101,3368.91,0.03348520,0
1505846538,21866099,3368.91,0.08882695,0
1505846537,21866098,3368.91,0.07249900,0
1505846534,21866095,3368.91,0.26746868,0
1505846533,21866093,3362.36,0.01769775,0
1505846512,21866048,3360.00,0.13171200,0
1505846506,21866042,3360.00,0.39772415,0
1505846504,21866039,3360.00,0.35758036,1
1505846504,21866038,3360.00,0.01852380,1
1505846504,21866037,3360.00,0.34528420,1
1505846504,21866036,3362.00,0.26187540,1
1505846503,21866035,3362.63,0.33097153,1
1505846493,21866025,3365.00,0.25000000,0
1505846479,21866019,3368.91,0.08882695,0
1505846469,21866010,3366.30,0.07851278,1
1505846466,21866003,3375.00,0.05021605,0
1505846461,21865995,3375.00,0.02648297,0
1505846424,21865973,3376.18,0.15098037,0
1505846415,21865959,3376.20,0.01500000,0
1505846413,21865957,3375.61,0.29087955,0
1505846413,21865956,3376.28,0.02929719,1
1505846408,21865953,3376.29,0.02836954,0
1505846402,21865950,3375.68,0.52116784,1
1505846401,21865949,3375.67,0.03000000,0
1505846401,21865948,3375.20,0.24883216,0
1505846398,21865947,3375.67,0.02024100,1
1505846373,21865931,3375.70,5.90904311,0
1505846373,21865930,3374.50,0.00084847,0
1505846365,21865924,3374.47,0.02228492,0
1505846364,21865923,3374.50,0.00915153,0
1505846364,21865921,3374.48,0.01705832,0
1505846354,21865917,3375.56,0.00899255,0
1505846354,21865916,3374.51,0.00045597,0
1505846352,21865915,3374.51,0.02454403,1
1505846349,21865913,3375.58,0.48627495,1
1505846347,21865911,3374.50,0.01000000,0
1505846321,21865898,3375.88,0.20790451,1
1505846320,21865897,3375.88,0.51755770,0
1505846319,21865896,3375.88,0.14529530,0
1505846305,21865887,3376.10,0.05909185,0
1505846286,21865876,3376.90,0.08100246,0
1505846286,21865875,3376.41,0.00500000,0
1505846284,21865873,3362.01,0.01705832,1
1505846225,21865849,3374.50,0.02719514,0
1505846223,21865846,3374.50,0.02793366,0
1505846222,21865842,3375.79,0.02437888,1
1505846222,21865841,3375.79,0.06426704,0
1505846203,21865835,3375.20,0.04666016,0
1505846185,21865826,3376.18,0.01596775,0
1505846166,21865810,3379.38,0.02951724,1
1505846163,21865807,3379.38,0.02790973,0
1505846144,21865795,3379.79,0.07224101,0
1505846137,21865792,3379.89,0.01770505,0
1505846124,21865780,3379.87,0.02793366,0
1505846119,21865777,3379.92,0.55416259,0
1505846097,21865762,3379.97,0.07094327,0
1505846088,21865749,3370.00,0.43457426,0
1505846085,21865738,3362.20,0.22758201,1
1505846080,21865728,3370.00,1.00077143,0
1505846075,21865719,3370.00,0.02989723,0
1505846074,21865715,3370.00,0.40000000,0
1505846064,21865701,3370.00,0.29136792,0
1505846047,21865699,3370.00,0.33434072,0
1505846045,21865697,3370.00,0.06807715,0
1505846035,21865693,3370.00,0.01000000,0
1505845991,21865662,3370.00,0.10000000,0
1505845960,21865641,3362.00,0.02463140,1
1505845883,21865625,3370.00,0.09804061,0
1505845757,21865530,3370.00,0.29608309,0
1505845724,21865522,3370.00,0.03708270,0
1505845724,21865521,3369.99,0.02000000,0
1505845705,21865514,3370.00,0.01325000,0
1505845704,21865513,3370.00,0.00858998,0
1505845684,21865509,3370.00,0.05597712,0
1505845681,21865505,3369.99,0.02750416,0
1505845625,21865483,3370.00,0.02752571,0
1505845623,21865480,3370.00,0.05879821,0
1505845621,21865479,3369.99,0.03000000,0
1505845567,21865458,3368.38,0.00439241,0
1505845567,21865457,3368.37,0.02353245,0
1505845565,21865455,3368.37,0.00646755,1
1505845565,21865454,3368.38,0.00945251,0
1505845540,21865449,3370.00,0.47217978,0
1505845540,21865448,3369.99,0.04000000,0
1505845527,21865441,3370.00,0.22478815,0
1505845527,21865440,3369.99,0.04000000,0
1505845455,21865428,3370.00,0.01328082,0
1505845455,21865427,3370.00,0.01328082,0
1505845454,21865426,3370.00,0.00167534,0
1505845454,21865425,3369.99,0.04000000,0
1505845431,21865421,3361.00,0.14991553,1
1505845409,21865417,3369.99,0.02219888,0
1505845386,21865414,3370.00,0.27527596,0
1505845384,21865410,3370.00,0.01014022,0
1505845364,21865400,3370.00,0.02221351,0
1505845364,21865399,3369.99,0.00057158,0
1505845355,21865396,3369.99,0.02942842,0
1505845345,21865395,3369.99,0.02125000,0
1505845324,21865389,3370.00,0.00195407,0
1505845324,21865388,3369.99,0.04000000,0
1505845303,21865373,3369.99,0.02025000,0
1505845283,21865363,3369.99,0.01652218,0
1505845283,21865362,3369.98,0.00299949,0
1505845267,21865359,3370.00,0.07225103,0
1505845267,21865358,3369.99,0.04424409,0
1505845265,21865357,3369.99,0.00575591,0
1505845265,21865356,3369.99,0.00254658,0
1505845264,21865355,3369.99,0.01686000,0
1505845255,21865348,3360.00,0.04017863,1
1505845250,21865347,3370.00,0.04042574,0
1505845249,21865346,3370.00,0.04374989,0
1505845249,21865345,3369.99,0.05000000,0
1505845249,21865344,3369.97,0.03881315,0
1505845249,21865343,3369.97,0.00899949,0
1505845231,21865340,3370.00,0.04120612,0
1505845231,21865339,3369.99,0.03928184,0
1505845229,21865338,3369.99,0.02071816,0
1505845215,21865330,3369.97,0.07159787,0
1505845214,21865329,3369.96,0.03199949,0
1505845172,21865307,3370.00,0.05562803,0
1505845172,21865306,3369.99,0.06000000,0
1505845170,21865305,3369.98,0.05012837,0
1505845169,21865304,3369.98,0.09909580,0
1505845165,21865302,3360.00,0.20829117,1
1505845165,21865301,3360.00,0.87779455,1
1505845165,21865300,3360.00,0.02443919,1
1505845165,21865299,3360.02,0.04399949,1
1505845147,21865295,3370.00,0.22652161,0
1505845147,21865294,3369.99,0.04276847,0
1505845145,21865293,3369.99,0.02723153,0
1505845118,21865273,3369.98,0.01297447,0
1505845117,21865272,3369.98,0.02931269,0
1505845027,21865229,3370.00,0.05000000,0
1505845027,21865228,3369.99,0.05000000,0
1505845006,21865188,3370.00,0.02936220,0
1505845002,21865187,3370.00,0.14169058,0
1505845002,21865185,3369.99,0.05000000,0
1505845002,21865184,3369.97,0.10400942,0
1505844985,21865176,3360.00,0.08222267,1
1505844985,21865175,3360.75,0.17643193,1
1505844985,21865174,3368.48,0.02965099,1
1505844983,21865173,3369.97,0.01000000,0
1505844972,21865162,3369.99,0.14425562,0
1505844964,21865150,3372.87,0.09981165,0
1505844913,21865127,3373.46,0.23951077,0
1505844901,21865113,3373.39,0.00315083,0
1505844886,21865102,3374.15,0.02845426,0
1505844885,21865101,3374.15,0.59000000,0
1505844845,21865088,3372.97,0.05730304,0
1505844835,21865082,3373.00,1.07918470,1
1505844830,21865079,3373.38,0.01000000,1
1505844827,21865077,3374.18,0.02859726,0
1505844806,21865055,3379.57,0.29515589,0
1505844769,21865047,3373.10,0.15321781,1
1505844756,21865035,3379.89,0.47220472,0
1505844754,21865034,3379.89,0.15780008,0
1505844753,21865033,3379.90,0.35591576,0
1505844737,21865027,3375.36,0.02942834,0
1505844736,21865026,3375.36,0.00608567,0
1505844735,21865025,3375.36,0.08486722,0
1505844724,21865021,3375.35,0.10025000,0
1505844721,21865019,3375.38,0.02801680,0
1505844718,21865018,3375.36,0.05858338,0
1505844684,21865011,3368.48,0.04036651,1
1505844684,21865009,3370.13,0.02130004,1
1505844647,21864980,3370.13,0.00318587,0
1505844644,21864975,3370.13,0.02894444,0
1505844636,21864960,3370.13,0.02436978,0
1505844636,21864956,3368.49,0.02463639,0
1505844635,21864949,3368.48,0.01275000,0
1505844634,21864948,3368.48,0.05725000,0
1505844632,21864947,3360.00,0.87779455,0
1505844631,21864944,3360.00,0.07977910,0
1505844628,21864939,3360.00,0.02665197,0
1505844626,21864935,3360.00,0.01754023,0
1505844625,21864933,3360.00,0.02665144,0
1505844624,21864931,3360.00,0.43619281,0
1505844620,21864922,3360.00,0.05073194,0
1505844612,21864913,3360.00,1.06975298,0
1505844612,21864911,3360.00,0.32838308,0
1505844584,21864896,3360.00,0.00851744,0
1505844573,21864891,3360.00,0.21225798,0
1505844566,21864889,3360.00,1.00000000,0
1505844564,21864888,3360.00,0.42178134,0
1505844556,21864879,3360.00,0.01989449,0
1505844504,21864870,3360.00,0.00973334,0
1505844491,21864861,3360.00,0.44010661,0
1505844485,21864856,3360.00,0.02858463,0
1505844480,21864852,3360.00,0.17918073,0
1505844475,21864850,3359.99,0.17918126,0
1505844466,21864847,3359.99,0.18004459,0
1505844454,21864843,3359.99,0.01031335,0
1505844454,21864842,3359.98,0.08776459,0
1505844452,21864840,3348.30,0.68000000,1
1505844439,21864835,3359.99,0.19318384,0
1505844426,21864829,3359.98,0.02731266,0
1505844425,21864827,3359.98,0.02731266,0
1505844404,21864823,3347.60,0.08410780,1
1505844404,21864822,3347.68,0.98136750,1
1505844373,21864809,3360.00,0.07983456,0
1505844368,21864804,3360.00,0.45472370,0
1505844346,21864788,3360.00,0.05860668,0
1505844345,21864784,3360.00,0.05860668,0
1505844308,21864767,3360.00,0.35215476,0
1505844306,21864761,3359.99,0.01300179,0
1505844291,21864748,3347.34,0.01293982,0
1505844289,21864747,3350.51,0.02463639,1
1505844267,21864699,3360.00,0.06138783,0
1505844266,21864698,3359.96,0.08906356,0
1505844264,21864695,3359.93,0.14620231,0
1505844255,21864680,3346.89,0.10416861,0
1505844255,21864679,3350.50,0.01488435,1
1505844254,21864678,3351.02,0.01708130,1
1505844254,21864677,3351.96,0.05650009,1
1505844253,21864676,3355.00,0.00393648,1
1505844253,21864675,3356.59,0.00045974,1
1505844251,21864674,3357.55,0.00296943,1
1505844237,21864651,3360.00,0.07319585,0
1505844236,21864650,3360.00,0.02933951,0
1505844225,21864647,3360.00,0.05640025,0
1505844223,21864646,3360.00,0.00865422,0
1505844205,21864636,3360.00,0.13199545,0
1505844192,21864634,3360.00,0.30030000,0
1505844188,21864631,3360.00,0.09941270,0
1505844143,21864607,3360.00,0.02559715,0
1505844141,21864604,3360.00,0.01707676,0
1505844138,21864602,3360.00,0.32385800,0
1505844136,21864597,3360.00,0.33020000,0
1505844127,21864580,3360.00,0.10794198,0
1505844124,21864573,3360.00,0.02777714,0
1505844110,21864560,3360.00,0.13346418,0
1505844104,21864553,3360.00,0.10206455,0
1505844102,21864551,3360.00,0.12753571,0
1505844101,21864547,3360.00,0.01482500,0
1505844094,21864540,3360.00,0.15249941,0
1505844090,21864539,3360.00,0.20009229,0
1505844088,21864536,3360.00,0.29687500,0
1505844085,21864532,3360.00,0.14391906,1
1505844085,21864531,3360.00,0.76637102,1
1505844085,21864530,3360.01,0.23175590,1
1505844085,21864529,3370.00,0.05919881,0
1505844045,21864520,3370.37,0.02172399,0
1505844043,21864519,3360.01,0.02319874,1
1505844028,21864514,3368.47,0.59225999,0
1505844008,21864484,3360.00,0.81603672,1
1505844006,21864483,3361.02,0.98396328,1
1505844003,21864479,3368.37,0.01200000,0
1505843970,21864458,3368.20,0.11112842,0
1505843964,21864451,3368.24,0.02651284,0
1505843961,21864446,3368.23,0.07240165,0
1505843957,21864443,3361.02,0.02500000,1
1505843943,21864434,3368.27,0.36713706,0
1505843943,21864432,3368.26,0.08000000,0
1505843943,21864431,3368.01,0.76310800,0
1505843941,21864430,3368.01,0.10025000,0
1505843884,21864400,3375.77,0.02954881,0
1505843859,21864387,3375.96,1.53510112,1
1505843857,21864376,3375.95,0.09000000,0
1505843839,21864362,3372.58,0.01000000,1
1505843826,21864350,3376.48,0.02857497,0
1505843824,21864349,3376.48,0.04453628,0
1505843789,21864311,3376.03,0.28097428,0
1505843784,21864299,3375.01,0.28069329,1
1505843782,21864294,3375.00,0.01406800,0
1505843781,21864293,3375.00,2.78593200,1
1505843778,21864290,3370.00,0.40172800,0
1505843768,21864287,3383.14,0.00589689,0
1505843766,21864285,3383.14,0.02712568,0
1505843762,21864281,3388.59,0.11797400,0
1505843762,21864280,3388.58,0.88212600,0
1505843747,21864277,3388.80,0.02762908,0
1505843687,21864245,3389.99,0.02840249,0
1505843629,21864227,3388.09,0.04943533,0
1505843628,21864226,3388.08,0.00912121,0
1505843628,21864224,3388.08,0.03057147,0
1505843627,21864223,3388.08,0.01030732,0
1505843627,21864222,3388.00,0.07437671,0
1505843626,21864221,3387.97,0.02796955,0
1505843604,21864203,3370.22,0.08960000,1
1505843596,21864199,3391.97,0.12062038,1
1505843596,21864198,3388.10,0.08751420,0
1505843595,21864197,3388.09,0.02489220,1
1505843595,21864196,3388.10,0.00314743,0
1505843595,21864194,3388.10,0.00931888,0
1505843594,21864193,3388.09,0.02470000,0
1505843594,21864192,3388.09,0.02530000,0
1505843594,21864191,3387.72,0.01842427,1
1505843593,21864190,3388.08,0.02908600,0
1505843593,21864189,3388.08,0.02195777,0
1505843582,21864187,3387.28,0.02437266,0
1505843574,21864186,3387.30,0.94030000,0
1505843574,21864185,3386.48,0.06000000,0
1505843564,21864184,3385.12,0.03897223,0
1505843526,21864140,3382.89,0.00736943,0
1505843503,21864135,3382.93,0.02782820,0
1505843502,21864133,3382.92,0.08811763,0
1505843464,21864124,3383.00,0.42200000,0
1505843442,21864116,3364.19,0.01277050,1
1505843430,21864111,3381.10,2.85981485,0
1505843430,21864110,3380.80,0.38809055,0
1505843429,21864109,3380.69,0.55152802,0
1505843429,21864108,3380.68,0.04000000,0
1505843427,21864107,3380.60,2.00000000,0
1505843424,21864106,3380.69,0.01384846,0
1505843415,21864104,3363.40,0.00004467,0
1505843410,21864095,3370.00,0.06385793,1
1505843407,21864093,3380.80,0.00822945,0
1505843405,21864091,3383.56,0.01496556,0
1505843400,21864087,3383.57,0.17036775,0
1505843388,21864084,3370.00,0.06386305,0
1505843385,21864083,3370.00,0.16890000,1
1505843385,21864082,3370.00,0.06186920,1
1505843385,21864081,3370.01,0.17036775,1
1505843385,21864080,3372.40,0.12500000,1
1505843385,21864079,3383.68,0.09458124,0
1505843379,21864077,3370.00,0.12723351,1
1505843377,21864074,3383.68,0.07276649,1
1505843377,21864071,3383.68,0.17036775,0
1505843377,21864070,3383.68,0.04000000,0
1505843375,21864068,3370.00,0.02738790,1
1505843374,21864066,3370.00,0.02819975,1
1505843373,21864065,3371.00,0.01603000,1
1505843373,21864064,3378.00,0.00295145,1
1505843373,21864063,3379.80,0.01229340,1
1505843364,21864058,3379.80,0.01330660,1
1505843364,21864057,3383.79,0.09039696,0
1505843335,21864041,3379.99,0.16574550,0
1505843335,21864040,3379.98,0.04000000,0
1505843323,21864039,3380.00,0.11509467,0
1505843314,21864025,3380.30,0.01265612,0
1505843304,21864005,3380.49,0.02410780,0
1505843300,21863997,3380.50,0.42906065,0
1505843300,21863996,3379.44,0.05000000,0
1505843293,21863983,3379.45,0.00176952,0
1505843287,21863966,3384.89,0.00800000,0
1505843264,21863915,3385.30,0.01295637,0
1505843255,21863892,3385.49,0.00602029,0
1505843244,21863877,3385.59,0.05826238,0
1505843225,21863852,3392.66,0.17567041,0
1505843225,21863848,3387.27,0.13202877,0
1505843224,21863843,3387.27,0.02768792,0
1505843223,21863840,3387.24,0.86997282,0
1505843215,21863815,3387.27,0.24028331,0
