date,tid,price,amount,type
1505865660,21884444,3891.83,0.14278817,0
1505865657,21884438,3884.02,0.97712711,0
1505865647,21884437,3884.16,0.00130000,1
1505865645,21884436,3884.16,0.00704123,1
1505865629,21884430,3890.68,0.02553517,0
1505865628,21884429,3890.68,0.76500000,0
1505865620,21884421,3889.92,0.98362627,0
1505865620,21884420,3888.80,0.09340000,0
1505865620,21884419,3887.00,0.25683238,0
1505865617,21884416,3884.16,0.08317661,1
1505865617,21884415,3884.19,0.00675900,1
1505865610,21884409,3887.00,0.06527615,0
1505865606,21884405,3887.00,0.01341890,0
1505865606,21884404,3887.00,0.12144844,0
1505865606,21884403,3887.00,0.19668062,0
1505865606,21884400,3887.00,0.07452066,0
1505865605,21884398,3887.00,0.01250000,0
1505865603,21884392,3887.00,0.01626592,0
1505865603,21884391,3887.00,1.05091800,0
1505865603,21884390,3887.00,0.01000000,0
1505865600,21884383,3888.80,0.00164960,0
1505865597,21884375,3888.80,0.13372500,0
1505865591,21884368,3888.80,0.03069490,0
1505865583,21884357,3889.00,0.00130000,0
1505865580,21884356,3886.72,1.80861493,0
1505865580,21884355,3886.95,0.00206074,1
1505865580,21884354,3888.41,0.00748400,0
1505865580,21884353,3888.41,5.00000000,0
1505865580,21884352,3888.81,7.00000000,0
1505865578,21884349,3888.81,0.87150000,0
1505865578,21884348,3888.81,0.01034033,0
1505865576,21884341,3889.00,0.94385982,0
1505865576,21884340,3890.08,0.01285300,1
1505865576,21884339,3890.09,0.00748400,1
1505865572,21884333,3895.57,0.06357050,1
1505865570,21884329,3898.37,0.52435555,0
1505865570,21884328,3898.37,0.38152633,0
1505865570,21884326,3895.57,0.08980000,0
1505865568,21884325,3893.19,0.11674835,1
1505865567,21884324,3890.08,0.06981537,0
1505865567,21884323,3890.08,0.40151096,0
1505865566,21884322,3890.00,0.00982185,0
1505865566,21884321,3890.00,0.00204115,1
1505865566,21884320,3890.01,0.00813700,1
1505865561,21884315,3890.08,0.52867367,0
1505865559,21884310,3890.08,0.00886500,0
1505865556,21884309,3895.56,0.13380839,0
1505865556,21884308,3891.08,0.99148900,1
1505865555,21884307,3891.09,0.00851100,1
1505865554,21884304,3892.69,0.06059231,0
1505865552,21884301,3892.69,0.00858200,0
1505865551,21884300,3892.69,0.01793274,1
1505865550,21884299,3892.70,0.12247564,1
1505865544,21884290,3892.70,0.00911900,0
1505865542,21884286,3898.42,0.04835650,0
1505865542,21884283,3895.57,0.99960015,0
1505865539,21884277,3892.70,0.00206075,1
1505865535,21884274,3895.57,0.02118235,1
1505865524,21884271,3898.46,0.00205076,1
1505865518,21884265,3899.99,0.08963566,0
1505865514,21884264,3900.00,0.02307229,0
1505865511,21884260,3900.00,0.69722757,0
1505865511,21884259,3900.00,0.02557900,1
1505865510,21884258,3900.00,0.00203592,1
1505865510,21884257,3900.00,0.01608374,1
1505865510,21884256,3900.00,0.45264359,1
1505865509,21884255,3900.00,0.08000000,1
1505865508,21884254,3903.33,0.07390000,0
1505865505,21884252,3903.35,0.33030000,0
1505865505,21884251,3903.35,0.02000000,0
1505865500,21884250,3903.37,0.01500000,0
1505865499,21884249,3903.37,13.51905623,1
1505865497,21884248,3903.37,7.00000000,1
1505865495,21884246,3903.37,0.23000000,1
1505865493,21884245,3903.37,5.00000000,1
1505865493,21884244,3903.37,7.00000000,1
1505865491,21884243,3903.37,5.37594377,1
1505865490,21884242,3903.37,7.00000000,1
1505865490,21884241,3903.37,5.00000000,1
1505865489,21884240,3903.38,0.38000000,1
1505865488,21884239,3903.38,0.03213000,1
1505865488,21884238,3903.38,0.03203835,1
1505865488,21884237,3903.38,0.03203835,1
1505865488,21884236,3903.38,0.02205845,1
1505865488,21884235,3903.38,0.00277820,1
1505865484,21884234,3903.38,0.01229016,1
1505865483,21884233,3903.38,0.00699009,1
1505865483,21884232,3903.38,0.00273690,1
1505865483,21884231,3904.21,0.00205077,1
1505865481,21884230,3905.00,4.14298772,1
1505865481,21884229,3906.70,0.47900000,1
1505865481,21884228,3906.70,0.47800000,1
1505865480,21884227,3906.70,0.47800000,1
1505865480,21884226,3906.70,0.47900000,1
1505865480,21884225,3906.70,0.47800000,1
1505865468,21884224,3906.71,0.07041237,1
1505865462,21884222,3910.08,0.07500000,0
1505865452,21884220,3906.68,1.29100000,0
1505865430,21884216,3912.47,2.54880000,1
1505865427,21884215,3913.39,0.04617440,1
1505865427,21884214,3913.40,2.00000000,1
1505865426,21884213,3914.00,0.01200000,0
1505865422,21884205,3914.00,0.72249152,1
1505865405,21884201,3914.00,0.06750848,1
1505865352,21884172,3913.39,0.02221363,1
1505865331,21884170,3913.39,0.00150334,1
1505865331,21884169,3916.32,0.04979164,1
1505865313,21884164,3919.03,0.04878281,0
1505865253,21884156,3916.32,1.00000000,0
1505865251,21884155,3911.86,2.49423480,0
1505865250,21884154,3911.86,0.06096520,0
1505865246,21884150,3913.39,0.48000000,0
1505865241,21884135,3913.35,2.55110000,0
1505865239,21884134,3907.19,0.16231216,0
1505865229,21884133,3907.19,0.02122676,0
1505865226,21884131,3905.00,0.19093289,1
1505865226,21884130,3905.00,0.03569625,1
1505865226,21884129,3906.09,0.04390421,1
1505865226,21884128,3906.19,0.06870000,1
1505865226,21884127,3906.80,0.17374542,1
1505865214,21884126,3912.96,1.42720000,0
1505865211,21884125,3906.84,0.01011100,0
1505865210,21884124,3906.85,0.01528900,0
1505865182,21884120,3916.30,0.15603763,0
1505865182,21884119,3911.10,0.02734593,0
1505865181,21884118,3906.80,0.01281830,1
1505865179,21884117,3911.10,0.06225407,0
1505865138,21884115,3911.10,0.01500000,0
1505865115,21884113,3910.42,0.07250000,1
1505865114,21884112,3911.21,0.14500000,0
1505865102,21884111,3908.94,0.02082363,0
1505865096,21884110,3908.94,0.06872645,0
1505865096,21884109,3908.94,0.00387596,0
1505865088,21884106,3908.94,0.02632500,0
1505865085,21884105,3908.94,0.02079904,0
1505865083,21884104,3906.19,0.00130000,1
1505865066,21884101,3913.97,0.00130000,0
1505865061,21884100,3916.15,0.28435822,1
1505865046,21884097,3916.15,0.02564178,1
1505864992,21884090,3908.41,0.01000000,1
1505864978,21884089,3917.97,0.07056614,0
1505864965,21884084,3918.13,0.02065249,0
1505864965,21884083,3918.13,0.00981833,0
1505864965,21884082,3917.16,0.11200000,0
1505864958,21884081,3918.10,0.10739000,0
1505864958,21884080,3917.26,0.08831000,0
1505864953,21884078,3917.15,0.02065249,0
1505864939,21884072,3917.54,0.42330013,0
1505864931,21884070,3917.62,0.05071906,0
1505864930,21884069,3917.63,0.01415016,0
1505864925,21884067,3917.69,0.04307399,0
1505864914,21884065,3917.97,0.03014547,0
1505864913,21884064,3917.97,0.03490268,0
1505864911,21884061,3907.72,0.68165200,1
1505864911,21884060,3907.73,0.00939800,1
1505864904,21884058,3918.01,0.02062897,0
1505864902,21884057,3918.06,0.89023464,0
1505864901,21884056,3918.02,0.28882141,0
1505864898,21884055,3907.70,0.01637829,1
1505864882,21884051,3907.55,0.17550273,1
1505864874,21884050,3907.42,0.11258969,0
1505864866,21884047,3907.42,0.12035966,1
1505864866,21884046,3907.46,0.13326298,1
1505864813,21884042,3916.14,0.68620711,1
1505864809,21884041,3916.11,0.00642268,0
1505864805,21884039,3912.00,0.08395110,0
1505864804,21884038,3912.01,0.04351430,0
1505864802,21884035,3912.10,0.01868717,0
1505864801,21884033,3910.15,0.10100000,0
1505864801,21884032,3910.00,0.77020004,0
1505864800,21884029,3906.21,0.00130000,1
1505864797,21884028,3910.00,0.01340479,0
1505864792,21884025,3910.00,0.13309753,0
1505864792,21884022,3910.00,0.05206071,0
1505864792,21884021,3909.99,0.02442908,0
1505864791,21884019,3910.00,0.02557092,0
1505864786,21884010,3909.68,0.03186610,1
1505864785,21884009,3906.04,0.90546126,1
1505864785,21884008,3906.06,0.87150000,1
1505864784,21884007,3906.09,0.13803874,0
1505864776,21884004,3906.00,0.00589108,1
1505864772,21884002,3910.00,0.10095961,0
1505864768,21883999,3910.00,0.35460000,0
1505864749,21883991,3910.15,0.00297047,0
1505864745,21883989,3910.15,0.05100000,0
1505864738,21883985,3910.15,0.03257595,0
1505864737,21883983,3910.12,0.01500000,0
1505864717,21883982,3908.28,0.02000000,1
1505864708,21883981,3912.57,0.23493933,0
1505864706,21883979,3912.01,1.57000000,1
1505864704,21883977,3912.57,0.01887330,0
1505864704,21883976,3912.57,0.50618422,0
1505864701,21883974,3912.00,2.00000000,1
1505864695,21883969,3914.00,0.02289103,0
1505864693,21883965,3912.03,0.01000000,1
1505864690,21883962,3912.03,0.55000000,0
1505864690,21883961,3912.05,0.15000000,1
1505864687,21883959,3914.02,0.03937000,0
1505864686,21883957,3914.02,0.02899458,0
1505864683,21883953,3914.02,0.02924280,0
1505864673,21883936,3918.96,2.17770000,0
1505864673,21883935,3918.93,0.02000000,0
1505864660,21883934,3919.12,0.00254550,0
1505864655,21883931,3919.13,0.12697445,0
1505864647,21883928,3918.00,3.25235728,0
1505864646,21883927,3918.63,0.02904688,1
1505864634,21883923,3919.13,0.02904400,0
1505864632,21883922,3919.13,0.02904400,0
1505864631,21883921,3919.55,0.33150700,1
1505864611,21883919,3920.07,0.01313000,1
1505864593,21883910,3923.00,0.07477425,0
1505864533,21883908,3923.00,0.01709868,0
1505864525,21883906,3923.00,0.05848075,0
1505864519,21883884,3923.00,0.07473325,0
1505864498,21883876,3923.00,0.03875598,0
1505864476,21883874,3918.26,0.04855908,1
1505864469,21883873,3923.00,0.74429010,0
1505864446,21883865,3918.32,0.00635000,1
1505864432,21883857,3923.00,0.06685896,0
1505864429,21883855,3923.00,0.07820635,0
1505864428,21883853,3923.00,0.05829108,0
1505864394,21883845,3923.75,0.03780290,0
1505864391,21883844,3923.78,0.02214250,0
1505864390,21883843,3923.78,0.02679280,0
1505864389,21883842,3923.78,0.03777650,0
1505864386,21883841,3922.87,0.00941000,1
1505864383,21883838,3923.81,0.02328400,0
1505864377,21883837,3923.45,0.29057717,1
1505864374,21883835,3923.81,0.08703253,0
1505864373,21883834,3923.81,1.41201811,0
1505864371,21883829,3923.81,0.06510360,0
1505864369,21883826,3919.26,1.45180000,0
1505864351,21883823,3920.65,0.28374636,1
1505864346,21883819,3920.52,2.27310000,0
1505864344,21883818,3925.69,0.12690000,1
1505864343,21883817,3928.23,0.43522400,0
1505864341,21883816,3928.23,1.22622800,0
1505864339,21883815,3928.23,0.27611597,0
1505864333,21883812,3925.69,0.02034310,0
1505864328,21883808,3925.69,0.08377830,0
1505864326,21883807,3923.20,1.44255100,0
1505864322,21883806,3928.23,0.02532300,0
1505864321,21883803,3926.05,0.06134170,0
1505864321,21883802,3926.05,0.03435830,0
1505864320,21883801,3926.05,1.08749989,0
1505864320,21883800,3926.04,0.04590261,0
1505864320,21883799,3926.04,0.29583400,0
1505864314,21883797,3926.05,0.02019830,0
1505864311,21883795,3923.77,0.34173661,0
1505864310,21883794,3923.77,1.27847139,1
1505864310,21883793,3926.05,0.29194200,0
1505864309,21883792,3926.05,0.10721662,0
1505864309,21883790,3923.77,0.34173661,1
1505864307,21883788,3926.05,0.06424220,0
1505864306,21883787,3926.05,4.39710000,0
1505864306,21883786,3925.64,0.10290000,0
1505864300,21883781,3925.59,0.05403740,0
1505864294,21883778,3925.64,0.06392290,0
1505864293,21883776,3926.33,2.54060000,1
1505864290,21883774,3928.22,4.34000000,1
1505864285,21883773,3929.41,0.47700000,0
1505864285,21883772,3929.41,0.47800000,0
1505864284,21883771,3929.41,0.47900000,0
1505864284,21883770,3929.41,0.47800000,0
1505864283,21883769,3930.06,0.47900000,0
1505864279,21883766,3932.00,2.00000000,1
1505864250,21883765,3937.58,0.00130000,0
1505864224,21883761,3937.71,0.00253064,0
1505864165,21883731,3938.57,0.02993621,0
1505864131,21883697,3930.08,0.00130000,1
1505864124,21883696,3938.79,0.00130000,0
1505864109,21883690,3930.01,0.00130000,0
1505864101,21883684,3930.00,0.02039837,1
1505864086,21883682,3929.94,0.01250000,1
1505863977,21883647,3935.94,0.03258286,0
1505863973,21883644,3935.96,0.17478214,0
1505863952,21883632,3929.78,0.12750413,1
1505863951,21883631,3928.24,0.01883206,1
1505863937,21883625,3935.98,0.04000000,0
1505863924,21883623,3928.21,1.10112639,1
1505863924,21883622,3929.72,2.53880000,1
1505863908,21883618,3935.95,0.01424481,0
1505863891,21883613,3936.00,2.16020000,0
1505863889,21883611,3936.00,0.00214531,0
1505863889,21883610,3936.00,0.13860000,0
1505863889,21883609,3935.99,2.53550000,0
1505863888,21883608,3935.98,0.87090000,0
1505863874,21883603,3936.00,0.05912830,0
1505863863,21883594,3937.78,0.00875391,1
1505863862,21883593,3929.66,0.38178466,1
1505863784,21883554,3938.73,1.26619514,0
1505863756,21883544,3929.37,0.88835869,1
1505863691,21883519,3937.89,0.15842403,0
1505863691,21883518,3930.00,0.05697747,0
1505863688,21883517,3930.00,0.02165000,0
1505863667,21883509,3928.89,0.00787000,1
1505863651,21883507,3928.78,0.07000000,1
1505863636,21883505,3928.76,0.01479816,1
1505863630,21883503,3930.00,0.07191110,0
1505863627,21883500,3930.00,0.12176500,0
1505863604,21883489,3928.67,0.81115424,1
1505863604,21883488,3928.70,0.18884576,1
1505863576,21883476,3928.55,0.00533000,1
1505863564,21883465,3938.24,0.02000000,0
1505863544,21883460,3938.35,0.00130000,0
1505863534,21883456,3938.59,0.00368939,0
1505863466,21883431,3938.84,0.00375699,0
1505863449,21883424,3939.31,0.01459634,0
1505863449,21883423,3938.89,0.01274474,0
1505863448,21883422,3937.97,0.02396342,0
1505863448,21883421,3937.95,0.18222757,1
1505863446,21883419,3935.10,0.00203046,0
1505863405,21883408,3931.22,0.50698450,0
1505863405,21883407,3927.60,0.00686489,0
1505863386,21883404,3932.02,0.99384686,0
1505863377,21883396,3925.96,0.00130000,0
1505863374,21883391,3931.76,0.38360000,0
1505863361,21883383,3931.99,0.76039677,0
1505863359,21883382,3932.04,0.02000000,0
1505863355,21883372,3932.04,0.00130000,1
1505863352,21883366,3931.53,4.66204660,0
1505863348,21883352,3931.65,0.40101000,0
1505863320,21883269,3932.04,0.01013862,0
1505863320,21883268,3932.04,0.07091967,0
1505863315,21883259,3932.02,0.05466664,0
1505863315,21883257,3932.02,2.11520000,0
1505863315,21883256,3931.77,2.53840000,0
1505863312,21883255,3932.03,0.01522111,0
1505863309,21883254,3932.04,0.09660634,0
1505863309,21883253,3932.04,0.34640000,0
1505863269,21883202,3929.44,0.69750000,0
1505863265,21883188,3929.43,0.30643933,0
1505863260,21883180,3929.45,4.50315236,0
1505863260,21883179,3928.00,0.23354764,0
1505863260,21883178,3927.91,0.16100000,0
1505863260,21883177,3927.91,0.10230000,0
1505863248,21883159,3927.90,0.00939247,1
1505863240,21883154,3927.16,2.38918200,1
1505863239,21883150,3927.16,2.00000000,1
1505863229,21883143,3928.00,0.20220568,0
1505863227,21883138,3928.00,0.45200000,1
1505863222,21883132,3929.33,2.00000000,0
1505863221,21883131,3928.00,0.02600000,1
1505863221,21883128,3928.00,0.47400000,1
1505863219,21883121,3928.00,0.47700000,1
1505863218,21883117,3928.00,0.00100000,1
1505863218,21883115,3928.00,0.47800000,0
1505863217,21883112,3928.00,0.03500000,1
1505863213,21883111,3928.17,0.10000000,1
1505863203,21883093,3929.35,0.63073381,0
1505863194,21883084,3934.55,0.86840000,0
1505863179,21883076,3935.05,0.31052756,1
1505863178,21883073,3935.05,0.10000000,1
1505863177,21883071,3935.05,0.03908661,1
1505863175,21883069,3935.04,0.44471293,0
1505863175,21883068,3935.04,1.34437439,0
1505863174,21883067,3935.05,1.52224186,0
1505863173,21883063,3935.05,1.04130421,0
1505863173,21883062,3935.05,0.19775244,0
1505863172,21883059,3935.05,0.41052756,0
1505863146,21883032,3926.78,0.00130000,1
1505863133,21883019,3934.99,0.10394181,0
1505863112,21883002,3934.29,0.07109671,0
1505863111,21882998,3926.30,0.00509666,1
1505863101,21882992,3932.11,0.01690320,0
1505863099,21882991,3932.11,0.15408915,1
1505863094,21882990,3932.11,0.88281951,0
1505863085,21882986,3932.11,0.02333861,0
1505863084,21882984,3926.56,0.00604000,1
1505863067,21882967,3924.58,0.00292545,1
1505863067,21882966,3926.53,0.02101534,1
1505863038,21882916,3934.21,0.53740759,0
1505863032,21882915,3927.01,2.50000000,1
1505863004,21882911,3926.91,1.13940244,1
1505863004,21882910,3926.92,0.48800000,1
1505863004,21882909,3926.96,0.95454208,1
1505862966,21882851,3934.40,0.07394900,1
1505862963,21882849,3934.55,2.72813229,0
1505862963,21882848,3925.47,0.02800000,0
1505862963,21882847,3925.47,0.00386771,0
1505862936,21882838,3925.47,0.00130000,0
1505862916,21882834,3923.99,0.02804676,1
1505862888,21882809,3932.10,0.01572697,0
1505862885,21882808,3923.86,0.00574615,0
1505862869,21882804,3923.83,0.05700000,0
1505862868,21882803,3923.83,0.10090340,1
1505862855,21882802,3929.41,1.73050783,0
1505862845,21882799,3932.06,0.11669455,0
1505862836,21882782,3932.09,0.08000000,0
1505862815,21882780,3932.08,0.00269421,0
1505862802,21882767,3923.07,0.00544774,0
1505862799,21882752,3923.07,0.25000000,0
1505862796,21882735,3934.54,0.00507047,0
1505862753,21882696,3932.00,2.55000000,1
1505862751,21882692,3924.01,0.02708112,1
1505862748,21882683,3934.31,0.01127103,0
1505862734,21882648,3934.34,0.42352046,0
1505862734,21882646,3934.11,0.00205077,0
1505862734,21882645,3934.06,0.87150000,0
1505862734,21882644,3933.00,0.09740430,0
1505862734,21882643,3932.63,0.10000000,0
1505862734,21882642,3932.62,0.00552447,0
1505862706,21882613,3932.99,0.12297553,0
1505862663,21882553,3922.75,0.00800357,1
1505862662,21882552,3922.74,0.07462346,1
1505862660,21882549,3933.00,0.05945804,0
1505862646,21882547,3922.51,0.01020000,1
1505862643,21882546,3932.99,0.01635217,0
1505862640,21882543,3922.43,0.01090000,0
1505862637,21882542,3922.43,0.30000000,0
1505862632,21882540,3922.43,0.28374636,0
1505862631,21882539,3922.43,0.09124599,0
1505862626,21882535,3922.43,2.31960000,0
1505862617,21882531,3920.17,0.01515773,1
1505862604,21882522,3922.43,0.23650645,0
1505862600,21882519,3922.43,0.06699292,0
1505862599,21882518,3922.43,0.02913548,0
1505862562,21882495,3922.43,0.00689151,0
1505862558,21882494,3922.43,0.01192676,0
1505862546,21882489,3922.43,0.04281101,0
1505862539,21882485,3922.43,2.50000000,0
1505862525,21882484,3919.19,1.00000000,1
1505862516,21882483,3921.79,2.38016155,1
1505862515,21882481,3921.79,0.95983845,1
1505862515,21882480,3921.79,1.00000000,1
1505862512,21882478,3919.18,0.12850000,1
1505862512,21882477,3919.20,0.87150000,1
1505862490,21882464,3929.54,2.52725356,0
1505862483,21882462,3927.61,2.54230000,1
1505862483,21882461,3928.04,4.46000000,1
1505862469,21882460,3932.50,0.25000000,0
1505862434,21882451,3933.00,0.36969145,0
1505862434,21882450,3932.97,0.12192608,0
1505862420,21882445,3932.97,0.01000000,0
1505862419,21882444,3932.96,0.02000000,1
1505862389,21882438,3933.00,0.05388357,0
1505862389,21882437,3932.97,0.36611643,0
1505862388,21882436,3932.97,0.63388357,1
1505862382,21882434,3933.00,2.00000000,0
1505862379,21882432,3933.00,1.73384185,0
1505862379,21882431,3930.00,0.19019631,0
1505862378,21882430,3928.36,0.00200000,1
1505862377,21882423,3928.36,0.00205076,0
1505862376,21882418,3928.35,0.89745518,1
1505862372,21882416,3928.35,0.14588620,1
1505862364,21882412,3922.88,0.02400000,0
1505862356,21882411,3922.88,0.01600000,0
1505862351,21882409,3921.00,0.05701288,0
1505862348,21882408,3920.00,2.88268373,0
1505862344,21882407,3919.00,2.03402877,0
1505862342,21882406,3919.00,4.99931901,0
1505862341,21882405,3919.00,0.00236881,0
1505862340,21882404,3919.00,3.32070000,0
1505862339,21882403,3918.99,0.00200000,1
1505862330,21882399,3919.00,0.53860000,0
1505862329,21882398,3918.99,0.00377505,1
1505862329,21882397,3918.99,0.01622495,1
1505862305,21882377,3919.00,0.25440000,0
1505862298,21882375,3919.00,0.36265448,0
1505862285,21882368,3919.00,0.88682541,0
1505862281,21882366,3919.00,4.82554411,0
1505862279,21882365,3919.00,3.07808048,0
1505862278,21882364,3918.00,0.15000000,0
1505862241,21882362,3918.15,0.25440000,0
1505862226,21882360,3912.08,0.01100000,1
1505862185,21882357,3919.00,0.28942000,0
1505862184,21882356,3919.00,0.11873600,0
1505862177,21882354,3918.97,0.25440000,0
1505862166,21882353,3919.00,2.50987241,0
1505862166,21882352,3918.99,2.54640000,1
1505862166,21882351,3918.98,0.04950268,0
1505862165,21882350,3918.97,0.02422500,1
1505862165,21882349,3918.93,0.87150000,0
1505862163,21882348,3918.89,0.87150000,1
1505862163,21882347,3918.89,2.54640000,0
1505862126,21882340,3918.94,0.01551765,0
1505862119,21882335,3918.97,0.25440000,0
1505862084,21882302,3918.96,0.17565349,0
1505862061,21882278,3910.87,0.02422500,1
1505862052,21882268,3918.98,0.66541967,0
1505862051,21882267,3918.97,0.00586500,0
1505862045,21882254,3918.93,0.02400000,0
1505862033,21882232,3910.57,0.00842674,1
1505862017,21882212,3910.47,0.00586500,1
1505862016,21882211,3910.51,0.01280902,1
1505862016,21882210,3910.48,0.00200000,1
1505862008,21882202,3910.27,0.06600000,1
1505862004,21882192,3918.97,0.00885916,0
1505862002,21882188,3910.17,0.07282105,1
1505861986,21882179,3909.74,0.02550000,1
1505861974,21882168,3919.99,0.34879167,0
1505861956,21882114,3912.26,0.00512286,1
1505861946,21882109,3912.01,0.04835380,1
1505861945,21882105,3919.99,0.02341077,0
1505861926,21882094,3911.88,0.28181875,1
1505861897,21882085,3910.96,0.12777500,1
1505861882,21882018,3920.00,2.00000000,0
1505861882,21882015,3910.85,0.06963656,1
1505861882,21882013,3911.86,0.18656361,1
1505861881,21882010,3912.60,0.07322176,1
1505861855,21881985,3919.84,1.60928448,0
1505861854,21881982,3919.84,0.42586740,0
1505861854,21881981,3919.83,0.46484812,0
1505861848,21881978,3919.76,0.17633720,0
1505861848,21881977,3919.73,0.10467408,0
1505861793,21881954,3916.13,1.88245545,0
1505861793,21881953,3911.12,0.11754455,0
1505861775,21881945,3911.07,0.10467408,1
1505861755,21881942,3920.00,0.00159968,0
1505861754,21881941,3920.00,0.01161862,0
1505861753,21881940,3919.96,0.13041180,0
1505861751,21881939,3910.99,0.11741310,1
1505861744,21881937,3919.62,3.25860953,1
1505861743,21881936,3915.00,0.22079047,0
1505861739,21881935,3915.00,4.77920953,0
1505861716,21881927,3911.06,0.01299870,1
1505861710,21881918,3919.66,0.10352658,0
1505861687,21881916,3919.78,1.13635204,0
1505861685,21881915,3919.76,0.87150000,0
1505861673,21881914,3919.83,0.00600000,0
1505861665,21881913,3914.92,2.34665970,1
1505861664,21881912,3913.12,0.20000000,0
1505861663,21881911,3910.00,2.76091465,0
1505861662,21881910,3910.00,2.23908535,0
1505861662,21881909,3909.69,0.01908690,0
1505861662,21881908,3909.68,2.74182775,0
1505861661,21881907,3909.68,0.07109958,0
1505861660,21881906,3909.68,1.00714059,0
1505861656,21881905,3909.67,0.06412973,1
1505861653,21881903,3909.68,0.00890000,0
1505861653,21881902,3909.68,0.01261532,0
1505861622,21881898,3909.68,0.01400000,0
1505861621,21881897,3909.68,0.13551676,0
1505861613,21881894,3909.67,2.55420000,1
1505861568,21881857,3909.68,0.00890000,0
1505861548,21881852,3905.00,0.00200000,1
1505861537,21881848,3905.00,0.01230375,1
1505861532,21881846,3909.66,0.02982068,0
1505861527,21881842,3909.69,0.08141310,0
1505861526,21881841,3905.16,0.03600000,0
1505861520,21881838,3909.66,0.03854983,0
1505861519,21881837,3905.16,0.01723650,0
1505861502,21881832,3911.62,1.52820000,0
1505861491,21881830,3908.47,0.03628480,1
1505861479,21881827,3918.16,0.13519311,0
1505861466,21881825,3918.30,0.25469487,1
1505861466,21881822,3918.27,0.95514358,0
1505861409,21881802,3916.04,1.07170000,1
1505861409,21881801,3915.99,2.54970000,0
1505861381,21881797,3916.05,0.00676416,0
1505861364,21881794,3905.46,0.85200000,1
1505861341,21881789,3905.31,0.00715333,1
1505861327,21881785,3905.19,0.01200000,1
1505861276,21881777,3909.02,0.05042441,0
1505861266,21881775,3903.55,0.07653901,1
1505861256,21881774,3905.00,2.89733100,0
1505861253,21881773,3905.00,0.10266900,1
1505861239,21881770,3908.96,0.01195057,0
1505861238,21881769,3908.91,0.26900000,0
1505861238,21881768,3908.91,0.19900000,0
1505861225,21881763,3908.92,0.11738536,0
1505861200,21881760,3908.94,0.08343617,0
1505861187,21881755,3908.65,0.19559478,0
1505861167,21881749,3914.36,0.02142879,0
1505861166,21881748,3906.57,0.00201980,0
1505861162,21881745,3908.66,0.25467247,0
1505861131,21881740,3911.40,0.10340299,0
1505861114,21881720,3909.05,1.87255017,0
1505861114,21881719,3906.57,0.12244983,0
1505861109,21881716,3906.56,0.00429697,0
1505861104,21881714,3903.38,0.00932155,1
1505861104,21881713,3903.38,0.01067845,1
1505861103,21881712,3906.57,0.07155017,0
1505861103,21881711,3906.57,0.01776821,0
1505861087,21881705,3903.42,0.00892640,1
1505861086,21881704,3906.43,0.02342763,1
1505861076,21881703,3911.41,1.54200000,0
1505861075,21881702,3911.41,0.01000000,0
1505861068,21881699,3914.38,0.02000000,0
1505861046,21881698,3917.17,0.02342763,0
1505861044,21881693,3906.53,0.54427891,1
1505861044,21881692,3908.00,0.02070807,1
1505861043,21881691,3910.00,0.01094443,1
1505861043,21881690,3910.00,0.01000000,1
1505861043,21881689,3912.00,0.38053381,1
1505861041,21881688,3912.00,0.15364546,1
1505861026,21881687,3912.00,0.01280378,1
1505861013,21881685,3917.31,0.02860000,0
1505861012,21881684,3917.31,0.48400000,0
1505861012,21881683,3917.31,0.48000000,0
1505861012,21881682,3917.31,0.22000000,0
1505861008,21881678,3917.30,0.08559000,0
1505860997,21881667,3912.00,0.11522585,1
1505860997,21881666,3912.00,0.00764321,1
1505860996,21881665,3915.00,0.00247100,1
1505860994,21881659,3917.32,0.02800000,0
1505860990,21881654,3917.33,0.04528220,0
1505860983,21881642,3917.35,0.01000000,0
1505860982,21881641,3917.36,0.01000000,0
1505860981,21881640,3917.35,0.96340000,0
1505860933,21881634,3917.50,0.01988817,1
1505860902,21881630,3913.00,4.75096517,0
1505860900,21881629,3913.00,2.39983601,0
1505860899,21881628,3913.00,0.48200000,0
1505860899,21881627,3913.29,0.49000000,1
1505860899,21881626,3913.29,0.48800000,1
1505860899,21881625,3913.32,0.76159570,1
1505860852,21881621,3917.59,0.03000000,0
1505860847,21881618,3912.00,0.15442870,1
1505860847,21881617,3913.00,0.03000000,1
1505860847,21881616,3913.00,0.02000000,1
1505860847,21881615,3913.00,0.02000000,1
1505860846,21881614,3913.00,0.02000000,1
1505860846,21881613,3913.00,0.01056000,1
1505860843,21881612,3913.80,1.56190000,0
1505860842,21881611,3913.80,0.49000000,0
1505860842,21881610,3913.80,0.48400000,0
1505860842,21881609,3914.46,0.01470000,1
1505860834,21881608,3913.04,0.01174957,1
1505860833,21881607,3913.04,0.20775684,1
1505860833,21881606,3924.89,0.51207607,0
1505860833,21881605,3924.75,0.14000000,0
1505860832,21881604,3922.15,0.87150000,0
1505860827,21881603,3913.00,0.39500000,0
1505860827,21881602,3913.00,0.07027900,0
1505860827,21881601,3913.00,0.99829707,0
1505860825,21881600,3913.00,0.02000000,0
1505860824,21881599,3913.00,0.02000000,0
1505860822,21881598,3913.00,0.02000000,0
1505860818,21881577,3913.00,0.05000000,0
1505860817,21881576,3912.04,0.03826399,1
1505860816,21881575,3913.00,0.02000000,0
1505860793,21881568,3913.00,2.94250000,0
1505860793,21881567,3913.00,4.00000000,0
1505860792,21881566,3913.00,0.18620293,0
1505860792,21881565,3913.27,0.87150000,1
1505860792,21881564,3913.30,0.87150000,1
1505860786,21881563,3914.91,0.09047527,0
1505860773,21881559,3916.00,0.03383389,1
1505860766,21881557,3917.33,3.86000000,1
1505860765,21881556,3917.33,0.52000000,1
1505860762,21881550,3918.35,0.43890000,0
1505860760,21881549,3918.78,0.12712101,0
1505860751,21881548,3918.70,3.81400000,0
1505860751,21881547,3918.78,0.48500000,1
1505860750,21881546,3918.86,0.87150000,1
1505860740,21881545,3927.67,0.02000000,0
1505860728,21881542,3927.74,0.83000000,0
1505860724,21881541,3924.06,0.01390000,0
1505860713,21881540,3918.14,0.06558362,1
1505860713,21881539,3920.13,0.02104963,1
1505860706,21881538,3928.35,0.53217117,0
1505860701,21881537,3928.03,0.02113016,0
1505860692,21881532,3928.02,0.11408831,1
1505860688,21881531,3928.00,0.36692239,0
1505860667,21881523,3928.00,0.30716649,0
1505860666,21881522,3925.01,0.00203568,0
1505860666,21881521,3924.00,0.03500184,0
1505860665,21881520,3922.89,0.16393985,0
1505860601,21881513,3922.89,0.02976377,0
1505860584,21881512,3922.89,0.82000000,0
1505860577,21881509,3922.89,0.18968000,0
1505860577,21881508,3922.89,7.00000000,0
1505860566,21881507,3922.89,0.11696734,0
1505860564,21881505,3922.00,0.06300000,1
1505860561,21881504,3922.89,0.81799897,0
1505860561,21881503,3922.00,0.99960000,0
1505860561,21881502,3922.00,0.58729792,1
1505860551,21881501,3919.40,0.72000000,1
1505860534,21881498,3921.97,0.08379786,0
1505860534,21881497,3921.95,0.87150000,0
1505860534,21881496,3919.43,0.03000000,0
1505860533,21881495,3912.11,0.20492922,1
1505860527,21881494,3919.82,0.04898427,0
1505860517,21881493,3912.00,0.01312187,1
1505860517,21881492,3912.00,0.01224000,1
1505860506,21881491,3919.51,0.23668265,0
1505860504,21881489,3919.51,1.86479766,0
1505860503,21881488,3919.51,0.01483500,0
1505860456,21881462,3912.00,0.02526892,1
1505860446,21881449,3919.56,0.02341334,0
1505860445,21881447,3912.00,1.99508840,1
1505860398,21881425,3922.00,0.06382436,0
1505860397,21881424,3922.00,0.93617564,1
1505860396,21881423,3922.00,0.06382436,1
1505860380,21881416,3920.32,0.02000000,1
1505860354,21881409,3920.33,0.11728354,0
1505860336,21881408,3922.84,1.28147532,0
1505860335,21881407,3917.96,0.80000000,0
1505860335,21881406,3916.43,0.07884000,0
1505860326,21881403,3916.42,0.02343211,1
1505860321,21881400,3916.42,0.02000000,0
1505860320,21881399,3915.00,0.18968000,1
1505860319,21881398,3915.00,0.29232000,1
1505860319,21881397,3915.00,0.47900000,1
1505860317,21881396,3915.00,0.48100000,1
1505860317,21881395,3915.00,0.98500000,1
1505860312,21881394,3917.95,0.00322421,0
1505860309,21881392,3917.96,0.20000000,0
1505860297,21881385,3920.06,0.08676073,0
1505860293,21881384,3915.36,3.03590000,1
1505860289,21881383,3914.47,0.70349400,0
1505860288,21881381,3910.87,0.19500000,1
1505860288,21881380,3910.87,0.48100000,1
1505860287,21881379,3910.88,0.32400000,1
1505860287,21881378,3914.49,0.77346900,0
1505860285,21881377,3914.48,0.32650600,0
1505860284,21881374,3914.48,0.12707441,0
1505860283,21881373,3914.49,0.00450000,0
1505860278,21881372,3916.23,0.47800000,1
1505860277,21881371,3916.23,0.00300000,0
1505860277,21881370,3916.23,0.47900000,0
1505860276,21881369,3916.20,0.47300000,0
1505860268,21881363,3920.10,0.05095684,0
1505860265,21881362,3917.67,0.12950000,1
1505860263,21881361,3914.36,0.02550000,0
1505860261,21881360,3916.62,0.05900000,0
1505860260,21881359,3916.62,1.75100000,1
1505860260,21881358,3917.92,4.19000000,1
1505860259,21881357,3922.61,0.10000000,0
1505860259,21881356,3922.61,0.07674477,0
1505860248,21881355,3917.95,0.75000000,1
1505860246,21881354,3917.95,0.03408854,1
1505860244,21881353,3922.89,0.06753021,0
1505860242,21881352,3922.89,0.17306300,0
1505860238,21881348,3922.89,0.02000000,0
1505860235,21881343,3918.39,0.02000000,1
1505860231,21881342,3922.89,1.40000000,0
1505860230,21881340,3922.89,1.77000000,0
1505860229,21881339,3922.89,0.38521200,0
1505860229,21881338,3922.89,0.07504049,0
1505860224,21881335,3922.89,0.02000000,0
1505860224,21881334,3922.89,0.02683103,0
1505860223,21881332,3918.21,0.52000000,1
1505860222,21881331,3922.89,0.01997000,0
1505860220,21881330,3922.89,3.46200000,0
1505860218,21881329,3922.89,0.96080759,0
1505860218,21881328,3922.89,0.01043000,0
1505860212,21881325,3922.89,0.01957000,0
1505860205,21881315,3922.89,4.77910000,0
1505860205,21881314,3922.89,0.13370400,0
1505860204,21881312,3922.89,0.22100396,0
1505860202,21881311,3922.89,0.01000000,0
1505860195,21881308,3922.89,0.02000000,0
1505860193,21881307,3922.89,0.86675499,0
1505860193,21881306,3922.89,0.53782800,0
1505860192,21881302,3922.89,1.99508840,0
1505860192,21881300,3922.89,0.99996686,0
1505860188,21881299,3922.89,0.00254115,0
1505860186,21881297,3922.89,0.01950000,0
1505860185,21881296,3922.89,0.00596160,0
1505860184,21881295,3922.89,0.01997000,0
1505860184,21881294,3922.89,0.01000000,0
1505860184,21881293,3922.89,2.38509180,0
1505860179,21881291,3922.89,0.38700000,0
1505860178,21881290,3922.89,0.01000000,0
1505860178,21881289,3922.89,0.54547500,0
1505860175,21881288,3922.89,0.01694000,0
1505860174,21881287,3922.89,0.30000000,0
1505860165,21881283,3922.89,1.93718180,0
1505860164,21881282,3922.89,0.01265572,0
1505860164,21881281,3918.63,0.01275900,0
1505860159,21881278,3922.89,0.01000000,0
1505860156,21881277,3922.89,0.94998145,0
1505860154,21881272,3922.89,0.12739210,0
1505860148,21881259,3922.89,0.06000000,0
1505860147,21881258,3922.89,3.13733392,0
1505860140,21881252,3922.89,0.02561160,0
1505860138,21881248,3922.89,0.46310000,0
1505860134,21881246,3922.89,0.47208230,0
1505860134,21881244,3922.89,1.60348423,0
1505860131,21881240,3922.89,0.06000000,0
1505860128,21881238,3922.89,1.79590663,0
1505860124,21881237,3922.89,0.16455296,0
1505860124,21881236,3922.89,0.16422352,0
1505860123,21881235,3922.89,0.04153462,0
1505860121,21881234,3922.89,0.02000000,0
1505860119,21881233,3922.89,1.03292237,0
1505860119,21881232,3922.89,0.45043205,0
1505860119,21881231,3922.89,0.57504826,0
1505860119,21881230,3922.89,0.10173410,0
1505860114,21881228,3922.89,0.54766000,0
1505860112,21881225,3922.89,0.54766000,0
1505860110,21881224,3922.88,0.41923767,0
1505860108,21881223,3922.89,3.34900000,0
1505860108,21881222,3922.89,0.01094000,0
1505860100,21881220,3922.89,0.01000000,0
1505860098,21881219,3922.89,0.02079000,0
1505860096,21881218,3922.88,0.02000000,1
1505860094,21881216,3922.89,0.01194819,0
1505860089,21881213,3922.89,0.14809217,0
1505860088,21881212,3922.89,0.02000000,0
1505860088,21881211,3922.89,0.01987415,0
1505860084,21881207,3922.85,0.02057000,0
1505860082,21881201,3922.86,0.02057000,1
1505860081,21881196,3922.88,0.25000000,0
1505860075,21881191,3922.89,0.01350041,0
1505860067,21881189,3913.36,0.01664705,1
1505860061,21881187,3922.89,0.01060000,0
1505860058,21881161,3922.89,0.01549421,0
1505860049,21881157,3922.89,1.25453323,0
1505860049,21881156,3922.60,0.00206075,0
1505860037,21881153,3922.58,0.07301124,0
1505860036,21881152,3922.58,0.07301124,1
1505860022,21881148,3912.78,0.07747407,1
1505860021,21881147,3912.78,0.10200000,1
1505860007,21881140,3922.59,0.39767129,1
1505859988,21881134,3922.57,0.35040000,0
1505859987,21881133,3921.91,0.30958885,1
1505859986,21881131,3918.23,0.02193175,0
1505859986,21881130,3918.22,0.09800000,0
1505859981,21881129,3918.22,0.02676218,0
1505859974,21881127,3918.22,0.01270744,0
1505859961,21881124,3909.98,0.48700000,1
1505859960,21881121,3909.98,2.33506287,0
1505859958,21881120,3909.98,0.41493713,1
1505859948,21881105,3917.99,0.01500000,0
1505859928,21881103,3917.99,0.02602015,0
1505859928,21881102,3917.99,0.01097985,0
1505859919,21881098,3917.81,0.07638196,0
1505859872,21881081,3908.59,0.02560000,1
1505859871,21881080,3908.62,0.00833973,1
1505859864,21881076,3918.22,0.05204832,0
1505859852,21881070,3909.12,0.05395867,0
1505859849,21881069,3909.12,0.39377843,1
1505859838,21881066,3918.23,0.02000000,0
1505859836,21881063,3918.22,0.71644445,1
1505859834,21881061,3918.22,0.01655854,1
1505859832,21881060,3911.78,0.13823701,1
1505859829,21881055,3922.59,0.05670199,0
1505859828,21881053,3918.23,2.18035904,1
1505859827,21881052,3922.59,0.39134929,0
1505859827,21881051,3922.58,0.90000000,0
1505859827,21881050,3918.24,0.05495071,0
1505859824,21881048,3911.78,0.18623200,1
1505859821,21881046,3911.78,0.18623104,0
1505859810,21881039,3922.57,0.35232548,0
1505859810,21881037,3920.17,0.02117253,0
1505859810,21881035,3920.00,0.08686311,0
1505859810,21881033,3916.85,0.00206074,0
1505859810,21881032,3914.92,0.00204093,0
1505859810,21881030,3914.91,0.35163887,0
1505859808,21881029,3914.91,0.05000000,0
1505859800,21881020,3913.99,0.11817864,0
1505859797,21881015,3913.99,0.00000374,1
1505859796,21881014,3914.00,0.18593927,1
1505859796,21881013,3914.00,0.81406073,0
1505859793,21881006,3913.68,0.12156334,0
1505859789,21881005,3914.00,0.18593927,0
1505859789,21881004,3911.10,0.00206073,0
1505859781,21881003,3911.09,0.01657000,1
1505859773,21880998,3911.09,0.03331297,1
1505859772,21880997,3911.09,0.03675500,1
1505859767,21880990,3911.09,0.16293300,1
1505859766,21880986,3911.09,0.03669566,1
1505859763,21880980,3911.09,0.03337433,1
1505859758,21880979,3909.00,0.08638992,0
1505859745,21880977,3908.99,0.03605280,1
1505859742,21880976,3907.75,0.01000000,1
1505859736,21880971,3907.78,0.16749793,1
1505859733,21880969,3903.37,4.92949313,0
1505859733,21880968,3903.37,7.00000000,0
1505859733,21880967,3903.37,5.00000000,0
1505859733,21880966,3903.37,7.00000000,0
1505859732,21880961,3903.37,0.13802700,0
1505859731,21880960,3903.37,0.01349799,0
1505859731,21880959,3903.37,0.37137857,0
1505859731,21880958,3901.01,0.11248601,0
1505859731,21880957,3901.01,0.66124300,0
1505859730,21880956,3901.01,0.02627099,0
1505859727,21880955,3900.82,0.06974449,1
1505859726,21880954,3903.37,0.55000000,0
1505859725,21880948,3903.37,1.67586479,0
1505859723,21880946,3903.37,17.00000000,0
1505859720,21880945,3903.37,0.02555440,0
1505859720,21880944,3903.37,0.02000000,0
1505859714,21880942,3903.37,0.17939130,0
1505859714,21880941,3903.37,0.11008100,0
1505859713,21880940,3903.37,0.12345511,0
1505859713,21880939,3903.37,2.00000000,0
1505859712,21880938,3903.37,0.03397451,0
1505859712,21880937,3900.74,0.20000000,1
1505859708,21880935,3903.37,0.06751529,0
1505859706,21880933,3901.04,0.12723882,1
1505859705,21880932,3903.37,0.00368694,0
1505859702,21880931,3903.37,2.69710000,0
1505859700,21880929,3903.37,0.04097997,0
1505859698,21880926,3903.37,0.02000000,0
1505859692,21880925,3903.37,1.00000000,0
1505859662,21880918,3901.00,2.11994459,0
1505859642,21880911,3901.00,0.00675127,0
1505859612,21880906,3901.00,0.00501114,0
1505859550,21880884,3900.97,0.61283567,0
1505859544,21880883,3890.34,0.38632355,1
1505859544,21880882,3895.83,0.61367645,1
1505859543,21880881,3895.83,0.48900000,0
1505859533,21880880,3901.00,0.01000000,0
1505859523,21880879,3896.80,0.00511958,1
1505859514,21880878,3895.77,1.71375994,0
1505859514,21880877,3895.74,0.78624006,0
1505859511,21880876,3890.00,0.01207571,1
1505859497,21880863,3890.00,0.02575971,1
1505859484,21880854,3890.00,0.47830000,1
1505859484,21880853,3890.14,0.48900000,1
1505859482,21880849,3895.91,0.03270000,1
1505859475,21880848,3896.20,0.11831117,1
1505859463,21880843,3898.27,0.48600000,0
1505859463,21880842,3895.87,0.01400000,0
1505859460,21880841,3895.86,0.44000000,0
1505859445,21880821,3895.90,0.02000000,0
1505859388,21880809,3888.02,0.20000000,1
1505859377,21880806,3887.92,0.01290161,1
1505859368,21880805,3887.92,0.29109600,1
1505859361,21880804,3887.85,0.03790684,1
1505859324,21880800,3900.87,0.01000000,0
1505859286,21880798,3889.80,0.01000000,1
1505859284,21880771,3889.45,0.18800000,0
1505859260,21880757,3903.27,1.22124042,0
1505859260,21880756,3892.91,0.20700000,0
1505859246,21880752,3884.67,0.29000000,1
1505859234,21880750,3883.52,1.00000000,1
1505859232,21880748,3892.06,0.01200000,0
1505859213,21880745,3883.35,0.00695746,1
1505859172,21880736,3884.20,0.41252170,1
1505859172,21880735,3884.20,0.00522421,1
1505859167,21880734,3892.15,0.02000000,1
1505859162,21880733,3896.50,0.06200000,0
1505859162,21880731,3894.04,2.19338000,1
1505859154,21880730,3891.43,0.20000000,0
1505859153,21880728,3891.00,0.01922000,1
1505859142,21880724,3891.42,0.29717804,0
1505859125,21880691,3891.43,0.05895519,0
1505859112,21880684,3891.43,1.00000000,0
1505859106,21880681,3889.47,0.01292584,1
1505859101,21880679,3889.47,0.04790000,1
1505859098,21880675,3897.70,0.23000000,0
1505859092,21880674,3884.05,0.40525420,0
1505859082,21880670,3897.78,0.51845777,0
1505859082,21880668,3895.54,0.15000000,0
1505859080,21880664,3883.93,0.08506629,1
1505859075,21880656,3886.44,0.21956096,1
1505859073,21880653,3891.44,2.42340000,0
1505859072,21880652,3890.46,0.01500000,0
1505859072,21880650,3886.00,1.00000000,0
1505859052,21880638,3886.44,0.12769062,0
1505859032,21880631,3886.49,0.01753657,0
1505859032,21880630,3885.12,0.00346370,0
1505859025,21880627,3880.26,0.06000000,0
1505859025,21880626,3880.26,0.01235526,0
1505859025,21880625,3880.26,0.15583846,0
1505859025,21880624,3880.00,0.60705946,0
1505859024,21880623,3880.00,0.04520051,0
1505859012,21880621,3880.00,0.25692278,0
1505859005,21880619,3879.99,0.00194577,0
1505859005,21880618,3879.99,0.17302021,0
1505858999,21880615,3880.00,0.00520000,0
1505858998,21880614,3880.00,0.08561725,0
1505858998,21880613,3879.00,0.09139002,0
1505858998,21880612,3878.99,0.05193500,0
1505858995,21880611,3878.99,0.05126827,0
1505858987,21880609,3880.01,0.03926503,0
1505858985,21880607,3880.00,0.05701288,1
1505858985,21880606,3880.00,0.00204641,1
1505858976,21880603,3880.01,0.19678436,0
1505858956,21880597,3880.01,0.01289577,1
1505858953,21880593,3880.01,0.11807900,1
1505858952,21880592,3883.92,0.02800000,0
1505858941,21880585,3880.02,0.02579154,1
1505858938,21880581,3890.08,0.12811757,0
1505858932,21880578,3888.97,0.03100000,0
1505858913,21880567,3889.04,0.01700000,0
1505858912,21880566,3889.05,1.39407915,0
1505858911,21880565,3885.00,0.09390000,0
1505858911,21880564,3885.00,0.78613015,0
1505858911,21880563,3880.00,1.99793927,0
1505858911,21880562,3881.20,0.00206073,1
1505858909,21880561,3885.00,0.05122135,0
1505858904,21880560,3882.35,2.56930000,1
1505858899,21880558,3883.94,1.09602000,1
1505858899,21880557,3883.94,1.09602000,1
1505858899,21880556,3883.94,0.03061000,1
1505858899,21880555,3883.95,0.94125461,1
1505858897,21880554,3883.95,2.28000000,1
1505858897,21880553,3883.95,7.00000000,1
1505858894,21880551,3885.00,0.00900000,0
1505858884,21880550,3885.00,0.02087500,0
1505858878,21880548,3885.00,0.13277350,1
1505858876,21880546,3889.04,0.00500000,0
1505858866,21880545,3885.00,0.00562456,1
1505858863,21880544,3889.06,0.12805418,0
1505858829,21880522,3888.60,4.72000000,1
1505858811,21880514,3890.47,4.15000000,1
1505858799,21880512,3890.47,0.02887000,1
1505858787,21880510,3891.92,4.23000000,0
1505858787,21880509,3891.91,0.13770138,0
1505858786,21880507,3885.96,0.12850000,0
1505858785,21880505,3885.96,0.87150000,1
1505858782,21880502,3891.13,0.13788777,1
1505858781,21880500,3890.74,2.56400000,0
1505858780,21880499,3890.74,0.26923941,0
1505858778,21880496,3891.92,0.07220000,0
1505858777,21880495,3891.92,0.09580000,0
1505858777,21880493,3888.73,0.28305899,1
1505858776,21880492,3890.00,0.02631707,1
1505858776,21880491,3890.00,0.30000000,1
1505858776,21880490,3890.00,0.18000000,1
1505858776,21880489,3890.74,0.20000000,1
1505858776,21880488,3890.74,0.20000000,1
1505858775,21880487,3890.74,0.20000000,1
1505858775,21880486,3891.09,4.22000000,1
1505858775,21880485,3891.17,2.56150000,1
1505858775,21880483,3891.92,0.09580000,0
1505858774,21880482,3891.92,0.09580000,0
1505858771,21880474,3891.14,0.05732186,0
1505858769,21880472,3891.16,0.87150000,1
1505858768,21880470,3892.82,0.25000000,1
1505858768,21880469,3894.58,0.18353872,1
1505858768,21880468,3895.03,0.03000000,1
1505858766,21880467,3896.60,1.49082235,0
1505858762,21880466,3896.60,3.84000000,1
1505858758,21880465,3896.62,0.00200000,1
1505858757,21880464,3899.45,0.11945837,0
1505858745,21880463,3896.60,1.00000000,1
1505858745,21880462,3901.96,0.06732977,0
1505858740,21880450,3901.19,0.12762115,0
1505858726,21880448,3898.92,0.10000000,1
1505858723,21880445,3901.24,2.37360000,0
1505858718,21880442,3898.92,0.02000000,0
1505858717,21880441,3896.59,0.95819145,0
1505858716,21880440,3894.58,0.02646128,1
1505858715,21880439,3896.59,15.04180855,1
1505858714,21880438,3896.59,3.74890000,1
1505858714,21880437,3896.60,4.52000000,1
1505858696,21880435,3896.83,0.01000000,1
1505858696,21880434,3898.92,7.00000000,0
1505858689,21880430,3901.97,0.01000000,0
1505858686,21880429,3901.97,0.01787558,0
1505858684,21880427,3896.83,0.00769852,0
1505858673,21880424,3896.59,0.95399745,1
1505858673,21880423,3896.60,0.04600255,1
1505858672,21880422,3896.83,0.00900000,0
1505858671,21880421,3901.94,2.28939132,0
1505858671,21880420,3901.94,0.06162248,0
1505858671,21880419,3901.97,0.02219862,0
1505858671,21880418,3901.97,0.44975566,0
1505858670,21880417,3901.97,0.15591093,0
1505858664,21880416,3901.96,0.04600255,0
1505858661,21880415,3901.97,0.13000000,0
1505858661,21880414,3901.97,0.04670000,0
1505858661,21880413,3901.96,0.35000000,0
1505858655,21880411,3901.97,0.27410000,0
1505858643,21880409,3906.61,0.07605800,0
1505858637,21880405,3900.79,0.35000000,1
1505858618,21880392,3900.45,0.00200000,0
1505858583,21880383,3909.37,0.06366517,0
1505858536,21880368,3899.43,0.01928127,1
1505858505,21880334,3909.45,0.12751105,0
1505858503,21880330,3909.45,0.41920000,0
1505858498,21880329,3909.45,0.00362280,0
1505858495,21880328,3909.45,0.00329764,0
1505858459,21880312,3909.45,0.01798202,0
1505858457,21880311,3897.97,0.48900000,1
1505858454,21880309,3897.92,0.11714203,0
1505858425,21880295,3904.08,0.01926000,0
1505858421,21880294,3904.08,0.16958254,0
1505858409,21880293,3904.08,0.95959616,0
1505858405,21880292,3904.08,1.14501764,0
1505858404,21880290,3906.90,0.00307149,0
1505858403,21880289,3906.90,0.01000000,0
1505858378,21880279,3904.25,0.50519867,0
1505858372,21880271,3904.26,0.02232054,0
1505858371,21880269,3904.26,0.05996974,0
1505858368,21880268,3904.26,0.33153904,0
1505858323,21880251,3896.68,0.00200000,1
1505858317,21880249,3896.59,0.25529400,1
1505858317,21880248,3896.65,0.48900000,1
1505858314,21880245,3906.91,0.00910000,0
1505858310,21880244,3903.87,1.64981261,0
1505858309,21880243,3906.90,0.02557185,0
1505858294,21880242,3902.55,0.12785925,0
1505858292,21880240,3901.36,0.00336351,0
1505858290,21880239,3901.36,0.03000000,0
1505858288,21880238,3901.36,0.89338134,0
1505858279,21880236,3901.36,4.16643261,0
1505858279,21880235,3900.50,0.50000000,0
1505858278,21880234,3898.82,0.03347720,0
1505858272,21880230,3898.82,0.05412280,0
1505858269,21880225,3898.82,5.00000000,0
1505858269,21880224,3898.82,0.08979000,0
1505858267,21880223,3898.82,0.01021000,0
1505858264,21880222,3898.82,0.38262120,0
1505858260,21880220,3898.82,0.33292830,0
1505858242,21880214,3898.82,0.03370000,0
1505858226,21880210,3898.82,0.23793866,0
1505858224,21880206,3898.82,0.50000000,0
1505858221,21880205,3898.82,0.01911000,0
1505858214,21880198,3899.90,2.55310000,1
1505858214,21880197,3899.99,0.31370893,1
1505858214,21880196,3900.04,0.76776871,1
1505858214,21880195,3900.05,0.04999500,1
1505858213,21880194,3901.00,0.00015903,1
1505858209,21880193,3903.90,0.00252966,0
1505858201,21880187,3901.00,0.01368143,1
1505858192,21880184,3901.00,0.01524622,1
1505858176,21880180,3901.00,0.02000000,1
1505858166,21880178,3902.32,0.48500000,1
1505858166,21880177,3902.32,0.44230088,1
1505858164,21880176,3902.32,0.04269912,1
1505858164,21880175,3902.32,0.43730088,1
1505858151,21880173,3902.32,0.04769912,1
1505858151,21880172,3902.32,0.48400000,1
1505858151,21880171,3902.32,0.46830088,1
1505858146,21880169,3902.32,0.01469912,1
1505858125,21880162,3909.45,1.43950000,0
1505858124,21880161,3902.32,0.06181800,1
1505858119,21880160,3909.45,0.06727527,0
1505858113,21880157,3902.39,0.00200000,1
1505858110,21880156,3909.45,0.04809000,0
1505858108,21880155,3909.45,0.02000000,0
1505858108,21880154,3909.45,0.01009371,0
1505858105,21880152,3909.45,0.01828000,0
1505858100,21880150,3909.45,0.01000000,0
1505858097,21880149,3909.45,0.01047000,0
1505858095,21880148,3909.45,0.14000000,0
1505858093,21880142,3909.45,0.09901480,0
1505858092,21880141,3909.45,0.01042694,0
1505858091,21880140,3909.45,0.43952290,0
1505858040,21880122,3911.94,2.53659868,0
1505858040,21880121,3911.92,0.01200000,0
1505858032,21880117,3911.92,0.36061277,0
1505858028,21880112,3911.92,0.38310000,0
1505858026,21880111,3901.00,0.05091332,1
1505858021,21880107,3911.92,0.06865945,0
1505857975,21880096,3900.19,0.05000000,0
1505857876,21880067,3900.02,0.01152000,1
1505857872,21880064,3911.55,0.07650420,0
1505857866,21880062,3911.57,0.01980300,0
1505857807,21880013,3914.41,0.06296989,1
1505857805,21880011,3911.30,0.03054728,0
1505857805,21880010,3911.30,0.14361112,0
1505857757,21879939,3895.65,0.00837795,1
1505857743,21879933,3908.43,0.00434400,0
1505857735,21879928,3908.48,0.65800000,0
1505857735,21879927,3905.08,0.19200000,0
1505857734,21879926,3909.04,0.41951766,0
1505857734,21879925,3905.08,0.01300000,0
1505857733,21879924,3905.08,0.01300000,0
1505857733,21879923,3905.08,1.27382184,0
1505857727,21879918,3895.18,0.17708289,1
1505857726,21879917,3905.08,0.76721719,0
1505857726,21879916,3895.18,0.01433600,1
1505857701,21879909,3895.29,0.01294261,1
1505857699,21879908,3905.07,0.00919574,0
1505857696,21879907,3905.07,0.30688687,0
1505857688,21879905,3905.07,0.76224719,0
1505857666,21879899,3905.10,0.51147813,0
1505857658,21879897,3895.22,0.01319516,1
1505857653,21879894,3895.20,0.00200000,1
1505857650,21879893,3907.85,0.01000000,0
1505857642,21879892,3907.88,0.03000000,0
1505857639,21879891,3907.90,0.69001845,1
1505857638,21879890,3906.31,0.03809525,0
1505857638,21879889,3904.00,0.03910349,0
1505857634,21879888,3903.99,0.60887720,0
1505857624,21879886,3903.97,0.76721719,0
1505857623,21879885,3903.97,0.40194350,0
1505857613,21879871,3903.99,0.19219195,0
1505857606,21879851,3904.00,0.40918250,0
1505857605,21879850,3901.78,0.00346410,1
1505857597,21879846,3894.80,0.00200000,1
1505857596,21879845,3904.00,0.03916481,0
1505857595,21879844,3901.20,0.03071494,1
1505857594,21879843,3903.99,0.20437497,0
1505857581,21879834,3905.13,0.04265671,0
1505857576,21879833,3905.14,0.08617449,1
1505857570,21879828,3898.54,0.24962683,1
1505857559,21879826,3905.19,0.08810593,0
1505857545,21879825,3899.53,0.28500000,1
1505857544,21879824,3905.13,0.01230000,0
1505857544,21879823,3899.53,0.02000000,1
1505857540,21879821,3899.53,0.49100000,1
1505857539,21879820,3899.53,0.20400000,1
1505857534,21879817,3899.52,0.09792531,0
1505857529,21879815,3896.46,0.75000000,1
1505857528,21879813,3899.53,0.28035615,0
1505857524,21879809,3905.14,0.03917012,0
1505857514,21879798,3899.83,0.19601726,0
1505857508,21879793,3899.84,1.02434972,1
1505857505,21879787,3899.84,0.08428742,0
1505857504,21879786,3899.84,0.02127000,0
1505857504,21879785,3896.65,0.02000000,0
1505857499,21879784,3901.99,0.06371758,0
1505857496,21879782,3896.66,0.61560762,0
1505857496,21879781,3896.69,0.48500000,1
1505857496,21879780,3896.69,0.48900000,1
1505857495,21879779,3896.70,0.58754131,0
1505857494,21879778,3896.70,2.82285107,1
1505857489,21879775,3905.16,0.07188541,0
1505857489,21879773,3896.66,0.51000000,1
1505857485,21879771,3905.19,0.19584710,0
1505857475,21879765,3902.01,4.09072185,0
1505857474,21879764,3901.98,0.09789798,0
1505857464,21879761,3905.20,0.03915919,0
1505857463,21879760,3905.21,0.02000000,0
1505857463,21879759,3896.65,0.35000000,1
1505857460,21879758,3905.15,0.88900000,0
1505857459,21879757,3905.22,3.76643792,0
1505857459,21879756,3905.21,0.22000000,0
1505857459,21879755,3899.80,0.01356208,0
1505857456,21879753,3899.80,0.05072334,0
1505857455,21879752,3905.22,0.03915919,0
1505857454,21879751,3905.22,0.78742136,0
1505857452,21879750,3906.24,0.00598315,0
1505857450,21879749,3905.69,0.00153600,0
1505857443,21879746,3906.24,0.09890724,0
1505857434,21879744,3906.15,0.00195796,0
1505857432,21879743,3906.24,0.20000000,0
1505857429,21879742,3895.94,0.00153684,1
1505857424,21879740,3906.24,0.07993320,0
1505857424,21879739,3895.94,0.54552600,1
1505857423,21879738,3895.94,0.01000000,1
1505857418,21879737,3906.24,1.00000000,0
1505857415,21879735,3905.46,0.54552600,1
1505857413,21879734,3906.24,0.06069582,0
1505857407,21879732,3906.23,0.87150000,1
1505857403,21879727,3906.24,0.03956229,0
1505857403,21879726,3906.23,0.25902200,1
1505857400,21879725,3906.24,0.00153684,0
1505857394,21879723,3906.19,0.03908595,0
1505857384,21879714,3906.24,0.08786279,0
1505857380,21879709,3897.64,0.00153846,0
1505857375,21879707,3906.28,0.55602021,0
1505857368,21879706,3904.11,0.02518600,1
1505857367,21879705,3904.11,0.01061403,1
1505857356,21879699,3911.28,0.74903671,0
1505857352,21879693,3906.31,0.02439680,1
1505857347,21879690,3911.30,0.03054729,1
1505857342,21879688,3904.11,0.08620154,0
1505857341,21879687,3904.11,0.00153846,0
1505857337,21879685,3904.08,0.03500184,0
1505857332,21879678,3904.08,0.01901337,0
1505857331,21879675,3899.99,0.00154482,0
1505857328,21879674,3899.98,0.02000000,1
1505857327,21879673,3900.00,2.75626694,0
1505857316,21879657,3900.00,0.47588196,0
1505857316,21879656,3898.51,0.49200000,0
1505857316,21879655,3898.51,0.01071205,0
1505857304,21879652,3900.00,0.01200000,0
1505857300,21879651,3900.00,0.29033839,0
1505857297,21879650,3900.00,0.10098740,0
1505857292,21879646,3898.52,0.10915103,0
1505857291,21879644,3897.18,0.15248688,0
1505857290,21879643,3898.51,0.29427628,1
1505857290,21879642,3898.51,0.03923684,1
1505857279,21879641,3893.39,1.93650000,0
1505857279,21879640,3893.39,0.21000000,0
1505857278,21879638,3893.39,0.02000000,0
1505857277,21879637,3893.39,0.20000000,0
1505857275,21879635,3893.39,0.20000000,0
1505857273,21879633,3891.73,0.49200000,1
1505857272,21879632,3891.73,0.48600000,1
1505857272,21879631,3891.76,1.00000000,1
1505857272,21879630,3899.85,0.01688259,0
1505857268,21879616,3890.73,0.21865064,1
1505857268,21879615,3890.74,0.29764000,1
1505857268,21879614,3891.73,0.03722630,1
1505857264,21879608,3890.73,0.29134936,0
1505857264,21879607,3890.73,0.03931520,0
1505857263,21879605,3890.73,0.04000000,0
1505857257,21879604,3890.73,0.12133544,0
1505857255,21879603,3890.73,0.37066456,0
1505857255,21879602,3890.73,0.00633544,0
1505857252,21879601,3890.73,1.00000000,0
1505857251,21879600,3890.73,0.10366371,0
1505857238,21879585,3890.73,0.02000000,0
1505857238,21879584,3890.73,0.49000000,0
1505857235,21879583,3890.73,0.01285100,0
1505857232,21879581,3890.74,0.04516000,0
1505857231,21879580,3890.73,0.01300000,0
1505857230,21879579,3890.74,0.04516000,0
1505857228,21879578,3890.73,0.03100000,0
1505857209,21879565,3890.75,0.00154482,0
1505857200,21879561,3883.97,0.00153965,0
1505857167,21879554,3883.96,0.12300000,1
1505857167,21879553,3883.96,0.49400000,1
1505857160,21879551,3883.95,38.65815898,1
1505857159,21879549,3883.96,2.34184102,0
1505857156,21879546,3883.95,0.01738641,1
1505857149,21879543,3883.95,1.22820000,1
1505857149,21879542,3883.96,0.49000000,1
1505857148,21879541,3883.96,0.49200000,1
1505857148,21879540,3883.96,0.22800000,1
1505857148,21879539,3883.99,2.56180000,1
1505857143,21879537,3893.38,0.06116400,0
1505857142,21879535,3883.96,0.00200000,1
1505857141,21879534,3893.34,1.43100000,0
1505857140,21879533,3893.31,1.00000000,0
1505857137,21879532,3890.13,0.02000000,1
1505857130,21879525,3893.46,0.00153965,0
1505857130,21879524,3893.46,0.20570833,0
1505857126,21879523,3886.88,0.49300000,0
1505857126,21879522,3886.09,0.23000000,0
1505857126,21879521,3884.00,1.42662401,0
1505857125,21879519,3884.00,0.57337599,1
1505857120,21879517,3883.98,0.00153497,1
1505857115,21879511,3884.02,2.00000000,0
1505857104,21879509,3883.96,1.25600000,1
1505857104,21879508,3883.96,0.49400000,1
1505857104,21879507,3883.96,0.25000000,1
1505857096,21879499,3889.85,2.00000000,1
1505857085,21879496,3896.99,0.01200000,0
1505857085,21879494,3886.40,0.11361735,0
1505857084,21879493,3886.40,0.90638265,0
1505857083,21879492,3886.40,0.49300000,1
1505857083,21879491,3886.40,0.48700000,1
1505857082,21879489,3897.00,1.84580766,0
1505857080,21879488,3897.00,0.15000000,0
1505857076,21879482,3886.40,0.11900000,1
1505857073,21879479,3884.00,1.90000000,0
1505857073,21879478,3884.00,0.10000000,1
1505857072,21879475,3885.00,2.39019811,0
1505857071,21879474,3885.00,2.55970000,0
1505857070,21879473,3886.95,0.00206074,1
1505857070,21879472,3890.00,0.00204115,1
1505857070,21879471,3892.00,0.04600000,1
1505857069,21879469,3897.00,0.02092457,0
1505857066,21879460,3892.29,0.38197431,1
1505857066,21879459,3892.70,0.00206075,1
1505857065,21879457,3896.41,1.13069527,1
1505857064,21879456,3897.00,0.18626326,1
1505857064,21879455,3897.00,7.00000000,1
1505857064,21879454,3897.54,0.00353471,0
1505857063,21879451,3897.54,0.14000000,1
1505857062,21879449,3897.00,3.81373674,1
1505857060,21879448,3897.00,7.00000000,1
1505857058,21879439,3897.00,2.00000000,1
1505857055,21879434,3897.54,0.49800000,0
1505857055,21879433,3897.25,0.37900000,0
1505857055,21879432,3897.25,0.12300000,0
1505857052,21879431,3897.24,0.03976682,0
1505857050,21879423,3899.95,0.07000000,0
1505857043,21879413,3899.95,0.03118843,0
1505857041,21879411,3899.95,0.23365400,0
1505857036,21879404,3899.96,0.06000000,0
1505857024,21879388,3899.95,0.16000000,0
1505857021,21879386,3899.96,0.00510000,0
1505857021,21879385,3899.96,0.25984532,0
1505857017,21879338,3900.00,2.28860000,0
1505857017,21879337,3899.98,0.15230000,0
1505857016,21879336,3899.98,2.40340000,0
1505857016,21879335,3899.96,0.15060000,0
1505857015,21879334,3893.84,0.00283329,1
1505857013,21879333,3899.97,0.11000000,1
1505857009,21879329,3893.62,1.99772532,1
1505857009,21879327,3893.81,1.58100000,1
1505857009,21879326,3893.83,0.87150000,1
1505857009,21879325,3897.38,0.02117253,1
1505857009,21879324,3897.39,0.01660046,1
1505857009,21879323,3898.46,0.00205076,1
1505857007,21879322,3899.96,0.11869858,0
1505857001,21879321,3899.98,0.13851274,0
1505856999,21879318,3899.99,0.00598335,0
1505856998,21879317,3899.97,1.00000000,0
1505856998,21879316,3899.98,1.85372035,1
1505856996,21879311,3899.99,0.02200000,0
1505856996,21879310,3899.99,0.09800000,0
1505856994,21879307,3899.99,0.00510000,0
1505856991,21879305,3899.99,0.02081000,0
1505856987,21879295,3900.00,0.48600000,0
1505856986,21879293,3900.00,2.08220630,0
1505856985,21879291,3900.00,0.50725146,1
1505856985,21879290,3900.00,0.00203592,1
1505856985,21879289,3900.00,1.90174799,1
1505856984,21879287,3900.01,4.00000000,1
1505856977,21879285,3908.80,0.17000000,0
1505856953,21879273,3908.84,0.22100000,1
1505856948,21879272,3908.85,0.00153497,1
1505856947,21879270,3908.84,0.01000000,0
1505856942,21879268,3908.84,0.45200000,0
1505856941,21879267,3908.85,0.06128139,0
1505856939,21879266,3900.01,0.00152814,1
1505856935,21879265,3908.84,0.10363078,0
1505856935,21879261,3908.84,0.05000000,0
1505856933,21879256,3902.38,0.01785000,1
1505856933,21879255,3902.38,0.01791115,1
1505856932,21879254,3908.84,0.39132945,0
1505856929,21879250,3908.85,0.01000000,0
1505856921,21879238,3908.86,0.03667800,0
1505856921,21879237,3908.86,0.01332200,0
1505856919,21879236,3903.39,0.04277511,1
1505856914,21879232,3908.86,0.03967800,0
1505856912,21879231,3900.00,3.96938249,1
1505856912,21879230,3900.09,0.01500000,1
1505856912,21879229,3901.79,1.00000000,1
1505856912,21879228,3903.22,2.55170000,1
1505856912,21879227,3903.37,50.12500000,1
1505856911,21879226,3903.38,0.39000000,1
1505856911,21879225,3903.40,0.87150000,1
1505856911,21879224,3903.84,0.28354537,1
1505856911,21879223,3903.85,0.05000000,1
1505856911,21879222,3904.21,0.00205077,1
1505856911,21879221,3905.77,0.36900000,1
1505856910,21879219,3908.85,0.04000000,1
1505856903,21879214,3908.85,0.03947659,0
1505856894,21879208,3908.86,0.19525811,0
1505856891,21879207,3908.87,0.05000000,1
1505856886,21879199,3907.76,1.51200000,1
1505856884,21879198,3908.12,0.48800000,1
1505856883,21879197,3908.87,0.03905162,0
1505856880,21879196,3904.30,0.06150000,0
1505856880,21879194,3908.12,0.48700000,0
1505856878,21879193,3908.87,0.87150000,1
1505856874,21879191,3914.79,0.03905162,0
1505856866,21879189,3905.19,0.10340412,1
1505856866,21879188,3905.19,0.49200000,1
1505856866,21879187,3905.19,0.48600000,1
1505856866,21879186,3905.19,0.02113016,1
1505856864,21879184,3914.79,0.19928405,0
1505856862,21879181,3911.69,0.54099038,1
1505856859,21879179,3911.27,1.79721003,0
1505856859,21879176,3911.27,0.87150000,1
1505856858,21879175,3913.45,2.55050000,1
1505856858,21879174,3914.54,2.78078997,1
1505856856,21879172,3912.91,0.00158740,1
1505856856,21879171,3913.02,0.03107769,1
1505856855,21879170,3917.50,0.16342132,0
1505856855,21879169,3917.00,0.06657868,0
1505856854,21879168,3917.00,0.02182132,0
1505856854,21879167,3916.99,0.17343679,0
1505856854,21879166,3916.33,0.07000000,0
1505856852,21879165,3916.33,0.03000000,1
1505856852,21879164,3917.50,0.25432000,0
1505856849,21879163,3916.84,0.12000000,0
1505856846,21879161,3916.84,0.01489798,1
1505856844,21879159,3917.00,0.19506340,0
1505856832,21879154,3917.00,0.05033122,0
1505856827,21879151,3917.00,0.04582340,0
1505856824,21879150,3917.00,0.01466471,0
1505856818,21879144,3916.99,0.07808291,0
1505856808,21879140,3916.99,0.08979535,0
1505856796,21879134,3918.02,0.09760364,1
1505856785,21879129,3918.02,0.08995350,0
1505856784,21879128,3918.02,0.10723045,0
1505856773,21879125,3918.02,0.19496445,0
1505856766,21879123,3917.00,0.03133959,1
1505856764,21879121,3918.03,0.00983568,0
1505856755,21879117,3918.03,0.01378116,0
1505856755,21879116,3918.03,0.01967136,0
1505856749,21879115,3920.00,0.01800000,1
1505856746,21879113,3920.93,0.01947064,0
1505856740,21879111,3922.90,0.21954887,1
1505856739,21879110,3923.94,0.03000000,1
1505856736,21879109,3923.94,0.03893096,0
1505856726,21879101,3927.93,0.04866370,0
1505856722,21879100,3928.11,0.01547746,0
1505856714,21879098,3928.19,0.07462582,0
1505856671,21879080,3922.90,0.06702661,0
1505856668,21879079,3917.03,0.14228105,0
1505856658,21879077,3917.02,0.12150127,0
1505856653,21879076,3922.93,0.48800000,1
1505856653,21879075,3922.93,0.49200000,1
1505856648,21879072,3926.93,0.16739284,1
1505856648,21879071,3926.92,3.72862160,1
1505856629,21879063,3923.54,1.93392246,0
1505856629,21879062,3922.97,0.56607754,0
1505856615,21879052,3917.01,0.04877168,1
1505856609,21879044,3917.00,0.03011342,1
1505856607,21879039,3922.90,0.11872300,1
1505856593,21879028,3922.94,0.00138583,0
1505856574,21879022,3922.96,0.00500000,0
1505856556,21879017,3916.08,0.00557513,1
1505856553,21879013,3922.33,0.92999453,0
1505856553,21879012,3916.33,0.03393750,0
1505856543,21879010,3916.33,0.02734350,0
1505856523,21879000,3920.41,0.00743704,0
1505856510,21878995,3920.39,0.14177800,1
1505856509,21878994,3917.98,0.10690000,0
1505856496,21878990,3915.95,0.07705773,1
1505856489,21878985,3915.94,0.09670000,1
1505856487,21878984,3917.98,1.77000000,0
1505856486,21878982,3915.93,0.48700000,0
1505856486,21878981,3915.93,0.48500000,0
1505856485,21878979,3915.93,0.48600000,0
1505856482,21878976,3917.06,0.10526316,1
1505856477,21878975,3920.00,1.96342814,1
1505856468,21878974,3920.01,0.01021147,1
1505856467,21878972,3920.00,0.03022186,1
1505856467,21878971,3920.00,0.00635000,1
1505856462,21878970,3920.11,0.03510000,1
1505856440,21878955,3920.33,0.87150000,0
1505856439,21878953,3920.86,2.54670000,1
1505856439,21878951,3921.18,0.00152814,0
1505856436,21878949,3926.92,0.03399103,0
1505856436,21878948,3925.00,0.00000001,0
1505856436,21878947,3923.80,0.07170000,0
1505856432,21878944,3922.70,0.12460040,1
1505856430,21878943,3921.05,0.00152866,0
1505856425,21878937,3922.84,0.23648173,0
1505856422,21878935,3923.62,0.70590727,1
1505856422,21878934,3923.62,1.83879273,1
1505856419,21878933,3924.50,3.16120727,1
1505856417,21878932,3925.00,0.88592799,1
1505856417,21878931,3925.02,0.87150000,1
1505856370,21878919,3926.35,0.08939316,1
1505856367,21878915,3935.07,0.10844412,0
1505856367,21878914,3935.03,0.87150000,0
1505856367,21878913,3934.94,0.27578111,0
1505856367,21878912,3934.96,0.59571889,1
1505856360,21878906,3935.06,0.00152866,1
1505856328,21878876,3925.01,0.00153294,1
1505856314,21878863,3925.01,0.13553468,1
1505856302,21878855,3925.00,0.05863460,1
1505856289,21878851,3932.00,0.13622227,0
1505856286,21878850,3925.00,0.05099244,1
1505856286,21878849,3925.00,0.00444497,1
1505856286,21878848,3925.04,0.03510000,1
1505856222,21878799,3932.05,1.90546178,0
1505856217,21878796,3932.08,0.12068676,0
1505856214,21878794,3925.01,0.08110569,1
1505856211,21878793,3932.07,0.14168258,0
1505856211,21878792,3932.07,0.87150000,0
1505856207,21878790,3932.10,0.00736887,0
1505856200,21878781,3925.01,0.93890000,1
1505856184,21878776,3929.06,0.02290446,0
1505856172,21878772,3931.76,0.06538293,1
1505856167,21878769,3931.00,4.04536546,1
1505856167,21878768,3931.00,5.00000000,1
1505856166,21878767,3931.00,2.53980000,1
1505856155,21878765,3931.00,0.02340022,1
1505856154,21878764,3931.00,0.00197500,0
1505856086,21878743,3931.76,1.69960688,0
1505856086,21878742,3931.73,0.30039312,0
1505856064,21878741,3931.79,0.18060863,0
1505856063,21878739,3931.81,0.49000000,0
1505856063,21878737,3931.80,0.21000000,0
1505856053,21878727,3926.21,0.63149717,0
1505856050,21878726,3926.27,1.44050000,0
1505856050,21878725,3926.27,0.34698248,0
1505856050,21878724,3923.71,0.36638205,1
1505856049,21878723,3923.69,0.11961795,0
1505856049,21878722,3923.69,1.44030000,0
1505856049,21878721,3923.71,0.48600000,1
1505856047,21878718,3923.70,0.03520823,1
1505856046,21878717,3923.69,0.39000000,0
1505856046,21878715,3923.66,2.43500000,0
1505856045,21878714,3923.66,0.02396342,1
1505856045,21878713,3923.67,4.20000000,1
1505856022,21878701,3929.03,0.06810971,0
1505856020,21878698,3929.06,2.54010000,1
1505856016,21878697,3930.00,0.20579729,1
1505856006,21878691,3930.01,1.00000000,1
1505856003,21878690,3930.00,1.00000000,1
1505855999,21878688,3932.80,0.00900000,0
1505855999,21878686,3932.80,0.02100000,0
1505855998,21878685,3932.80,0.04000000,0
1505855993,21878683,3932.81,0.50383037,1
1505855991,21878682,3932.80,0.90480000,0
1505855990,21878681,3932.80,0.09520000,1
1505855984,21878678,3938.00,0.11000000,0
1505855975,21878676,3938.00,0.03520823,0
1505855974,21878674,3938.00,0.11000000,0
1505855973,21878673,3938.00,0.08478267,0
1505855972,21878672,3932.87,0.03053760,0
1505855962,21878667,3938.00,1.10253428,0
1505855958,21878665,3938.00,0.11000000,0
1505855958,21878664,3932.81,0.08127700,0
1505855946,21878659,3937.99,0.59526053,0
1505855942,21878654,3938.00,0.05270000,0
1505855942,21878653,3932.81,0.42016500,0
1505855934,21878651,3937.99,0.02538336,0
1505855932,21878648,3938.00,0.01000000,0
1505855928,21878646,3937.99,0.01000253,0
1505855924,21878645,3934.95,1.74030880,0
1505855923,21878643,3937.47,0.42016500,1
1505855921,21878636,3938.00,0.11000000,0
1505855919,21878634,3938.00,0.03847619,0
1505855919,21878633,3938.00,0.01531596,0
1505855919,21878632,3937.99,0.30000000,0
1505855916,21878631,3938.00,1.00000000,0
1505855915,21878628,3936.80,0.01583563,0
1505855912,21878626,3936.40,0.02540110,1
1505855911,21878625,3936.40,0.00619420,1
1505855910,21878623,3937.96,0.62462970,0
1505855910,21878622,3936.81,0.00207030,0
1505855909,21878620,3935.10,0.00203046,0
1505855909,21878619,3935.00,0.05644559,0
1505855908,21878618,3934.97,0.00806701,0
1505855908,21878617,3934.11,0.00205077,0
1505855908,21878616,3934.10,0.05047524,0
1505855908,21878615,3934.00,0.01059143,0
1505855908,21878614,3933.00,0.08000000,0
1505855894,21878608,3930.89,0.01000000,0
1505855894,21878607,3930.89,0.15884284,0
1505855883,21878604,3931.44,0.00760000,0
1505855881,21878598,3930.91,1.00000000,1
1505855879,21878595,3930.90,0.09520000,1
1505855876,21878589,3930.91,1.00000000,1
1505855875,21878588,3930.91,0.01224562,1
1505855857,21878581,3934.10,0.78276659,1
1505855852,21878574,3934.10,0.05047524,1
1505855850,21878572,3934.10,0.01782925,1
1505855849,21878570,3932.80,0.14892892,0
1505855840,21878561,3932.80,0.38954436,0
1505855836,21878548,3932.80,0.09061483,1
1505855835,21878547,3932.80,0.00500003,0
1505855835,21878546,3930.90,0.12961634,0
1505855826,21878542,3930.90,0.49884509,0
1505855826,21878541,3930.90,0.00741300,0
1505855823,21878540,3930.90,0.01015080,0
1505855823,21878539,3925.52,0.01954320,0
1505855822,21878537,3930.90,0.03359111,0
1505855821,21878535,3930.04,0.03333500,1
1505855814,21878529,3930.03,1.00000000,0
1505855813,21878527,3930.04,0.97606380,1
1505855811,21878526,3930.04,0.02393620,0
1505855806,21878522,3930.03,0.02000000,1
1505855802,21878513,3928.36,0.05357707,1
1505855802,21878511,3928.36,0.02956690,1
1505855801,21878510,3928.36,0.00205076,0
1505855799,21878507,3920.57,0.06037180,1
1505855797,21878506,3926.72,0.06037180,1
1505855796,21878505,3926.72,0.11337000,0
1505855791,21878496,3925.01,0.00203568,0
1505855788,21878495,3925.00,0.50000000,0
1505855783,21878492,3924.68,0.04532170,1
1505855780,21878489,3924.67,0.27277384,0
1505855778,21878488,3924.67,0.47000000,0
1505855776,21878486,3924.00,0.12762666,1
1505855773,21878483,3924.00,0.02271490,1
1505855770,21878482,3924.67,0.27322297,0
1505855769,21878481,3924.67,2.09232846,0
1505855769,21878480,3924.00,1.94420098,0
1505855769,21878479,3924.00,0.05036802,0
1505855767,21878478,3920.56,0.01996330,1
1505855766,21878477,3924.00,1.00000000,0
1505855766,21878475,3920.55,0.01855970,1
1505855765,21878474,3924.00,0.07000000,0
1505855764,21878471,3924.00,1.00000000,0
1505855763,21878470,3924.00,0.02970600,0
1505855753,21878468,3924.00,0.87210000,0
1505855753,21878467,3923.99,0.01000000,0
1505855753,21878466,3923.99,0.03100000,0
1505855752,21878464,3917.07,3.03941500,1
1505855746,21878460,3917.08,0.01792040,1
1505855732,21878455,3915.01,0.01000000,1
1505855731,21878453,3915.01,0.30645453,1
1505855707,21878448,3913.80,0.32046076,1
1505855704,21878445,3913.79,2.40147343,1
1505855697,21878440,3924.00,0.03362500,0
1505855693,21878439,3913.77,0.03060044,1
1505855690,21878438,3913.78,0.10200000,1
1505855690,21878437,3913.81,0.86800000,1
1505855679,21878433,3924.67,0.02833086,0
1505855645,21878417,3919.57,0.11707661,0
1505855637,21878414,3917.08,0.02393620,0
1505855626,21878410,3913.34,0.12000000,1
1505855617,21878401,3917.08,0.31240000,0
1505855614,21878399,3917.08,0.31240000,0
1505855614,21878398,3917.08,0.12601000,0
1505855601,21878393,3917.08,0.00284839,0
1505855598,21878392,3917.08,0.12689385,0
1505855595,21878391,3917.08,0.35000000,0
1505855581,21878388,3917.08,0.01006000,0
1505855579,21878386,3917.06,0.02055000,1
1505855577,21878385,3917.08,0.02055000,0
1505855564,21878371,3916.99,0.01403952,0
1505855531,21878364,3917.02,0.00890000,0
1505855526,21878363,3917.03,0.05856989,0
1505855525,21878361,3917.03,0.11714203,0
1505855500,21878330,3917.11,0.42332566,0
1505855489,21878314,3913.99,0.52160868,0
1505855488,21878311,3913.99,0.00153294,0
1505855488,21878310,3913.99,0.20385838,0
1505855487,21878309,3913.99,0.48600000,0
1505855486,21878307,3913.99,0.48700000,1
1505855479,21878304,3911.58,0.00153257,0
1505855470,21878301,3914.02,0.12500000,0
1505855470,21878300,3911.71,0.20675246,1
1505855469,21878299,3914.02,0.18060868,0
1505855465,21878294,3914.03,0.11401100,0
1505855465,21878293,3914.03,0.09788200,0
1505855462,21878292,3914.04,0.02964800,0
1505855456,21878291,3911.72,0.01575000,1
1505855453,21878277,3917.16,0.00749334,0
1505855440,21878275,3919.74,0.04622397,0
1505855440,21878274,3919.74,0.01000000,0
1505855436,21878273,3919.49,0.11680883,0
1505855428,21878271,3919.54,0.59624232,0
1505855405,21878263,3919.76,0.09000000,0
1505855405,21878262,3919.76,0.61479052,0
1505855405,21878261,3919.74,0.06590948,0
1505855405,21878260,3919.74,0.02351501,0
1505855403,21878258,3919.74,0.78207551,0
1505855403,21878257,3915.90,0.09412724,0
1505855403,21878255,3915.90,0.05286353,0
1505855395,21878250,3915.89,0.24728483,0
1505855392,21878247,3915.90,0.05369100,0
1505855386,21878242,3913.41,0.57349270,1
1505855384,21878241,3915.90,0.03499656,0
1505855382,21878237,3915.89,0.02000000,0
1505855378,21878230,3915.90,0.48587435,0
1505855322,21878199,3912.25,0.36192400,1
1505855311,21878198,3920.38,0.72680000,1
1505855298,21878191,3916.61,0.27480448,0
1505855288,21878184,3920.41,0.02600000,0
1505855284,21878183,3920.43,3.02980081,0
1505855284,21878182,3920.43,0.72144217,0
1505855284,21878181,3920.43,0.14117451,0
1505855282,21878177,3904.01,0.67456679,1
1505855282,21878175,3909.53,0.87150000,0
1505855282,21878173,3909.53,0.00243321,0
1505855282,21878172,3909.50,0.02000000,0
1505855280,21878171,3909.53,0.87150000,0
1505855274,21878165,3916.61,2.54620000,0
1505855269,21878157,3916.61,5.00000000,0
1505855268,21878156,3909.29,0.02000000,1
1505855261,21878154,3909.28,0.04614738,1
1505855256,21878148,3918.14,2.26106641,0
1505855255,21878145,3918.96,0.19383359,1
1505855254,21878144,3918.99,2.54510000,1
1505855247,21878133,3923.39,0.07493152,0
1505855242,21878114,3924.53,0.50354819,0
1505855237,21878112,3919.18,0.00971080,1
1505855237,21878111,3919.18,0.05222000,1
1505855218,21878093,3924.65,0.07000000,0
1505855216,21878092,3924.47,0.15000000,0
1505855213,21878091,3924.47,0.01683465,0
1505855196,21878078,3924.59,0.03800000,0
1505855172,21878071,3918.96,0.05000000,1
1505855166,21878066,3920.03,0.00500000,0
1505855162,21878061,3918.96,0.00662689,1
1505855162,21878060,3920.00,0.01501655,1
1505855160,21878052,3920.00,0.01501378,1
1505855159,21878049,3920.00,0.04151572,1
1505855157,21878047,3924.67,2.86334387,0
1505855156,21878046,3924.66,2.30671633,0
1505855156,21878045,3920.01,1.00000000,0
1505855153,21878040,3924.66,0.23638367,0
1505855153,21878037,3922.89,0.75070509,0
1505855153,21878035,3922.88,1.40331124,0
1505855152,21878034,3922.88,0.04034796,0
1505855152,21878033,3922.88,0.08914000,0
1505855150,21878025,3922.88,0.14457000,0
1505855148,21878020,3922.88,0.20000000,0
1505855147,21878017,3922.88,0.05543000,0
1505855146,21878015,3922.88,0.61100080,1
1505855145,21878012,3922.88,0.01015429,0
1505855145,21878006,3922.88,0.02443000,0
1505855145,21878004,3921.01,0.03100000,0
1505855143,21878000,3922.89,4.26263837,0
1505855142,21877999,3922.89,0.05543000,0
1505855142,21877998,3922.88,0.02728863,1
1505855139,21877983,3922.89,0.01037000,0
1505855139,21877978,3922.89,0.03024620,0
1505855133,21877963,3922.88,0.01295100,1
1505855132,21877960,3922.89,1.71984661,0
1505855132,21877957,3922.89,4.46958390,0
1505855132,21877955,3922.50,0.05000000,0
1505855123,21877931,3922.89,4.11135269,0
1505855120,21877928,3922.89,0.01000000,0
1505855119,21877927,3922.89,0.16660000,0
1505855119,21877926,3922.89,0.04000000,0
1505855117,21877924,3922.89,1.17297961,0
1505855113,21877909,3922.89,3.80920000,0
1505855113,21877907,3922.89,0.03677639,0
1505855112,21877906,3922.89,0.08220000,0
1505855105,21877904,3922.89,0.02000000,0
1505855105,21877903,3922.89,18.21801600,0
1505855104,21877902,3922.89,0.87150000,0
1505855102,21877901,3920.80,0.01275200,1
1505855099,21877898,3922.89,0.28674000,0
1505855093,21877894,3922.89,1.03753103,0
1505855093,21877893,3922.82,0.87150000,0
1505855092,21877891,3920.14,0.01200000,1
1505855086,21877890,3922.84,0.10512689,0
1505855086,21877889,3922.84,0.02170033,0
1505855084,21877888,3922.84,1.72129967,0
1505855080,21877882,3922.86,0.49726631,0
1505855079,21877881,3920.00,0.02559430,1
1505855074,21877880,3922.86,0.02650000,0
1505855074,21877879,3922.86,0.87150000,0
1505855072,21877876,3920.00,0.05878919,1
1505855072,21877875,3920.00,0.08047315,1
1505855066,21877865,3922.89,0.87262865,0
1505855065,21877864,3922.89,0.87748916,0
1505855065,21877861,3922.88,0.24422641,0
1505855064,21877860,3919.46,0.08041181,1
1505855063,21877856,3918.97,0.16333432,0
1505855062,21877853,3920.00,0.09266568,1
1505855061,21877852,3918.97,0.47215216,0
1505855061,21877850,3920.00,0.01284784,1
1505855060,21877848,3922.89,4.94692134,0
1505855060,21877845,3918.97,0.05263200,0
1505855059,21877844,3918.96,0.03627952,1
1505855057,21877835,3922.89,1.42480000,0
1505855056,21877832,3922.89,0.71644496,0
1505855056,21877831,3922.89,0.06764788,1
1505855056,21877829,3922.88,0.24000000,1
1505855055,21877828,3922.60,0.00206075,0
1505855055,21877826,3920.00,0.09556280,0
1505855055,21877824,3918.97,0.38958212,1
1505855054,21877819,3918.97,0.16735900,1
1505855054,21877818,3920.00,0.40443720,0
1505855054,21877816,3920.00,0.02415052,0
1505855054,21877815,3920.00,2.51939648,0
1505855053,21877811,3918.97,0.23363384,1
1505855053,21877809,3918.97,0.07221000,0
1505855047,21877797,3918.98,0.28674000,1
1505855047,21877793,3918.98,0.01777216,1
1505855046,21877789,3920.00,1.15799857,0
1505855045,21877784,3920.00,2.37726530,0
1505855042,21877778,3918.98,0.00000322,1
1505855041,21877777,3918.98,0.06525678,1
1505855040,21877776,3918.98,0.06526000,1
1505855037,21877775,3918.96,0.40000000,0
1505855037,21877774,3918.96,0.01100000,0
1505855032,21877767,3918.97,0.03121000,0
1505855028,21877764,3920.00,0.67299857,0
1505855028,21877763,3919.97,0.99846743,0
1505855019,21877757,3920.00,0.47813200,0
1505855019,21877756,3919.63,2.54910000,0
1505855019,21877755,3914.00,0.50000000,0
1505855010,21877748,3910.01,0.35228850,1
1505855010,21877747,3910.01,0.48500000,1
1505855008,21877746,3920.00,3.04698908,0
1505855008,21877745,3919.98,0.20508429,0
1505854998,21877733,3919.98,0.82196591,0
1505854998,21877732,3914.00,0.17600000,0
1505854998,21877731,3914.00,0.40731349,0
1505854993,21877724,3910.00,1.11321724,1
1505854989,21877723,3914.00,0.07868651,0
1505854989,21877722,3914.00,0.08000000,0
1505854989,21877721,3914.00,3.34405026,0
1505854984,21877718,3914.00,0.03100000,0
1505854979,21877716,3914.00,0.83390000,0
1505854970,21877711,3914.00,0.07800000,0
1505854970,21877710,3913.69,0.49400000,0
1505854970,21877709,3913.63,0.49200000,0
1505854961,21877704,3914.00,0.26000000,0
1505854961,21877703,3913.75,0.27000000,0
1505854932,21877681,3912.26,0.04100000,0
1505854925,21877668,3912.29,1.21109066,0
1505854922,21877662,3902.71,0.03069904,1
1505854918,21877658,3905.65,0.08000000,1
1505854913,21877650,3905.65,0.02000000,0
1505854910,21877644,3914.00,0.02269243,0
1505854907,21877641,3915.69,0.00153257,0
1505854900,21877639,3905.64,0.17554122,1
1505854900,21877638,3905.64,0.48445878,1
1505854898,21877634,3905.64,0.00154122,1
1505854888,21877632,3905.63,0.01400000,0
1505854887,21877631,3905.64,0.49400000,1
1505854887,21877630,3905.64,0.49200000,1
1505854886,21877629,3905.62,0.03551876,1
1505854886,21877628,3905.67,0.96448124,1
1505854877,21877619,3919.87,0.00600000,0
1505854869,21877617,3905.55,0.03375733,1
1505854866,21877613,3905.52,0.02405931,1
1505854866,21877612,3917.94,0.09594069,1
1505854866,21877611,3917.94,0.02118463,0
1505854863,21877607,3909.03,0.02853530,0
1505854863,21877606,3909.03,0.02342560,0
1505854861,21877602,3915.00,0.00510970,1
1505854860,21877599,3915.00,0.42895500,1
1505854860,21877598,3915.00,0.02853530,1
1505854850,21877589,3905.95,0.01456630,1
1505854840,21877581,3916.74,0.00600000,0
1505854839,21877580,3916.74,1.00000000,0
1505854836,21877577,3917.92,0.58103433,0
1505854836,21877576,3916.75,0.41896567,0
1505854835,21877575,3917.92,0.85701074,0
1505854835,21877574,3916.75,0.04108026,0
1505854835,21877573,3916.75,0.10190900,0
1505854833,21877570,3910.58,0.02825570,1
1505854833,21877567,3916.75,0.48097523,1
1505854832,21877565,3917.92,0.14000000,0
1505854831,21877561,3916.75,0.41858775,0
1505854830,21877558,3908.65,0.41896567,1
1505854826,21877548,3913.82,0.02000310,0
1505854825,21877546,3913.82,0.02001710,0
1505854824,21877544,3913.82,1.00000000,0
1505854822,21877541,3916.75,0.02732340,1
1505854821,21877538,3916.75,0.52049700,0
1505854821,21877536,3916.55,0.07681552,0
1505854819,21877530,3916.75,0.02736050,1
1505854817,21877525,3916.75,1.00000000,1
1505854816,21877523,3917.84,1.22822741,0
1505854816,21877522,3916.85,0.00206074,0
1505854816,21877521,3916.84,0.27633090,0
1505854815,21877518,3905.32,0.02736050,1
1505854815,21877517,3916.84,0.02366910,0
1505854814,21877515,3916.75,0.04151866,0
1505854812,21877512,3910.50,0.01481224,0
1505854810,21877510,3902.99,0.01291200,1
1505854810,21877509,3902.99,0.89015404,0
1505854809,21877508,3902.80,0.01481279,1
1505854808,21877506,3902.99,0.32000000,0
1505854807,21877504,3902.99,0.05878057,0
1505854807,21877502,3902.99,0.23768444,0
1505854805,21877493,3899.09,0.00957417,1
1505854805,21877491,3900.00,0.07748149,1
1505854803,21877487,3900.00,0.25251851,0
1505854801,21877480,3900.00,0.04035484,0
1505854801,21877479,3900.00,0.00731245,0
1505854800,21877476,3898.99,0.02095246,0
1505854800,21877475,3899.00,0.00777854,1
1505854798,21877471,3899.00,1.36222146,0
1505854795,21877469,3898.01,0.02696460,1
1505854794,21877467,3899.00,0.49310966,0
1505854794,21877466,3899.00,0.79367653,0
1505854793,21877460,3893.15,0.02702160,1
1505854790,21877459,3898.00,0.00052296,0
1505854790,21877458,3898.00,0.02102104,0
1505854787,21877454,3894.00,3.24303067,0
1505854787,21877453,3893.15,0.00626018,1
1505854786,21877451,3894.00,1.00000000,0
1505854783,21877450,3894.00,1.00000000,0
1505854783,21877449,3894.00,5.00000000,0
1505854783,21877448,3894.00,3.69620574,0
1505854782,21877446,3894.00,6.63598943,0
1505854780,21877445,3894.00,1.00000000,0
1505854776,21877439,3894.00,1.00000000,0
1505854771,21877437,3894.00,0.43520000,0
1505854771,21877436,3894.00,0.28043201,0
1505854770,21877435,3893.96,1.00867012,0
1505854770,21877434,3893.96,1.00000000,0
1505854769,21877433,3893.96,0.72771080,0
1505854763,21877432,3893.96,0.28000000,0
1505854763,21877431,3893.96,0.97261908,0
1505854748,21877428,3893.96,0.01100000,0
1505854741,21877426,3884.01,0.03915039,1
1505854719,21877384,3893.97,0.01981937,0
1505854712,21877381,3885.91,0.01029861,1
1505854709,21877380,3891.64,0.01100000,0
1505854693,21877365,3891.64,2.50000000,0
1505854673,21877361,3891.48,0.15585355,0
1505854666,21877357,3884.02,0.01748267,1
1505854653,21877355,3885.32,0.11567610,1
1505854653,21877354,3886.04,0.88432390,1
1505854652,21877353,3887.92,0.01000000,1
1505854644,21877348,3891.59,0.00500000,0
1505854643,21877344,3891.59,0.15805129,0
1505854642,21877342,3890.00,0.88432390,1
1505854641,21877340,3891.59,0.65300000,0
1505854641,21877339,3887.92,0.02411884,0
1505854641,21877337,3887.92,0.02101520,0
1505854641,21877336,3887.91,0.07054206,0
1505854640,21877332,3884.02,0.77000000,1
1505854639,21877331,3887.92,0.01000000,0
1505854637,21877330,3887.92,0.16768979,0
1505854627,21877320,3891.66,0.01800000,0
1505854623,21877311,3891.80,0.06430000,1
1505854617,21877303,3891.80,0.02570000,1
1505854614,21877302,3891.81,0.53000000,1
1505854612,21877296,3894.00,0.27080024,0
1505854606,21877293,3893.99,0.32412671,0
1505854602,21877292,3894.00,0.00285781,0
1505854588,21877276,3894.00,0.08441822,0
1505854585,21877274,3891.81,0.01493010,1
1505854583,21877272,3891.81,0.20020000,1
1505854578,21877270,3894.00,0.30410000,0
1505854578,21877269,3894.00,1.00000000,0
1505854577,21877268,3894.00,0.00719876,0
1505854575,21877265,3894.00,1.00000000,0
1505854572,21877263,3894.00,1.00000000,0
1505854568,21877261,3894.00,0.08000000,0
1505854567,21877260,3891.85,0.36401057,0
1505854564,21877259,3891.85,0.01014803,0
1505854563,21877256,3891.85,7.00000000,0
1505854563,21877255,3891.85,0.02000000,0
1505854549,21877251,3891.81,0.01931120,0
1505854549,21877250,3891.76,0.32168880,0
1505854533,21877243,3891.84,1.00000000,0
1505854520,21877239,3891.44,0.00207000,0
1505854515,21877237,3891.54,0.48280000,0
1505854492,21877221,3891.82,0.49638703,0
1505854492,21877220,3891.73,0.48800000,0
1505854487,21877217,3885.03,0.05120000,1
1505854486,21877216,3885.03,0.01289716,1
1505854483,21877214,3891.70,0.20571624,0
1505854480,21877212,3885.02,0.09438698,1
1505854469,21877203,3892.12,0.02000000,0
1505854460,21877197,3885.00,0.07252731,1
1505854450,21877195,3892.12,0.05554000,0
1505854435,21877186,3894.00,0.00500000,0
1505854434,21877184,3893.51,0.41498496,0
1505854426,21877170,3884.94,0.00768000,1
1505854407,21877148,3884.88,0.06000000,1
1505854402,21877133,3884.87,0.12678391,1
1505854399,21877131,3884.86,0.54975576,0
1505854398,21877130,3884.86,0.48800000,1
1505854393,21877125,3884.77,0.01629751,1
1505854393,21877124,3884.85,0.88441275,1
1505854388,21877114,3893.99,1.00170000,0
1505854380,21877097,3893.81,0.01000000,0
1505854379,21877090,3884.66,0.02000000,1
1505854378,21877087,3893.84,0.12784214,0
1505854361,21877059,3894.00,2.50000000,0
1505854358,21877057,3893.99,1.08369308,0
1505854352,21877055,3893.99,0.03000000,0
1505854347,21877054,3884.41,0.10025955,1
1505854336,21877039,3887.73,0.01556712,1
1505854323,21877007,3893.99,0.65670000,0
1505854316,21877005,3887.88,0.13900000,1
1505854315,21877002,3887.88,0.30000000,1
1505854306,21876997,3887.80,0.05400000,1
1505854300,21876987,3894.00,0.03800000,0
1505854299,21876986,3894.00,0.01000000,0
1505854296,21876982,3894.00,0.02538053,0
1505854292,21876978,3894.00,0.30532044,0
1505854289,21876975,3887.79,0.02532770,1
1505854282,21876968,3888.41,0.02880058,1
1505854282,21876967,3889.89,0.07670000,1
1505854282,21876966,3889.90,0.24538188,1
1505854282,21876965,3889.90,0.00081634,1
1505854276,21876959,3889.90,0.02447204,1
1505854269,21876938,3894.00,0.07606615,0
1505854264,21876933,3893.99,0.10420000,0
1505854261,21876931,3893.99,0.31730000,0
1505854258,21876930,3893.93,0.85018854,1
1505854257,21876928,3893.93,0.26302870,0
1505854218,21876902,3894.99,0.00255684,0
1505854205,21876886,3894.93,0.23817372,0
1505854200,21876878,3888.52,0.92466350,0
1505854198,21876877,3888.52,0.37533650,1
1505854196,21876874,3897.84,0.64640000,0
1505854194,21876873,3897.84,4.14073750,0
1505854182,21876870,3897.79,0.31699758,0
1505854178,21876869,3897.86,0.00800000,0
1505854173,21876864,3897.96,4.38176834,0
1505854173,21876863,3894.32,0.31581301,0
1505854172,21876861,3889.89,0.00548083,0
1505854166,21876846,3889.68,0.99999375,1
1505854165,21876841,3889.69,0.07455013,0
1505854164,21876838,3889.69,0.53380000,0
1505854163,21876832,3889.68,0.18180000,0
1505854154,21876816,3889.88,0.00461528,0
1505854154,21876815,3886.13,0.09938472,0
1505854138,21876807,3886.13,0.12022852,0
1505854133,21876803,3886.13,0.05541245,0
1505854126,21876800,3886.13,0.00623439,0
1505854126,21876799,3886.13,0.20773992,0
1505854126,21876798,3886.13,0.35116990,0
1505854126,21876797,3886.13,0.14183010,0
1505854125,21876796,3886.13,0.37776112,0
1505854124,21876789,3886.13,0.11123888,0
1505854124,21876788,3886.13,0.00644951,0
1505854124,21876787,3886.13,0.02414171,0
1505854110,21876783,3894.32,0.12784050,0
1505854108,21876782,3894.31,0.37072122,0
1505854095,21876775,3894.32,0.05981822,0
1505854090,21876772,3894.32,0.12813534,0
1505854085,21876770,3894.32,0.04277511,1
1505854083,21876769,3889.47,8.81671172,0
1505854083,21876768,3889.47,0.48900000,0
1505854083,21876767,3889.55,9.18076818,1
1505854082,21876765,3889.56,0.26000000,1
1505854082,21876764,3890.01,0.49300000,0
1505854082,21876763,3890.01,0.48900000,1
1505854081,21876761,3890.03,0.07734240,0
1505854081,21876760,3890.03,0.19417770,0
1505854066,21876744,3889.94,0.01909055,1
1505854058,21876743,3898.99,1.19196058,0
1505854044,21876737,3899.00,0.00300000,0
1505854039,21876736,3899.00,2.74799235,0
1505854039,21876735,3895.00,0.02500000,0
1505854039,21876734,3895.00,0.12700000,0
1505854039,21876733,3895.00,1.58540000,0
1505854038,21876732,3895.00,0.01000000,0
1505854038,21876731,3895.00,0.50460000,0
1505854021,21876722,3889.99,0.02538030,1
1505854016,21876715,3889.84,0.02538030,1
1505854015,21876712,3898.99,0.09324113,0
1505854014,21876710,3889.84,0.02538030,1
1505853976,21876660,3884.64,0.12653000,1
1505853944,21876600,3899.56,0.00968314,0
1505853938,21876587,3899.64,0.06588924,0
1505853938,21876585,3899.64,0.03107179,0
1505853923,21876573,3899.70,0.22896541,0
1505853923,21876572,3889.97,2.56570000,0
1505853922,21876569,3884.02,0.10577300,1
1505853918,21876566,3890.00,4.50689034,0
1505853918,21876565,3890.00,7.00000000,0
1505853916,21876564,3890.00,3.55347557,0
1505853916,21876563,3889.98,0.38511842,1
1505853916,21876562,3889.98,0.09520034,1
1505853914,21876561,3889.97,2.36500000,0
1505853913,21876560,3889.97,0.20000000,0
1505853905,21876556,3884.02,0.17907603,1
1505853904,21876555,3888.66,0.38488158,0
1505853904,21876554,3886.51,0.06492000,0
1505853903,21876553,3886.51,0.00308000,0
1505853901,21876549,3884.03,0.02000000,0
1505853896,21876545,3884.02,2.51956588,1
1505853895,21876544,3884.23,0.01485189,0
1505853895,21876542,3884.23,0.87139502,1
1505853890,21876533,3886.51,0.01285500,0
1505853886,21876526,3886.95,0.00206074,1
1505853876,21876511,3890.00,0.00155510,0
1505853870,21876504,3886.96,0.75000000,1
1505853858,21876481,3889.41,0.01168920,1
1505853857,21876477,3889.95,0.00923141,0
1505853854,21876473,3889.41,0.02486850,1
1505853851,21876469,3889.41,0.02486850,1
1505853843,21876468,3889.99,0.08960100,0
1505853836,21876463,3890.00,0.98709827,1
1505853835,21876462,3890.40,0.95098072,1
1505853834,21876460,3896.69,0.00300000,0
1505853831,21876458,3890.40,0.02460790,1
1505853810,21876449,3890.03,0.02434930,1
1505853806,21876446,3890.03,0.02408770,1
1505853805,21876444,3890.03,0.02000000,1
1505853780,21876420,3890.28,0.04000000,1
1505853779,21876419,3900.85,0.00600000,0
1505853748,21876401,3900.98,0.00721111,0
1505853735,21876389,3900.00,0.01089418,1
1505853735,21876388,3900.00,0.00910582,0
1505853732,21876385,3900.00,0.01333548,0
1505853717,21876368,3901.01,0.00154122,0
1505853713,21876362,3902.92,0.00000347,1
1505853711,21876354,3902.92,0.57999653,1
1505853706,21876350,3889.41,0.00154122,1
1505853705,21876349,3889.44,0.07931567,1
1505853705,21876348,3895.15,0.02118463,1
1505853703,21876346,3902.96,0.00300000,0
1505853697,21876330,3902.96,0.00154122,0
1505853697,21876329,3902.96,0.10000000,1
1505853696,21876327,3902.96,0.90000000,0
1505853690,21876322,3893.02,1.66580000,0
1505853686,21876321,3889.44,0.00641490,1
1505853680,21876314,3893.02,1.31281449,0
1505853680,21876312,3893.01,2.56580000,0
1505853671,21876302,3893.02,0.46869905,0
1505853668,21876299,3889.46,0.07200000,1
1505853662,21876289,3893.02,0.91020000,0
1505853659,21876283,3889.43,0.02244130,1
1505853652,21876273,3893.02,2.13295736,0
1505853648,21876271,3893.02,0.00400000,0
1505853625,21876250,3889.46,0.06806437,0
1505853619,21876237,3889.00,1.40177000,1
1505853618,21876236,3889.00,0.58994439,1
1505853609,21876221,3889.00,0.55555000,1
1505853592,21876190,3889.00,0.24627561,1
1505853592,21876189,3889.00,0.88204039,1
1505853591,21876188,3889.00,0.32632000,1
1505853579,21876187,3889.00,0.18340961,1
1505853579,21876186,3889.00,0.11990039,1
1505853568,21876178,3892.70,0.00600000,0
1505853564,21876175,3889.00,0.57095400,1
1505853561,21876174,3892.74,0.26852000,0
1505853561,21876173,3889.13,0.01148000,0
1505853556,21876171,3889.00,0.70091561,1
1505853556,21876170,3889.00,0.86008439,1
1505853555,21876169,3889.00,0.20000000,1
1505853554,21876168,3889.00,0.03593561,1
1505853553,21876165,3892.75,0.05706000,1
1505853549,21876163,3892.76,0.00200000,0
1505853547,21876162,3893.02,0.05644559,0
1505853546,21876161,3893.02,0.03815800,1
1505853542,21876158,3894.98,0.58854120,0
1505853540,21876154,3893.02,0.21100000,1
1505853530,21876144,3893.02,1.26362700,1
1505853528,21876139,3893.02,0.03605300,1
1505853528,21876138,3893.02,0.21310500,1
1505853525,21876137,3895.00,0.11892173,0
1505853516,21876132,3896.75,0.07846612,0
1505853512,21876131,3900.33,0.01800000,0
1505853480,21876097,3896.85,0.01010538,0
1505853478,21876096,3896.85,0.02110489,0
1505853472,21876094,3896.85,0.11105450,0
1505853471,21876092,3896.85,0.08000000,0
1505853469,21876091,3896.85,0.01594099,0
1505853456,21876088,3893.02,0.23805700,1
1505853448,21876087,3896.85,0.28938245,0
1505853447,21876086,3896.85,0.24800000,0
1505853446,21876085,3895.00,0.00200000,0
1505853446,21876081,3895.00,0.63080173,1
1505853411,21876053,3901.99,0.00521742,0
1505853411,21876052,3901.99,0.46700454,0
1505853406,21876047,3896.00,0.00208039,1
1505853406,21876046,3896.10,0.00738859,1
1505853376,21876032,3896.10,0.09261141,1
1505853311,21875991,3902.99,0.02524820,0
1505853311,21875987,3902.99,0.05220000,0
1505853292,21875967,3902.99,0.00750282,0
1505853292,21875966,3902.99,0.12337502,0
1505853282,21875962,3903.00,0.00740130,0
1505853277,21875961,3902.99,0.21700000,0
1505853273,21875956,3902.99,0.01373600,0
1505853234,21875916,3896.00,0.16000000,0
1505853230,21875914,3896.00,1.00000000,0
1505853221,21875872,3896.00,0.20000000,0
1505853210,21875864,3896.48,0.12994802,1
1505853210,21875863,3897.80,2.94473673,1
1505853197,21875858,3902.99,0.45158006,0
1505853196,21875855,3903.00,0.01022547,0
1505853193,21875851,3903.96,0.02842683,0
1505853189,21875848,3897.81,1.05461538,1
1505853187,21875841,3900.00,0.06000000,1
1505853185,21875836,3897.82,1.00000000,1
1505853183,21875832,3897.81,1.00000000,1
1505853181,21875826,3897.81,1.00000000,1
1505853180,21875823,3900.00,0.02255510,0
1505853179,21875821,3900.00,0.06977791,0
1505853179,21875820,3900.00,0.36239487,0
1505853177,21875815,3900.00,0.12660513,0
1505853168,21875796,3897.80,0.02000000,1
1505853163,21875791,3899.76,1.00000000,0
1505853162,21875790,3897.81,0.28304412,1
1505853160,21875789,3900.00,0.26695588,1
1505853160,21875788,3900.00,0.22204412,1
1505853160,21875787,3900.00,0.49000000,1
1505853159,21875786,3900.00,0.28795588,1
1505853157,21875785,3900.00,0.20104412,1
1505853157,21875784,3900.00,0.49200000,1
1505853157,21875783,3900.00,0.30695588,1
1505853155,21875782,3900.00,0.18304412,1
1505853155,21875781,3900.00,0.07695588,1
1505853146,21875775,3905.00,0.10000000,1
1505853140,21875772,3907.64,0.04065062,1
1505853140,21875771,3907.64,0.00960324,1
1505853140,21875770,3907.64,0.01814957,1
1505853140,21875768,3907.64,0.01287964,1
1505853140,21875766,3907.64,0.00695253,1
1505853139,21875765,3907.64,0.14598044,1
1505853139,21875764,3907.64,0.00553992,1
1505853139,21875763,3907.64,0.00761713,1
1505853139,21875762,3907.64,0.01078605,1
1505853138,21875761,3907.64,0.01142838,1
1505853138,21875760,3907.64,0.01084107,1
1505853138,21875759,3907.64,0.01120344,1
1505853138,21875758,3907.64,0.01026476,1
1505853138,21875757,3907.64,0.01031876,1
1505853138,21875756,3907.64,0.00353001,1
1505853137,21875755,3907.64,0.00351005,1
1505853137,21875754,3907.64,0.02222799,1
1505853137,21875753,3907.64,0.04500082,1
1505853137,21875752,3907.64,0.59364322,1
1505853137,21875751,3907.64,0.00541350,1
1505853137,21875750,3907.64,0.00221003,1
1505853136,21875749,3907.64,0.00618378,1
1505853136,21875748,3907.64,0.01206662,1
1505853135,21875747,3907.64,0.00430925,1
1505853135,21875746,3907.64,0.05604303,1
1505853135,21875745,3907.64,0.07321555,1
1505853135,21875744,3907.64,0.66592137,1
1505853134,21875743,3907.64,0.00145945,1
1505853134,21875742,3907.64,0.02154293,1
1505853134,21875741,3907.64,0.04688661,1
1505853134,21875739,3907.64,0.00904817,1
1505853134,21875738,3907.64,0.03702439,1
1505853133,21875737,3907.64,1.13986038,1
1505853133,21875736,3907.64,0.01776034,1
1505853133,21875735,3907.64,0.04367214,1
1505853133,21875733,3907.64,0.05202219,1
1505853133,21875732,3907.64,0.02502482,1
1505853132,21875730,3907.64,0.02049088,1
1505853132,21875729,3907.64,0.02018533,1
1505853132,21875728,3907.64,0.00467802,1
1505853132,21875727,3907.64,0.02233189,1
1505853132,21875726,3907.64,1.51877783,1
1505853132,21875725,3907.64,0.85240722,1
1505853123,21875723,3910.00,0.02472413,0
1505853122,21875722,3907.64,0.02785529,1
1505853122,21875721,3907.64,0.00231360,1
1505853121,21875719,3910.35,5.69531371,0
1505853119,21875715,3910.00,1.00000000,0
1505853119,21875714,3910.00,0.01495141,0
1505853118,21875711,3910.00,1.98504859,1
1505853117,21875709,3910.00,0.01495141,1
1505853115,21875707,3910.35,0.01000000,0
1505853095,21875700,3918.01,0.00738663,0
1505853087,21875692,3919.95,0.51838158,1
1505853086,21875691,3921.07,0.00152346,0
1505853086,21875689,3920.99,0.05000000,0
1505853085,21875688,3919.91,0.01700000,0
1505853085,21875687,3919.91,0.49400000,0
1505853085,21875685,3919.89,0.64745798,0
1505853078,21875680,3907.64,0.00802870,1
1505853078,21875679,3907.64,0.03324575,1
1505853078,21875678,3908.24,0.01548608,1
1505853077,21875677,3908.32,0.01216212,1
1505853069,21875660,3907.65,0.61466714,1
1505853069,21875659,3918.05,0.00000333,1
1505853061,21875648,3918.05,0.62588534,1
1505853059,21875644,3921.07,1.18347349,0
1505853059,21875643,3920.03,0.19000000,0
1505853059,21875642,3920.00,0.48510953,0
1505853047,21875635,3907.77,0.01700000,1
1505853047,21875634,3907.77,0.49400000,1
1505853047,21875633,3907.77,0.48900000,1
1505853041,21875629,3918.06,0.27230357,0
1505853041,21875628,3920.00,0.01489047,0
1505853022,21875615,3920.83,1.01569885,1
1505853022,21875614,3920.83,0.25801105,0
1505853018,21875613,3920.95,0.29275303,1
1505853018,21875610,3920.89,0.21000000,0
1505853015,21875599,3921.07,0.24253656,0
1505853015,21875598,3921.04,2.55560000,0
1505853014,21875597,3916.85,0.00206074,0
1505853014,21875595,3914.92,0.00204093,0
1505853014,21875593,3914.71,0.06258612,0
1505853014,21875592,3911.10,0.00206073,0
1505853011,21875590,3905.35,0.00206072,0
1505853011,21875589,3904.83,0.00204620,0
1505853011,21875588,3903.37,0.04041319,0
1505853010,21875587,3903.37,0.06919266,0
1505853010,21875586,3903.37,0.22629029,0
1505853010,21875585,3903.37,0.02259574,0
1505853010,21875584,3903.37,0.02982363,0
1505853006,21875581,3899.84,0.20037893,1
1505853006,21875580,3899.84,0.07461934,1
1505853005,21875579,3903.37,0.17907603,0
1505853004,21875578,3903.37,1.30560700,0
1505853004,21875577,3899.84,0.17538066,1
1505853004,21875576,3903.36,0.00451934,1
1505853003,21875575,3903.36,0.01548066,1
1505853002,21875572,3903.37,1.27940728,0
1505853001,21875564,3903.37,0.56739200,0
1505852999,21875559,3903.37,1.08240000,0
1505852987,21875545,3899.85,0.25801105,1
1505852986,21875542,3903.37,2.91999900,0
1505852985,21875540,3903.37,1.70570814,0
1505852984,21875538,3903.37,1.77000000,0
1505852982,21875535,3903.37,1.58640100,0
1505852982,21875534,3903.37,2.01000000,0
1505852979,21875533,3903.37,0.02560000,0
1505852977,21875520,3903.37,0.25000000,0
1505852976,21875513,3903.37,1.70800000,0
1505852974,21875506,3903.37,0.03593561,0
1505852974,21875505,3903.37,0.02790152,0
1505852973,21875496,3903.37,0.15673375,0
1505852972,21875494,3896.49,0.01192487,1
1505852970,21875489,3903.37,2.55881712,0
1505852967,21875482,3896.49,0.86500000,0
1505852967,21875477,3896.50,0.02500000,1
1505852967,21875475,3903.36,0.11000000,1
1505852966,21875474,3903.37,7.67491936,0
1505852963,21875467,3903.37,2.69206878,0
1505852962,21875465,3903.37,1.35503200,0
1505852960,21875463,3896.50,0.01800000,0
1505852960,21875461,3896.50,0.49000000,0
1505852960,21875459,3896.50,0.49200000,0
1505852953,21875448,3903.37,2.39344622,0
1505852953,21875447,3903.00,1.00000000,0
1505852953,21875446,3902.97,1.00000000,0
1505852949,21875442,3896.49,0.61951928,1
1505852945,21875436,3903.37,1.24228807,0
1505852945,21875435,3903.37,4.90750000,0
1505852945,21875434,3903.36,0.09250000,0
1505852944,21875432,3903.00,1.00000000,1
1505852943,21875430,3903.36,0.00750000,0
1505852940,21875418,3903.00,0.31427921,1
1505852938,21875417,3903.00,1.00000000,1
1505852935,21875414,3903.00,1.00000000,1
1505852934,21875412,3903.37,5.00000000,0
1505852933,21875408,3903.00,1.00000000,1
1505852931,21875404,3903.37,0.93538000,0
1505852930,21875402,3896.55,0.89000000,1
1505852929,21875401,3903.37,0.02714973,0
1505852927,21875399,3896.54,1.00000000,1
1505852925,21875397,3903.37,0.01805780,0
1505852925,21875395,3903.37,1.39000500,0
1505852925,21875393,3896.52,1.00000000,1
1505852923,21875388,3896.48,1.00000000,0
1505852917,21875382,3903.37,0.01653923,0
1505852916,21875381,3903.37,0.05929842,0
1505852916,21875380,3903.37,0.21789702,0
1505852915,21875379,3903.00,3.50542135,0
1505852914,21875375,3903.00,0.49457865,0
1505852914,21875371,3896.51,1.00000000,1
1505852911,21875367,3903.37,0.40000000,0
1505852907,21875354,3903.37,0.19622341,0
1505852907,21875353,3899.52,0.01218324,0
1505852907,21875352,3899.52,0.00081676,1
1505852906,21875347,3899.52,0.02145860,1
1505852905,21875345,3903.37,1.00000000,0
1505852904,21875344,3899.52,0.11478804,1
1505852901,21875339,3903.34,0.10467458,1
1505852900,21875337,3903.37,0.03043011,0
1505852900,21875335,3903.36,0.23000000,0
1505852899,21875334,3903.34,0.11874513,1
1505852899,21875333,3903.34,0.77516155,1
1505852899,21875332,3903.34,0.12469663,0
1505852899,21875331,3903.34,0.01809337,0
1505852897,21875323,3899.11,0.11058092,0
1505852896,21875320,3898.53,0.00938756,0
1505852896,21875316,3895.90,0.07821297,1
1505852895,21875314,3895.90,0.47233495,1
1505852895,21875313,3895.90,0.35113324,1
1505852895,21875312,3895.90,0.05177837,1
1505852894,21875310,3898.04,0.02684281,1
1505852894,21875305,3898.04,0.11883833,1
1505852894,21875303,3898.04,0.14940747,1
1505852893,21875302,3898.04,0.70491139,1
1505852892,21875299,3898.53,0.01250384,0
1505852892,21875298,3895.92,1.52251521,1
1505852891,21875296,3899.60,0.01250384,1
1505852891,21875295,3899.60,0.01250384,1
1505852891,21875293,3903.37,0.03000000,0
1505852890,21875284,3903.37,0.00500000,0
1505852890,21875282,3903.34,0.27499935,1
1505852888,21875279,3898.04,0.45517640,1
1505852888,21875278,3899.56,0.30469410,1
1505852888,21875277,3899.56,0.91833142,1
1505852887,21875276,3899.56,0.19255557,1
1505852887,21875274,3899.56,0.98194590,1
1505852887,21875273,3899.56,0.06374691,1
1505852886,21875271,3903.37,0.11675637,0
1505852886,21875270,3903.37,0.15824190,1
1505852882,21875256,3903.37,0.73471452,0
1505852882,21875254,3903.36,0.26000000,0
1505852882,21875251,3900.00,0.65350000,0
1505852882,21875250,3899.59,0.00207071,0
1505852882,21875249,3898.04,0.00870368,0
1505852881,21875248,3898.04,0.00172945,0
1505852881,21875244,3892.85,0.30327636,1
1505852880,21875240,3894.74,0.10180659,1
1505852878,21875232,3894.74,0.00205150,0
1505852873,21875220,3890.00,0.01902547,0
1505852873,21875219,3889.85,0.00198759,0
1505852872,21875218,3889.85,0.01935000,0
1505852872,21875217,3889.00,0.69164654,0
1505852871,21875216,3889.00,1.00726835,0
1505852869,21875209,3889.00,17.56000000,0
1505852867,21875203,3888.99,0.60025610,1
1505852867,21875202,3888.99,0.00500000,0
1505852866,21875194,3889.00,0.74108511,0
1505852865,21875191,3883.95,5.90726998,0
1505852861,21875181,3883.95,18.00000000,0
1505852860,21875180,3883.95,0.00500000,0
1505852860,21875179,3883.95,0.94000000,0
1505852859,21875178,3883.95,0.55000000,0
1505852856,21875173,3883.95,16.42510000,0
1505852856,21875172,3883.94,2.57490000,0
1505852848,21875161,3875.02,0.63658158,1
1505852847,21875160,3883.93,1.76568784,0
1505852847,21875159,3883.50,0.03327669,0
