date,tid,price,amount,type
1505865562,21884319,0.07261591,0.63315100,0
1505865561,21884318,0.07261591,6.64725900,0
1505865534,21884272,0.07247000,0.46220000,1
1505865423,21884211,0.07251996,0.98252450,0
1505865423,21884208,0.07251995,0.19986404,0
1505865422,21884206,0.07251000,0.68001146,1
1505865421,21884204,0.07251000,0.13760000,0
1505865273,21884159,0.07249000,1.79845057,1
1505865256,21884158,0.07249000,1.27805000,1
1505865256,21884157,0.07249001,0.39987000,1
1505864791,21884017,0.07249039,21.65836665,1
1505864682,21883947,0.07251000,0.14221487,1
1505864658,21883932,0.07261704,0.07610000,0
1505864650,21883929,0.07261705,0.39991400,0
1505864635,21883925,0.07261000,0.40000000,0
1505864590,21883909,0.07249000,1.39658400,1
1505864216,21883759,0.07249001,1.71332574,1
1505864214,21883756,0.07249001,1.05659600,1
1505864175,21883743,0.07249000,4.23000000,1
1505864169,21883734,0.07249000,4.23180300,1
1505864149,21883717,0.07251000,0.00009973,1
1505864147,21883707,0.07251000,3.98755027,1
1505864145,21883705,0.07251300,0.65875085,1
1505864145,21883702,0.07251303,1.49481991,1
1505864114,21883693,0.07265997,1.00000000,0
1505864009,21883654,0.07254000,1.70920000,1
1505864007,21883653,0.07254000,1.10629000,1
1505864006,21883652,0.07253300,0.51718600,1
1505863982,21883650,0.07269994,0.49489400,0
1505863974,21883645,0.07251600,0.99521202,1
1505863971,21883643,0.07251600,0.00568198,1
1505863971,21883642,0.07251603,8.11844802,1
1505863783,21883553,0.07253403,0.00032300,1
1505863783,21883552,0.07258000,0.46150000,1
1505863745,21883543,0.07249315,0.75980100,1
1505863744,21883542,0.07268400,0.75927000,1
1505863743,21883541,0.07259000,0.24073000,0
1505863693,21883521,0.07265000,0.22017000,0
1505863693,21883520,0.07260000,0.07758000,0
1505863511,21883438,0.07258900,3.62310300,0
1505863255,21883170,0.07240200,0.31506000,1
1505863254,21883166,0.07240200,0.34746320,1
1505863232,21883147,0.07259694,0.38656271,1
1505863225,21883136,0.07236912,0.85401000,0
1505863222,21883133,0.07236912,7.65767900,1
1505863221,21883130,0.07236912,1.78545200,1
1505863221,21883129,0.07239500,3.98765000,1
1505863220,21883124,0.07236912,20.80867000,1
1505863219,21883123,0.07236912,14.25807500,1
1505863219,21883120,0.07236908,14.00308602,1
1505863218,21883119,0.07238000,0.46090000,1
1505863218,21883118,0.07238003,6.34468400,1
1505863195,21883087,0.07251400,3.98764958,0
1505863195,21883086,0.07250000,3.76986842,0
1505863195,21883085,0.07247599,2.77000000,0
1505863174,21883066,0.07250000,1.00000000,0
1505863174,21883065,0.07247000,3.98765000,0
1505863172,21883060,0.07244689,14.46398602,0
1505863138,21883024,0.07238700,3.98752580,0
1505863116,21883005,0.07238700,3.98765000,0
1505863112,21883001,0.07238200,3.98765000,0
1505862977,21882860,0.07225103,1.38003600,1
1505862827,21882781,0.07238360,2.72000000,0
1505862799,21882754,0.07227000,1.44765000,1
1505862799,21882753,0.07227003,2.54000000,1
1505862787,21882725,0.07236617,2.47987810,1
1505862711,21882620,0.07237787,2.60000000,0
1505862680,21882593,0.07233797,1.44000000,0
1505862664,21882554,0.07233801,1.00000000,0
1505862556,21882493,0.07228612,0.13833915,1
1505862542,21882488,0.07234510,5.81835000,1
1505862542,21882487,0.07226500,3.98765000,0
1505862541,21882486,0.07225000,0.19400000,0
1505862456,21882458,0.07217297,0.10000000,0
1505862452,21882457,0.07221000,0.10000000,0
1505862451,21882456,0.07218200,0.10000000,0
1505862425,21882449,0.07202702,0.70925636,1
1505862425,21882448,0.07204000,0.29400000,1
1505862333,21882401,0.07221200,3.98764972,1
1505862333,21882400,0.07221203,13.09728728,1
1505862322,21882395,0.07225300,3.11235000,1
1505862310,21882394,0.07224600,3.98765000,1
1505862301,21882376,0.07241430,15.00000000,0
1505862154,21882346,0.07234800,1.86449549,0
1505862154,21882345,0.07230000,0.00000039,0
1505861983,21882177,0.07230000,17.73452900,0
1505861977,21882170,0.07230000,2.77000000,0
1505861970,21882160,0.07230000,0.24200800,0
1505861970,21882159,0.07229700,3.98765000,0
1505861970,21882156,0.07226000,0.75439800,0
1505861970,21882155,0.07225000,0.07478100,0
1505861882,21882012,0.07221900,3.98765000,0
1505861779,21881947,0.07215300,0.55338042,0
1505861779,21881946,0.07215299,1.44661958,0
1505861528,21881845,0.07206563,2.25724245,0
1505861527,21881844,0.07206563,12.23855155,0
1505861515,21881835,0.07202597,0.00009660,0
1505861515,21881834,0.07202594,0.23190340,0
1505861513,21881833,0.07202594,0.26000000,0
1505861494,21881831,0.07202586,1.10610200,0
1505861489,21881829,0.07202589,2.04114800,0
1505861486,21881828,0.07202590,4.84628150,0
1505861416,21881806,0.07190000,0.96652970,1
1505861416,21881805,0.07190000,0.11000000,1
1505861293,21881783,0.07195100,1.15603968,1
1505861280,21881778,0.07200000,0.30000000,1
1505860621,21881516,0.07217630,0.35459400,0
1505860462,21881486,0.07205100,2.44846365,1
1505860462,21881485,0.07210000,0.00100000,1
1505860462,21881484,0.07210001,0.19929682,1
1505860461,21881481,0.07210001,7.40291584,1
1505860457,21881464,0.07210001,0.41726000,1
1505860452,21881451,0.07210001,0.25760500,1
1505860452,21881450,0.07210001,1.46997000,1
1505860441,21881445,0.07222980,1.10160000,0
1505860434,21881440,0.07210000,1.99900000,1
1505860289,21881382,0.07216700,2.85942800,0
1505860239,21881350,0.07202007,2.73280074,1
1505860202,21881310,0.07219461,0.30324348,1
1505860201,21881309,0.07219461,2.69675652,1
1505859904,21881088,0.07216764,0.03670500,0
1505859904,21881087,0.07216764,0.49999500,0
1505859904,21881086,0.07216764,0.46330000,0
1505859836,21881062,0.07200715,0.22999500,1
1505859832,21881059,0.07200713,0.30000000,1
1505859823,21881047,0.07202003,0.96566855,1
1505859807,21881025,0.07207003,5.57289724,1
1505859806,21881024,0.07206000,0.46310000,0
1505859794,21881012,0.07207001,0.79990968,1
1505859794,21881009,0.07207001,1.68676000,1
1505859781,21881002,0.07207001,0.22991533,1
1505859774,21880999,0.07207001,0.46230400,1
1505859771,21880994,0.07207000,0.50991761,1
1505859771,21880993,0.07207000,0.00007269,1
1505859768,21880991,0.07207000,2.26076038,1
1505859765,21880984,0.07207000,0.50916693,1
1505859764,21880982,0.07207000,0.46310000,1
1505859737,21880974,0.07211800,2.32380384,1
1505859737,21880972,0.07223296,0.00011916,1
1505859725,21880949,0.07223296,0.96554939,1
1505859717,21880943,0.07223293,0.13809574,0
1505859700,21880928,0.07204507,0.19429571,1
1505859661,21880917,0.07219797,0.20000000,0
1505859649,21880915,0.07200007,3.74829223,1
1505859649,21880914,0.07209800,3.98765000,0
1505859647,21880913,0.07209800,3.98765000,1
1505859579,21880895,0.07224900,0.28585022,0
1505859495,21880861,0.07208000,0.07478100,1
1505859457,21880836,0.07206903,1.87488800,1
1505859454,21880832,0.07234800,5.87832323,1
1505859454,21880831,0.07234800,19.51556000,1
1505859453,21880830,0.07226190,0.76696017,0
1505859453,21880829,0.07226190,0.79979987,1
1505859452,21880828,0.07226000,0.29300000,0
1505859452,21880827,0.07225991,2.77000000,0
1505859452,21880826,0.07225991,40.85100000,1
1505859452,21880825,0.07225989,3.51069060,1
1505859452,21880824,0.07225989,33.27500000,0
1505859451,21880823,0.07216900,3.98765000,0
1505859450,21880822,0.07216899,11.52392081,0
1505859280,21880768,0.07202592,11.52392081,0
1505859275,21880767,0.07220099,28.76774975,0
1505859274,21880766,0.07220098,77.68020000,1
1505859274,21880764,0.07217366,4.84628150,0
1505859273,21880762,0.07217365,10.69750969,1
1505859272,21880761,0.07217365,1.25838942,0
1505859272,21880760,0.07217362,1.74986964,0
1505859137,21880701,0.07208311,1.86752167,1
1505859137,21880699,0.07208311,0.46000000,1
1505859120,21880689,0.07208311,1.06913225,0
1505859118,21880688,0.07208221,0.46320000,1
1505859060,21880641,0.07211000,1.09200000,1
1505859058,21880639,0.07211003,1.09200000,1
1505858771,21880479,0.07224290,0.79346000,0
1505858388,21880282,0.07209861,0.49845293,1
1505858357,21880265,0.07209840,0.15941671,1
1505858328,21880253,0.07210300,0.73096432,1
1505858328,21880252,0.07210901,0.25054852,1
1505858272,21880229,0.07214200,0.28722960,1
1505858272,21880228,0.07219000,0.46320000,1
1505858142,21880168,0.07213500,1.09955178,1
1505858142,21880167,0.07213935,0.49913941,1
1505858071,21880130,0.07216800,0.34225400,1
1505858071,21880129,0.07225850,1.00000000,1
1505858033,21880120,0.07234770,70.74523492,1
1505858033,21880119,0.07234770,2.77000000,1
1505858033,21880118,0.07226800,3.98765000,0
1505858032,21880116,0.07225856,5.36274442,0
1505858032,21880115,0.07224699,2.77000000,0
1505858031,21880114,0.07224693,8.82100000,1
1505858031,21880113,0.07224693,5.54337066,0
1505857980,21880100,0.07220800,1.00000000,0
1505857978,21880098,0.07220797,0.69237509,0
1505857875,21880066,0.07206203,0.98090603,1
1505857867,21880063,0.07224400,3.98765000,0
1505857854,21880051,0.07221297,3.98765000,0
1505857835,21880033,0.07201903,0.25631473,1
1505857822,21880026,0.07219977,3.98764981,0
1505857817,21880019,0.07219977,0.52832400,0
1505857817,21880018,0.07219200,3.98765000,0
1505857811,21880017,0.07219197,3.98765000,0
1505857740,21879929,0.07215097,0.40000000,0
1505857574,21879830,0.07209400,1.21765000,0
1505857573,21879829,0.07209400,2.77000000,0
1505857523,21879808,0.07198600,3.98765000,1
1505857523,21879807,0.07198602,0.21294345,1
1505857523,21879806,0.07201001,0.00000011,1
1505857382,21879710,0.07209121,0.20114400,0
1505857355,21879697,0.07201001,2.77044805,1
1505857355,21879696,0.07201002,0.42425995,1
1505857296,21879649,0.07201002,0.84556041,1
1505857149,21879544,0.07201001,0.71137700,1
1505857125,21879518,0.07205701,2.32183300,1
1505857115,21879514,0.07209000,0.29300000,1
1505857115,21879513,0.07209001,2.57668706,1
1505857100,21879505,0.07213001,0.08577400,1
1505857097,21879501,0.07213001,1.78635794,1
1505857097,21879500,0.07213001,0.46334131,1
1505857087,21879498,0.07217730,8.92500000,1
1505857082,21879490,0.07217997,1.82778400,0
1505856844,21879157,0.07212699,1.00000000,1
1505856811,21879141,0.07199600,2.23315900,1
1505856801,21879137,0.07209553,0.76696017,1
1505856707,21879095,0.07209200,3.98756600,0
1505856616,21879058,0.07199400,3.23158037,1
1505856616,21879057,0.07199784,1.18313208,1
1505856616,21879056,0.07200000,0.75606955,1
1505856611,21879047,0.07200000,0.09981838,1
1505856610,21879046,0.07200000,0.14411207,1
1505856610,21879045,0.07200000,1.53830255,1
1505856605,21879036,0.07203004,2.35695681,1
1505856597,21879031,0.07203003,1.61341600,1
1505856415,21878930,0.07218538,0.50000000,0
1505856371,21878921,0.07218583,5.43885900,0
1505856368,21878918,0.07218582,1.00000000,0
1505856350,21878897,0.07218597,1.17370676,0
1505856333,21878883,0.07200000,1.78703078,1
1505856333,21878882,0.07205500,3.98765000,1
1505856333,21878881,0.07205583,2.35611322,1
1505856330,21878879,0.07205591,2.09372139,1
1505856276,21878844,0.07222311,1.00000000,0
1505856204,21878783,0.07222695,0.25247834,0
1505856178,21878775,0.07207400,2.83165000,1
1505856177,21878774,0.07207400,1.15600000,1
1505856139,21878760,0.07223588,0.26157006,0
1505855837,21878552,0.07210710,1.25670100,1
1505855820,21878534,0.07227038,0.27604836,0
1505855803,21878515,0.07210704,0.74331100,1
1505855795,21878503,0.07227070,3.36310016,0
1505855783,21878493,0.07227086,1.15259179,0
1505855394,21878248,0.07223000,0.74333379,1
1505855379,21878231,0.07222500,3.98765000,0
1505855300,21878192,0.07204872,0.54964466,1
1505855239,21878113,0.07221533,1.86277928,0
1505855160,21878055,0.07220000,0.07758000,1
1505855142,21877995,0.07206340,0.47991477,1
1505855137,21877970,0.07206340,0.43020000,1
1505855130,21877946,0.07206340,0.17971675,1
1505855060,21877847,0.07208417,0.50331200,1
1505855056,21877830,0.07214402,1.00088000,0
1505855054,21877817,0.07214000,2.31991961,1
1505855042,21877782,0.07214402,0.90466210,1
1505855042,21877781,0.07217000,0.00010290,1
1505854937,21877689,0.07217000,0.45989710,1
1505854937,21877688,0.07220000,0.00010290,1
1505854935,21877682,0.07220000,1.65109987,1
1505854918,21877659,0.07220000,0.34879723,1
1505854881,21877626,0.07224401,0.46290000,1
1505854881,21877625,0.07224401,0.29300000,1
1505854869,21877615,0.07224401,0.13010000,1
1505854806,21877495,0.07228329,1.20456300,1
1505854803,21877485,0.07228329,0.39748600,1
1505854743,21877427,0.07231796,5.31242800,0
1505854733,21877422,0.07231796,1.03841300,1
1505854633,21877329,0.07231104,0.11404900,1
1505854626,21877319,0.07231102,2.48217200,1
1505854626,21877318,0.07234887,0.13789800,1
1505854624,21877314,0.07231102,1.09462599,1
1505854624,21877313,0.07234875,1.06254401,1
1505854623,21877312,0.07236000,0.46290000,1
1505854617,21877304,0.07234884,6.97500000,1
1505854569,21877262,0.07234877,0.74750000,1
1505854509,21877234,0.07249000,0.45651390,0
1505854447,21877194,0.07238007,13.06136400,1
1505854346,21877052,0.07250900,3.72765000,0
1505854346,21877051,0.07250799,0.80859800,0
1505854335,21877032,0.07234513,1.47565289,0
1505854334,21877020,0.07234510,1.47927000,1
1505854334,21877018,0.07234513,0.41784600,1
1505854281,21876964,0.07250799,3.08463700,0
1505854280,21876963,0.07250800,1.06030114,0
1505854275,21876955,0.07251693,4.79624840,0
1505854249,21876924,0.07234300,0.12395435,1
1505854234,21876912,0.07238600,0.25702819,0
1505854233,21876911,0.07239000,0.29300000,1
1505854229,21876910,0.07240000,0.45651390,1
1505854229,21876909,0.07241037,1.31995000,1
1505854177,21876866,0.07251000,0.86821795,0
1505854177,21876865,0.07251000,0.68254034,0
1505854171,21876857,0.07248793,0.29880784,1
1505854169,21876854,0.07248795,2.44799500,0
1505854168,21876853,0.07248000,0.29200000,0
1505854168,21876852,0.07247997,3.98764500,0
1505854141,21876808,0.07248796,7.00000000,0
1505854002,21876694,0.07241196,1.41234800,0
1505853996,21876690,0.07223007,1.70046500,0
1505853984,21876664,0.07227006,1.38688600,1
1505853954,21876610,0.07228000,0.29200000,1
1505853944,21876602,0.07227009,0.29200000,1
1505853942,21876599,0.07227000,0.18059300,0
1505853941,21876597,0.07227000,2.74000000,0
1505853941,21876596,0.07220030,4.55124378,1
1505853941,21876595,0.07227000,3.12803122,1
1505853940,21876594,0.07230192,0.20743822,0
1505853940,21876593,0.07227006,1.99250762,0
1505853939,21876592,0.07227000,0.85961878,1
1505853939,21876591,0.07230192,0.20743822,1
1505853933,21876583,0.07230192,0.33696800,1
1505853910,21876559,0.07230202,0.54223805,0
1505853877,21876513,0.07231003,0.77700000,1
1505853875,21876507,0.07237600,2.87815008,1
1505853874,21876506,0.07239000,0.29200000,1
1505853713,21876361,0.07241001,4.75019900,1
1505853712,21876359,0.07241001,3.26698300,1
1505853699,21876341,0.07244048,7.28701700,1
1505853699,21876340,0.07244048,2.82733500,1
1505853698,21876337,0.07244048,0.43964800,1
1505853696,21876328,0.07244051,3.01506200,1
1505853669,21876300,0.07244024,7.01999000,1
1505853653,21876275,0.07244019,0.57763800,1
1505853622,21876248,0.07252300,3.98765000,0
1505853609,21876222,0.07240003,0.33676340,0
1505853604,21876213,0.07264260,4.07661950,1
1505853604,21876212,0.07249000,0.29200001,0
1505853603,21876209,0.07248076,4.67918012,1
1505853603,21876208,0.07246720,0.12025814,0
1505853602,21876204,0.07245800,0.35192919,1
1505853601,21876198,0.07245800,3.98765000,0
1505853557,21876172,0.07230387,13.56877810,1
1505853549,21876164,0.07246720,0.48428500,0
1505853534,21876150,0.07246720,4.84753400,0
1505853533,21876148,0.07246199,0.92776938,0
1505853533,21876147,0.07246199,1.67953062,0
1505853531,21876145,0.07230370,0.74502500,1
1505853497,21876122,0.07246199,1.06046938,0
1505853407,21876048,0.07232012,0.22999500,1
1505853362,21876028,0.07246736,0.17651286,1
1505853362,21876026,0.07246736,2.32348714,1
1505853316,21876008,0.07230192,18.40153561,1
1505853316,21876007,0.07230193,1.83361439,1
1505853316,21876005,0.07230193,1.37041598,1
1505853316,21876003,0.07232000,0.29200000,1
1505853315,21876002,0.07233099,9.05268402,1
1505853314,21876000,0.07233099,0.34931598,1
1505853309,21875979,0.07233101,0.34994714,1
1505853297,21875968,0.07233086,0.35053711,1
1505853248,21875937,0.07235208,0.96388400,1
1505853225,21875877,0.07235201,0.26132018,1
1505853074,21875672,0.07235187,8.25593300,1
1505853070,21875662,0.07235185,0.40055800,0
1505852976,21875512,0.07243099,0.19258368,0
1505852970,21875490,0.07243100,0.35003400,0
1505852959,21875457,0.07235185,0.15745032,0
1505852891,21875294,0.07235209,1.97354000,1
1505852870,21875214,0.07250900,3.98764985,0
1505852870,21875213,0.07250899,9.36103587,0
1505852870,21875211,0.07250896,13.05448428,0
1505852852,21875166,0.07235110,0.45999500,1
1505852836,21875146,0.07252076,0.11495000,0
1505852833,21875133,0.07235054,5.16859681,1
1505852793,21875078,0.07252113,0.11495000,0
1505852752,21875036,0.07252168,0.11513000,0
1505852721,21875005,0.07247955,4.46695035,1
1505852721,21875004,0.07247955,2.74000000,0
1505852721,21875003,0.07247954,10.53984100,0
1505852721,21875001,0.07247954,2.97189358,0
1505852712,21874989,0.07247956,0.11513000,0
1505852669,21874943,0.07247963,0.11495000,0
1505852664,21874939,0.07237906,0.88436000,1
1505852630,21874885,0.07247975,0.11513000,0
1505852629,21874880,0.07231711,0.99999500,1
1505852590,21874836,0.07248285,0.11511000,0
1505852564,21874806,0.07231701,13.82945200,1
1505852560,21874800,0.07234036,0.18254800,0
1505852550,21874789,0.07239200,3.98765000,1
1505852546,21874785,0.07257194,0.11513000,0
1505852508,21874743,0.07257249,0.11513000,0
1505852468,21874681,0.07258192,0.11513000,0
1505852443,21874658,0.07243901,0.99890952,1
1505852422,21874642,0.07261976,0.11513000,0
1505852381,21874527,0.07258800,0.11511000,0
1505852345,21874438,0.07248600,0.08713300,0
1505852340,21874426,0.07243999,0.11511000,0
1505852329,21874410,0.07243000,0.29099999,0
1505852297,21874360,0.07243999,0.11507000,0
1505852229,21874288,0.07239503,0.83397991,0
1505852226,21874280,0.07239503,1.67924580,1
1505852224,21874276,0.07243301,0.11458240,1
1505852218,21874262,0.07261103,0.11507000,0
1505852217,21874256,0.07261101,1.39940020,0
1505852213,21874241,0.07243300,1.24765000,1
1505852213,21874239,0.07243304,2.74000000,1
1505852160,21874165,0.07261160,0.11495000,0
1505852119,21874130,0.07261293,0.11495000,0
1505852086,21874095,0.07251897,9.77360900,1
1505852082,21874091,0.07243000,0.46120000,0
1505852078,21874089,0.07251900,1.24778189,1
1505852074,21874080,0.07251900,2.73986811,1
1505852074,21874079,0.07260012,0.00013189,1
1505852062,21874070,0.07263697,0.33965734,0
1505852058,21874064,0.07260012,0.96286811,1
1505852041,21874022,0.07253500,3.98765000,1
1505852040,21874021,0.07256000,2.41410680,1
1505852037,21874020,0.07273371,0.11478000,0
1505851989,21873963,0.07256000,0.16853220,1
1505851980,21873937,0.07256000,7.15000000,1
1505851913,21873900,0.07256000,0.26736100,1
1505851815,21873829,0.07256101,0.19479553,1
1505851814,21873825,0.07256101,2.46272446,1
1505851814,21873824,0.07258000,0.29100000,1
1505851778,21873788,0.07263500,3.98765000,1
1505851760,21873766,0.07270500,1.20694800,1
1505851684,21873647,0.07289869,0.20000000,0
1505851648,21873608,0.07289884,0.11478000,0
1505851602,21873525,0.07289920,0.11478000,0
1505851537,21873425,0.07261301,0.48237354,1
1505851521,21873409,0.07270011,0.71388223,0
1505851521,21873408,0.07270011,2.74000000,0
1505851520,21873406,0.07270011,2.74000000,0
1505851518,21873399,0.07271000,0.46120000,1
1505851517,21873394,0.07270011,1.17070605,1
1505851517,21873393,0.07270014,4.65638602,1
1505851488,21873332,0.07274506,9.80760000,1
1505851486,21873331,0.07274500,0.10000000,1
1505851477,21873313,0.07306700,0.64423866,1
1505851476,21873310,0.07306696,0.40093896,0
1505851476,21873309,0.07303381,0.10000000,0
1505851476,21873308,0.07300000,2.00000000,0
1505851475,21873306,0.07290007,9.75399838,0
1505851475,21873304,0.07289060,3.10000000,0
1505851475,21873302,0.07285300,3.98765000,1
1505851474,21873301,0.07281198,8.56719400,1
1505851473,21873300,0.07281198,16.52598000,0
1505851471,21873296,0.07281198,1.02902000,0
1505851446,21873264,0.07281200,0.94115255,0
1505851446,21873262,0.07279950,0.00000545,0
1505851445,21873259,0.07279950,1.87741000,0
1505851443,21873253,0.07279947,3.89281100,1
1505851335,21873043,0.07265100,3.98765000,1
1505851326,21873025,0.07283300,11.72561407,1
1505851326,21873020,0.07280000,1.38740746,0
1505851325,21873016,0.07279950,2.74000000,0
1505851325,21873014,0.07279950,4.29980000,1
1505851324,21873006,0.07279947,27.61900000,1
1505851323,21872995,0.07279947,7.03119874,0
1505851270,21872955,0.07274897,0.60370300,0
1505851269,21872952,0.07274000,0.00000500,0
1505851269,21872951,0.07274000,0.29099500,0
1505851099,21872786,0.07256999,1.54001000,0
1505851099,21872785,0.07256999,0.22999500,0
1505851099,21872784,0.07256999,0.22999500,0
1505850976,21872715,0.07238100,0.27636800,1
1505850949,21872643,0.07246400,0.22999500,1
1505850935,21872615,0.07248000,0.22999500,1
1505850921,21872596,0.07246900,0.74695456,1
1505850895,21872572,0.07248900,0.57183320,1
1505850895,21872571,0.07250000,0.29100000,1
1505850890,21872558,0.07248903,1.37429319,1
1505850847,21872506,0.07250500,0.25530329,1
1505850746,21872403,0.07259700,3.68821606,0
1505850746,21872402,0.07259699,0.76799994,0
1505850740,21872395,0.07259697,0.20000000,0
1505850738,21872394,0.07239716,6.11507408,1
1505850721,21872369,0.07256100,0.20000000,0
1505850709,21872354,0.07236704,9.75499690,1
1505850709,21872351,0.07256700,2.54525000,0
1505850708,21872348,0.07256000,0.29100000,0
1505850707,21872342,0.07236704,10.91895200,1
1505850707,21872340,0.07238000,0.29100000,1
1505850690,21872314,0.07253300,3.98765000,0
1505850690,21872313,0.07250004,1.04292600,0
1505850689,21872312,0.07250004,1.67097300,0
1505850501,21872181,0.07249989,0.68758013,0
1505850456,21872166,0.07242000,0.46380000,0
1505850456,21872165,0.07241987,0.68841000,0
1505850347,21872050,0.07253700,0.79204500,1
1505850347,21872049,0.07255000,0.46380000,1
1505850226,21871906,0.07264700,3.75771566,0
1505850217,21871886,0.07265097,7.07169836,1
1505850216,21871883,0.07264000,0.26759800,0
1505850170,21871819,0.07250038,0.23000000,1
1505850165,21871804,0.07250037,0.22969657,1
1505850163,21871794,0.07250036,0.19992883,1
1505850163,21871790,0.07250030,2.74000000,1
1505850162,21871788,0.07250030,4.23999500,1
1505850135,21871710,0.07250000,0.26759800,0
1505850098,21871676,0.07253003,0.65013300,1
1505850061,21871627,0.07264900,1.00000000,0
1505849834,21871365,0.07249013,0.68840579,1
1505849832,21871359,0.07253200,1.77045200,1
1505849831,21871355,0.07253200,2.21719800,1
1505849830,21871353,0.07253203,8.33762300,1
1505849817,21871332,0.07255300,3.47672364,1
1505849815,21871329,0.07258100,0.00007441,1
1505849815,21871328,0.07258100,2.49547403,1
1505849812,21871320,0.07258100,1.40910156,1
1505849808,21871317,0.07258100,0.08300000,1
1505849710,21871250,0.07269300,1.09777406,0
1505849700,21871229,0.07265600,1.00000000,0
1505849662,21871214,0.07257199,2.74000000,0
1505849638,21871185,0.07254700,3.98765000,0
1505849630,21871178,0.07253100,3.98765000,0
1505849630,21871177,0.07251596,2.74000000,0
1505849622,21871171,0.07251596,2.74000000,0
1505849621,21871170,0.07251595,3.14467440,0
1505849601,21871133,0.07248200,4.18921667,1
1505849587,21871127,0.07247500,2.05124473,0
1505849587,21871126,0.07246000,0.29000000,0
1505849558,21871089,0.07237307,0.30000000,0
1505849555,21871085,0.07237308,2.72603364,0
1505849540,21871069,0.07245900,5.03776100,1
1505849539,21871068,0.07245900,3.98765000,0
1505849539,21871067,0.07245884,3.34649000,0
1505849520,21871017,0.07233009,11.46106980,1
1505849517,21871009,0.07233005,4.97714491,0
1505849424,21870835,0.07244787,18.93790300,0
1505849416,21870830,0.07244784,3.34648700,0
1505849409,21870820,0.07244799,0.64116251,0
1505849349,21870754,0.07230074,6.97854040,1
1505849344,21870738,0.07230059,1.06168174,1
1505849316,21870702,0.07249300,3.14467400,1
1505849316,21870701,0.07249300,3.98765000,0
1505849264,21870572,0.07248996,3.14467400,0
1505849242,21870533,0.07246100,3.12008800,0
1505849185,21870348,0.07229004,0.62282217,1
1505849185,21870347,0.07229004,2.54530800,1
1505849183,21870345,0.07229007,0.80000000,1
1505849173,21870322,0.07228982,0.64806711,0
1505849169,21870308,0.07229000,0.29000000,1
1505849167,21870297,0.07234300,3.98765000,0
1505849165,21870296,0.07227989,0.36464900,1
1505849161,21870272,0.07227000,0.46450000,0
1505849159,21870265,0.07226997,2.74000000,0
1505849159,21870264,0.07211270,9.17032798,1
1505849159,21870263,0.07211273,2.86441763,1
1505849125,21870197,0.07232288,0.58661000,0
1505849124,21870193,0.07231000,0.29000000,0
1505849117,21870185,0.07217001,0.14128800,1
1505849099,21870154,0.07227500,2.63229900,1
1505849094,21870144,0.07230500,1.35528132,0
1505849093,21870139,0.07215009,1.19070354,1
1505849092,21870127,0.07215006,0.42116395,1
1505849090,21870116,0.07230500,3.98765000,1
1505849075,21870051,0.07235200,3.41848200,1
1505849069,21870025,0.07234401,0.04332659,1
1505849069,21870024,0.07234401,0.14667341,1
1505849034,21869909,0.07257571,0.34249400,0
1505849011,21869851,0.07253100,3.98765000,0
1505849011,21869845,0.07253097,3.98659700,0
1505848982,21869759,0.07239001,0.88151326,1
1505848980,21869754,0.07253549,0.30000000,0
1505848971,21869728,0.07237600,0.90666683,1
1505848967,21869719,0.07242135,3.69296816,1
1505848967,21869717,0.07243000,0.46450000,1
1505848967,21869716,0.07245000,0.29000000,1
1505848922,21869514,0.07254700,0.20313121,1
1505848921,21869512,0.07254000,0.09686879,0
1505848910,21869490,0.07249000,0.36743121,0
1505848899,21869466,0.07253549,0.50802300,0
1505848883,21869420,0.07225000,0.01370328,1
1505848883,21869418,0.07248000,3.98765000,1
1505848874,21869350,0.07253552,0.68424200,1
1505848874,21869349,0.07253552,0.32350500,1
1505848839,21869153,0.07253550,0.23000000,1
1505848839,21869151,0.07253550,4.74693600,1
1505848836,21869144,0.07253549,14.34700564,1
1505848836,21869143,0.07253550,0.31967436,1
1505848836,21869141,0.07253550,0.23000000,1
1505848593,21868799,0.07259701,0.36530100,0
1505848570,21868751,0.07257300,3.98765000,1
1505848562,21868729,0.07259700,3.98765000,1
1505848561,21868728,0.07259701,2.74000000,1
1505848561,21868727,0.07261000,0.46430000,1
1505848529,21868633,0.07263601,0.46247300,1
1505848529,21868632,0.07263601,0.55332700,1
1505848512,21868610,0.07278497,0.06852417,0
1505848510,21868609,0.07263601,2.18667300,1
1505848485,21868533,0.07258513,1.09736743,1
1505848484,21868529,0.07258513,3.36065185,1
1505848484,21868526,0.07264600,3.98765000,1
1505848439,21868378,0.07280000,0.11259254,0
1505848431,21868370,0.07272000,0.12932398,1
1505848431,21868369,0.07274000,1.23284160,1
1505848431,21868368,0.07274000,0.92820328,1
1505848423,21868330,0.07275093,3.56450696,0
1505848422,21868326,0.07275093,4.01572679,0
1505848420,21868318,0.07275094,0.31829142,0
1505848411,21868280,0.07275095,0.43973262,0
1505848411,21868279,0.07272500,0.00000598,0
1505848411,21868276,0.07272500,0.12931800,0
1505848376,21868107,0.07259589,0.79547098,1
1505848376,21868106,0.07259592,14.46398602,1
1505848362,21868074,0.07272500,0.36992781,0
1505848353,21868056,0.07272500,0.23348229,0
1505848340,21868021,0.07272500,0.34604204,0
1505848333,21867994,0.07272500,3.98764500,1
1505848333,21867993,0.07273842,0.21501000,1
1505848331,21867986,0.07276300,0.74205500,0
1505848331,21867983,0.07271000,3.00000000,0
1505848319,21867925,0.07267199,2.13488900,0
1505848305,21867869,0.07259003,12.71022800,1
1505848304,21867863,0.07259003,2.93811700,1
1505848296,21867824,0.07267199,3.71996024,0
1505848279,21867772,0.07258989,8.13903300,0
1505848274,21867743,0.07258990,0.73553797,0
1505848272,21867736,0.07258990,3.77316509,1
1505848272,21867735,0.07258990,3.98765000,1
1505848271,21867732,0.07258989,3.70694925,0
1505848271,21867730,0.07258987,8.57769566,0
1505848267,21867722,0.07246691,2.34274779,1
1505848261,21867714,0.07258994,0.50377000,0
1505848248,21867681,0.07258996,0.73335000,1
1505848240,21867646,0.07258999,6.46243904,0
1505848239,21867644,0.07258998,0.46751812,0
1505848234,21867632,0.07256099,0.22992500,0
1505848223,21867601,0.07256096,0.20917000,0
1505848220,21867593,0.07256100,1.96282244,0
1505848212,21867560,0.07252370,0.00000535,0
1505848189,21867511,0.07252370,6.48543600,0
1505848166,21867482,0.07251322,0.22995136,0
1505847989,21867368,0.07234700,1.08409600,1
1505847962,21867307,0.07251896,3.98764500,0
1505847961,21867306,0.07251893,4.71381900,0
1505847945,21867295,0.07235286,2.79538503,1
1505847661,21867171,0.07251372,2.00000000,0
1505847579,21867120,0.07243001,0.25084602,1
1505847560,21867112,0.07247000,6.48544135,1
1505847486,21867046,0.07253098,9.14411207,0
1505847485,21867045,0.07250000,0.85588793,0
1505847448,21867012,0.07242001,0.20000000,1
1505847432,21866955,0.07239296,0.28186700,1
1505847328,21866895,0.07250000,0.14411207,0
1505847328,21866894,0.07249000,0.08588793,0
1505847096,21866565,0.07247000,0.16419207,0
1505847078,21866525,0.07243091,1.09055100,0
1505847075,21866516,0.07243091,2.35829230,0
1505847073,21866507,0.07243092,0.32828422,0
1505847073,21866506,0.07240000,0.00000578,0
1505847057,21866460,0.07240000,1.82160738,0
1505847052,21866440,0.07240000,0.61795558,0
1505846960,21866396,0.07229213,2.43956874,1
1505846960,21866394,0.07229215,1.17420726,1
1505846958,21866390,0.07244904,3.05303037,1
1505846943,21866369,0.07229299,2.32414500,1
1505846654,21866204,0.07234900,0.24000031,0
1505846569,21866134,0.07235001,2.73994750,0
1505846566,21866131,0.07229021,8.15974400,1
1505846565,21866129,0.07235001,0.00000513,0
1505846565,21866127,0.07235001,2.73999487,0
1505846565,21866126,0.07235001,0.50302113,0
1505846525,21866092,0.07234200,0.99999969,0
1505846525,21866091,0.07234000,1.93412331,0
1505846512,21866049,0.07233996,1.82073566,0
1505846507,21866046,0.07230000,1.18321533,0
1505846507,21866044,0.07230000,1.89178900,0
1505846503,21866034,0.07216114,0.24699800,1
1505846503,21866032,0.07216115,0.29258153,1
1505846502,21866031,0.07216300,0.24000000,1
1505846362,21865919,0.07229999,0.11280800,0
1505846190,21865829,0.07230893,0.52763100,1
1505846096,21865761,0.07215300,1.94167692,1
1505846087,21865746,0.07219766,10.54957300,1
1505846081,21865733,0.07219766,1.89120357,1
1505846081,21865732,0.07219766,8.75717800,1
1505846080,21865730,0.07219766,8.75734312,1
1505846080,21865729,0.07219769,1.89120357,1
1505846080,21865727,0.07224500,1.93412331,1
1505846001,21865676,0.07224501,0.38556117,0
1505845998,21865675,0.07224500,0.38567300,1
1505845990,21865656,0.07224500,1.79998533,1
1505845984,21865647,0.07224500,0.88934600,1
1505845956,21865638,0.07224500,1.00000000,1
1505845881,21865622,0.07224500,0.35809500,1
1505845865,21865608,0.07224507,0.65374703,1
1505845807,21865587,0.07237444,0.11006917,0
1505845807,21865586,0.07224501,0.13347076,1
1505845776,21865532,0.07237454,0.11005872,0
1505845740,21865526,0.07237474,0.11004823,0
1505845656,21865497,0.07237512,0.13077706,0
1505845618,21865477,0.07231100,2.37029715,0
1505845618,21865476,0.07226000,1.61735285,0
1505845615,21865475,0.07226000,1.07093300,0
1505845612,21865474,0.07226000,1.07106900,0
1505845571,21865462,0.07226000,2.60173935,0
1505845571,21865461,0.07225000,0.13826065,0
1505845566,21865456,0.07226000,0.15369923,0
1505845362,21865397,0.07215000,0.14492613,1
1505845340,21865393,0.07215003,0.23700000,1
1505845203,21865325,0.07219900,0.73715839,1
1505845203,21865323,0.07228000,0.13820000,1
1505845144,21865291,0.07233277,0.11003780,0
1505845110,21865267,0.07233323,0.11002735,0
1505844994,21865181,0.07229800,0.13797145,0
1505844993,21865180,0.07229800,0.20000000,0
1505844972,21865160,0.07213000,0.00006065,1
1505844972,21865158,0.07213003,1.99946560,0
1505844892,21865108,0.07227997,0.22340000,0
1505844892,21865107,0.07227000,0.00660000,0
1505844891,21865106,0.07227000,0.23000000,0
1505844891,21865105,0.07227000,0.23000000,0
1505844674,21865003,0.07221996,3.03895529,0
1505844643,21864970,0.07211500,1.73163200,1
1505844640,21864967,0.07214350,4.95657043,1
1505844636,21864958,0.07214350,1.55822300,1
1505844636,21864954,0.07214351,0.15259716,1
1505844600,21864900,0.07227993,1.70000000,0
1505844579,21864892,0.07225999,0.51632700,0
1505844563,21864886,0.07216892,4.69597718,0
1505844562,21864882,0.07216892,0.30402282,1
1505844496,21864868,0.07219400,3.98764981,1
1505844496,21864867,0.07220000,0.76180425,1
1505844496,21864866,0.07220001,0.60566394,1
1505844284,21864741,0.07234957,0.50770839,0
1505844265,21864697,0.07234974,0.60730000,0
1505844171,21864619,0.07224104,3.02462898,1
1505844101,21864550,0.07240200,1.75958303,0
1505844100,21864546,0.07240384,0.20475430,0
1505844032,21864515,0.07228000,1.83209600,1
1505844022,21864510,0.07227200,2.39196118,1
1505844022,21864509,0.07228000,0.46660000,1
1505844022,21864508,0.07228004,1.17851282,1
1505844019,21864507,0.07228003,1.12856800,1
1505844002,21864476,0.07231500,1.63998119,1
1505844002,21864474,0.07231501,2.34766881,1
1505843947,21864439,0.07247993,0.22994800,0
1505843789,21864312,0.07242000,1.84970500,0
1505843785,21864302,0.07241997,0.73087000,0
1505843628,21864225,0.07228000,0.25008000,1
1505843356,21864050,0.07230015,9.65040004,0
1505843298,21863994,0.07229815,0.28545900,1
1505843286,21863960,0.07247199,1.00000000,0
1505843271,21863932,0.07242999,0.30241000,0
1505843261,21863911,0.07242999,0.25200000,0
1505843256,21863893,0.07242999,0.69602384,0
1505843247,21863879,0.07242999,0.73204483,0
1505843228,21863854,0.07230003,0.27580000,1
1505843224,21863845,0.07230000,0.10009900,1
1505843215,21863812,0.07230000,0.61874723,0
1505843214,21863809,0.07230000,6.47295988,0
1505843195,21863788,0.07230000,7.02646600,0
1505843173,21863773,0.07230000,3.64329800,0
1505843163,21863770,0.07230000,0.73505700,0
1505843134,21863745,0.07230000,0.99750622,0
1505843058,21863692,0.07230000,0.19090600,0
1505843053,21863689,0.07230000,4.36875700,0
1505843040,21863674,0.07230000,8.34828000,0
1505842994,21863660,0.07230000,4.62899300,0
1505842967,21863645,0.07230000,0.12014300,0
1505842965,21863640,0.07230000,0.35899900,0
1505842961,21863633,0.07230000,0.14806300,0
1505842937,21863617,0.07230000,13.79676667,0
1505842905,21863596,0.07220000,7.52685986,1
1505842901,21863589,0.07220000,5.47379126,1
1505842875,21863568,0.07220000,6.98408202,1
1505842864,21863558,0.07220001,13.51026543,1
1505842851,21863554,0.07220001,2.74000000,1
1505842851,21863553,0.07220001,0.15483043,1
1505842844,21863548,0.07230000,1.05403000,0
1505842833,21863547,0.07220001,0.30858097,1
1505842823,21863512,0.07220065,0.61500378,1
1505842818,21863506,0.07230000,1.08766000,0
1505842795,21863488,0.07230000,4.63242700,0
1505842768,21863470,0.07230000,10.38790400,0
1505842754,21863445,0.07230000,0.18303700,0
1505842742,21863441,0.07230000,0.20000000,0
1505842722,21863417,0.07244100,2.00062119,0
1505842651,21863367,0.07229903,0.83000000,1
1505842489,21863298,0.07242065,1.55696900,0
1505842489,21863297,0.07242063,2.74000000,0
1505842426,21863184,0.07232152,3.00000000,0
1505842415,21863176,0.07232149,0.26216500,1
1505842401,21863159,0.07245999,0.11002731,0
1505842370,21863137,0.07246999,0.10427459,0
1505842211,21863011,0.07248992,0.68018215,0
1505842178,21862979,0.07238554,0.78365128,0
1505842177,21862978,0.07238554,0.29000000,0
1505842176,21862977,0.07238554,1.98370000,0
1505842176,21862976,0.07238554,0.46630000,0
1505842176,21862975,0.07238000,0.29000000,0
1505842154,21862953,0.07232000,0.26216500,1
1505842049,21862790,0.07232523,2.74000000,1
1505841873,21862705,0.07246100,0.18251000,0
1505841873,21862704,0.07246099,2.74000000,0
1505841738,21862654,0.07246100,1.26137900,1
1505841718,21862641,0.07249100,3.98765000,0
1505841718,21862640,0.07246087,0.31000000,0
1505841692,21862625,0.07246087,2.43409400,0
1505841684,21862616,0.07246087,0.30590600,0
1505841602,21862588,0.07246100,3.23207144,0
1505841602,21862584,0.07245848,0.36159979,1
1505841601,21862583,0.07245833,1.25987475,1
1505841601,21862581,0.07245833,1.07285000,1
1505841600,21862579,0.07245833,9.27360402,0
1505841551,21862541,0.07244652,5.19038200,0
1505841462,21862501,0.07233801,0.17000000,1
1505841121,21862296,0.07249400,0.88616400,1
1505841092,21862276,0.07233313,0.70357288,1
1505841080,21862254,0.07236601,0.19159979,1
1505840701,21861941,0.07253087,0.20000000,0
1505840680,21861907,0.07237002,3.97762374,1
1505840658,21861863,0.07250099,3.09352695,0
1505840658,21861861,0.07250099,1.02692405,0
1505840650,21861847,0.07247930,1.95701000,0
1505840647,21861838,0.07236006,4.74238100,1
1505840645,21861835,0.07236006,4.54011400,1
1505840632,21861764,0.07236001,2.38239100,1
1505840631,21861763,0.07236001,4.77240500,1
1505840630,21861759,0.07236000,0.61760900,1
1505840627,21861752,0.07234035,0.59006763,1
1505840627,21861751,0.07234037,5.61755637,1
1505840625,21861745,0.07234034,7.61667100,1
1505840624,21861744,0.07234030,3.37135400,0
1505840623,21861743,0.07248000,0.00032600,0
1505840623,21861742,0.07245000,0.46560000,0
1505840611,21861725,0.07234024,5.61755637,1
1505840610,21861723,0.07234024,3.66552700,1
1505840590,21861691,0.07241603,3.98765000,0
1505840589,21861689,0.07234004,1.28865800,1
1505840588,21861688,0.07251620,0.00010200,1
1505840585,21861683,0.07254000,2.56458597,0
1505840585,21861682,0.07253999,0.17541403,0
1505840584,21861680,0.07253999,1.24765000,0
1505840584,21861679,0.07253999,2.74000000,0
1505840583,21861677,0.07251620,1.22933800,1
1505840576,21861665,0.07263998,0.10000000,0
1505840575,21861662,0.07263998,0.10000000,0
1505840573,21861656,0.07244003,0.10000000,0
1505840571,21861645,0.07263997,0.10000000,0
1505840569,21861637,0.07264000,0.10000000,0
1505840544,21861622,0.07250200,3.98765000,1
1505840543,21861621,0.07252000,0.46560000,1
1505840068,21861467,0.07261700,0.08045636,0
1505840066,21861465,0.07261699,0.41405900,0
1505840008,21861439,0.07244378,2.00000000,1
1505839837,21861309,0.07252000,0.01384200,1
1505839837,21861308,0.07252000,0.27615800,1
1505839631,21861215,0.07266600,2.17072400,0
1505839505,21861171,0.07258600,0.97897666,0
1505839498,21861166,0.07252000,0.13794545,0
1505839483,21861147,0.07253999,2.08724300,0
1505839453,21861138,0.07250999,1.49350800,0
1505839444,21861137,0.07251999,0.21822300,0
1505839444,21861136,0.07243547,0.05720000,0
1505839428,21861120,0.07243547,0.09810000,0
1505839383,21861094,0.07243000,0.27068100,0
1505839380,21861090,0.07243000,0.15530000,0
1505839360,21861073,0.07251999,0.34174200,0
1505839289,21861043,0.07243548,1.01906500,1
1505839288,21861042,0.07243548,5.35462200,1
1505839288,21861041,0.07243000,0.29000000,0
1505839287,21861038,0.07243547,2.74000000,0
1505839286,21861033,0.07242500,3.98765000,1
1505839133,21860928,0.07251800,3.98765000,1
1505839133,21860927,0.07253000,0.29000000,1
1505838705,21860717,0.07256503,39.78777556,0
1505838705,21860716,0.07256503,0.83417151,0
1505838705,21860715,0.07258000,0.10000000,1
1505838689,21860701,0.07260000,0.46582645,1
1505838685,21860690,0.07277365,0.17853400,0
1505838316,21860459,0.07259701,0.23411000,1
1505837765,21860194,0.07266909,3.00592414,1
1505837683,21860126,0.07274413,2.74000000,1
1505837681,21860122,0.07274400,2.74000000,1
1505837678,21860114,0.07274400,0.15226156,1
1505837677,21860113,0.07274400,0.15226100,0
1505837676,21860112,0.07274400,3.83538900,0
1505837667,21860111,0.07272000,3.98565000,0
1505837467,21860026,0.07263399,0.93002200,0
1505837451,21860004,0.07263493,0.57206200,0
1505837392,21859967,0.07248807,0.29810500,1
1505837350,21859953,0.07263070,0.11355839,0
1505837345,21859945,0.07252061,1.49310209,0
1505837345,21859944,0.07252061,2.48486400,0
1505837344,21859943,0.07252061,0.13202891,0
1505837337,21859935,0.07263068,0.26405781,0
1505837276,21859912,0.07252061,2.00000000,0
1505837218,21859892,0.07256700,0.77744200,0
1505837212,21859888,0.07256600,0.49125200,0
1505837212,21859887,0.07252061,0.25399400,0
1505837111,21859842,0.07252062,2.73991000,1
1505837035,21859790,0.07266977,2.25761700,0
1505836921,21859659,0.07268593,0.50000000,0
1505836901,21859648,0.07251803,1.57828600,0
1505836886,21859637,0.07254200,0.00012611,1
1505836885,21859636,0.07254200,3.98752389,1
1505836885,21859635,0.07255000,0.00012611,1
1505836880,21859623,0.07255000,5.03687389,1
1505836871,21859601,0.07258003,2.41770200,1
1505836755,21859515,0.07276967,0.16781731,0
1505836689,21859469,0.07273000,0.13673844,0
1505836683,21859452,0.07269000,2.75127942,0
1505836683,21859451,0.07267398,1.23637058,0
1505836681,21859449,0.07262999,0.22329808,0
1505836679,21859447,0.07262999,8.56748200,0
1505836679,21859446,0.07262000,0.22329800,0
1505836638,21859433,0.07260000,0.24210200,0
1505836638,21859432,0.07259999,1.46837900,0
1505836554,21859385,0.07250930,0.22991534,1
1505836544,21859371,0.07254303,1.46724500,1
1505836539,21859362,0.07260000,1.46539992,1
1505836537,21859356,0.07260000,17.28245300,1
1505836533,21859353,0.07260000,1.00000000,1
1505836532,21859352,0.07261000,0.46540000,1
1505836523,21859350,0.07260000,51.06630000,1
1505836500,21859334,0.07260000,11.27410469,1
1505836499,21859327,0.07260000,13.25445111,1
1505836497,21859325,0.07260000,0.13780000,0
1505836497,21859324,0.07258997,0.91049128,0
1505836497,21859323,0.07258997,0.18900000,0
1505836441,21859274,0.07258995,3.48214000,0
1505836420,21859252,0.07244007,7.40966748,1
1505836337,21859187,0.07258999,0.10000000,0
1505836281,21859108,0.07246900,0.81789453,1
1505836273,21859101,0.07246501,2.74000000,1
1505836273,21859100,0.07251000,0.07280000,1
1505836261,21859090,0.07260995,0.47160667,0
1505836249,21859055,0.07260995,2.32771159,0
1505836239,21859048,0.07261000,0.10000000,0
1505836239,21859047,0.07249302,1.13743120,1
1505836236,21859044,0.07253000,0.10000000,0
1505836233,21859042,0.07253000,0.10000000,0
1505836230,21859041,0.07253000,0.10000000,0
1505836228,21859037,0.07253739,1.01503608,1
1505836114,21858914,0.07253711,4.92201842,1
1505836114,21858913,0.07255000,0.00012253,1
1505836114,21858909,0.07255000,0.46487747,1
1505836108,21858901,0.07253708,8.39891700,1
1505836093,21858877,0.07253703,2.47142432,1
1505836091,21858875,0.07253703,11.31460584,1
1505836087,21858861,0.07253701,15.73913580,1
1505836076,21858841,0.07253700,3.69865000,1
1505836076,21858839,0.07256000,0.28900000,1
1505836074,21858834,0.07257050,0.91049128,1
1505836073,21858832,0.07257050,36.12635072,1
1505836073,21858830,0.07257050,12.93533900,1
1505836071,21858819,0.07257050,18.50593100,1
1505836055,21858786,0.07257050,6.96888800,1
1505836055,21858784,0.07257053,2.79931826,1
1505835965,21858712,0.07259000,0.13730528,0
1505835906,21858620,0.07268600,1.67161600,1
1505835888,21858589,0.07271700,0.79555300,1
1505835661,21858477,0.07284593,0.40745100,0
1505835446,21858360,0.07270000,3.98765000,1
1505835446,21858359,0.07270001,0.18233194,1
1505835414,21858345,0.07276900,3.98765000,1
1505835414,21858344,0.07278000,0.13730000,1
1505835398,21858340,0.07286935,0.96054900,0
1505835350,21858321,0.07286971,0.60460382,0
1505835299,21858292,0.07283000,0.27069500,0
1505835272,21858285,0.07286993,0.07000000,0
1505835225,21858268,0.07289953,0.38736300,0
1505835174,21858261,0.07276500,0.95983765,1
1505835167,21858260,0.07291877,0.95983765,0
1505835163,21858256,0.07291879,0.36935144,0
1505835034,21858192,0.07275500,0.10000000,1
1505834705,21858039,0.07280323,0.95908226,1
1505834702,21858038,0.07298536,0.95908226,0
1505834644,21858011,0.07280984,2.29654700,1
1505834643,21858010,0.07280984,0.00000067,1
1505834643,21858008,0.07280985,2.43899361,1
1505834584,21857970,0.07280978,4.83999500,1
1505834580,21857964,0.07280977,0.75228926,1
1505834578,21857959,0.07280976,3.98765000,1
1505834571,21857948,0.07280970,6.70598534,1
1505834571,21857946,0.07280973,4.01399466,1
1505834522,21857908,0.07280929,0.07000000,1
1505834445,21857875,0.07287004,0.95900854,1
1505834440,21857871,0.07299205,0.95900854,0
1505834417,21857855,0.07284000,0.90000000,0
1505834410,21857852,0.07282968,4.84628150,0
1505834408,21857848,0.07266519,0.14212992,1
1505834386,21857828,0.07266511,0.27084930,1
1505834371,21857816,0.07270000,0.27070028,1
1505834355,21857803,0.07270000,0.07110464,1
1505834354,21857802,0.07270000,0.19959564,1
1505834349,21857799,0.07274000,0.27055142,1
1505834347,21857796,0.07274000,3.60900000,1
1505834338,21857791,0.07273600,0.27056634,1
1505834334,21857788,0.07273600,2.35936813,1
1505834313,21857766,0.07292906,5.03705984,0
1505834313,21857765,0.07284630,0.90000000,0
1505834313,21857764,0.07284630,0.46420000,1
1505834313,21857763,0.07282600,3.98765000,0
1505834312,21857762,0.07280597,1.01097407,0
1505834311,21857761,0.07274994,2.76000000,0
1505834303,21857753,0.07273999,2.49513539,0
1505834127,21857641,0.07262601,0.96146701,0
1505834123,21857634,0.07280513,0.96146701,0
1505833941,21857415,0.07264600,0.49852878,1
1505833941,21857414,0.07265000,0.46420000,1
1505833937,21857411,0.07280577,0.96272878,0
1505833903,21857381,0.07270999,0.18689700,0
1505833893,21857378,0.07261600,0.96145961,0
1505833893,21857377,0.07261000,0.46450000,0
1505833883,21857373,0.07263208,0.96145961,0
1505833810,21857339,0.07266807,0.96167055,1
1505833807,21857335,0.07279000,0.96167055,1
1505833478,21857103,0.07280597,0.00010421,1
1505833476,21857102,0.07280597,13.56407779,1
1505833365,21857027,0.07270300,1.89256800,0
1505833364,21857026,0.07270300,0.98300000,0
1505833361,21857023,0.07270297,2.76000000,0
1505833357,21857016,0.07269800,3.98765000,0
1505833190,21856836,0.07258914,2.00000000,0
1505833117,21856796,0.07243100,0.49980713,1
1505833117,21856795,0.07244000,0.46450000,1
1505833109,21856793,0.07259096,0.96430713,0
1505833099,21856784,0.07259099,0.07379100,0
1505833095,21856775,0.07259186,0.07379100,0
1505833093,21856772,0.07259187,0.14758201,0
1505833035,21856742,0.07240700,0.96426967,1
1505833028,21856739,0.07259380,0.96426967,0
1505832998,21856695,0.07242003,12.60500000,1
1505832967,21856681,0.07243100,0.96425639,1
1505832963,21856679,0.07259478,0.96425639,0
1505832954,21856676,0.07242003,1.73210000,1
1505832907,21856649,0.07253199,4.01521881,0
1505832907,21856648,0.07251573,2.76000000,0
1505832907,21856647,0.07251570,4.39200119,0
1505832847,21856581,0.07233003,0.46520000,1
1505832584,21856444,0.07235003,0.69125498,1
1505832557,21856399,0.07237003,2.26985798,1
1505832417,21856271,0.07232003,0.96568813,1
1505832413,21856270,0.07248717,0.40424813,0
1505832413,21856269,0.07248704,0.56144000,0
1505832342,21856199,0.07234000,1.10436223,1
1505832307,21856189,0.07244000,0.95775372,0
1505832307,21856188,0.07244000,0.29000000,0
1505832307,21856187,0.07244000,0.25659512,0
1505832290,21856139,0.07244000,0.25669923,1
1505832283,21856133,0.07243999,0.84766300,0
1505832277,21856123,0.07243984,3.51191900,0
1505832276,21856122,0.07243984,0.84758100,0
1505832276,21856121,0.07243984,0.24921483,0
1505832275,21856119,0.07243984,0.09574400,0
1505832243,21856107,0.07239900,3.98765000,0
1505832241,21856106,0.07239699,0.20000000,0
1505832236,21856105,0.07228999,0.66200000,0
1505832235,21856104,0.07239697,5.49385700,0
1505832235,21856101,0.07230000,0.18932008,0
1505832234,21856099,0.07229000,0.46550000,0
1505832230,21856097,0.07229999,0.12112600,0
1505832226,21856096,0.07229999,0.12107200,0
1505832202,21856075,0.07229200,0.67320036,1
1505832190,21856067,0.07228300,0.09004298,1
1505832179,21856056,0.07243920,0.09004298,0
1505832179,21856055,0.07229000,0.46550000,1
1505832150,21856020,0.07238000,0.12509638,0
1505832142,21856011,0.07225664,0.09005588,1
1505832136,21856008,0.07239998,0.09005588,0
1505832084,21855930,0.07228130,0.09006837,1
1505832079,21855925,0.07242000,0.09006837,0
1505832059,21855912,0.07237999,0.19430771,0
1505832052,21855908,0.07225907,0.09008016,1
1505832049,21855900,0.07238999,0.09008016,0
1505832036,21855886,0.07240000,0.24943525,0
1505831991,21855859,0.07222517,0.09009761,1
1505831985,21855854,0.07241887,0.09009761,0
1505831890,21855784,0.07223215,0.09011452,1
1505831883,21855778,0.07241981,0.09011452,1
1505831843,21855755,0.07226500,1.89871141,1
1505831842,21855750,0.07226500,0.79073500,1
1505831842,21855749,0.07227000,0.46460000,1
1505831840,21855746,0.07243993,1.70163210,0
1505831811,21855718,0.07226803,0.09013002,1
1505831807,21855709,0.07243997,0.09013002,0
1505831785,21855678,0.07236000,1.32625000,0
1505831774,21855612,0.07236000,3.98765000,0
1505831764,21855604,0.07236000,3.98765000,0
1505831764,21855602,0.07226006,0.09014599,0
1505831743,21855590,0.07243717,0.09014599,0
1505831729,21855571,0.07227400,3.48765000,1
1505831727,21855570,0.07227400,0.50000000,1
1505831720,21855549,0.07230801,0.24000000,1
1505831720,21855548,0.07230801,1.13000000,1
1505831720,21855547,0.07230801,1.22062595,1
1505831717,21855528,0.07230801,0.16993775,1
1505831716,21855520,0.07230801,0.09015772,1
1505831716,21855517,0.07230801,0.14511400,1
1505831711,21855505,0.07243813,0.09015772,0
1505831696,21855496,0.07230801,1.04399500,1
1505831689,21855485,0.07230801,0.09016958,1
1505831684,21855484,0.07243955,0.09016958,0
1505831574,21855408,0.07243000,0.24957370,0
1505831500,21855362,0.07224103,0.93895600,1
1505831434,21855305,0.07227704,1.06899500,0
1505831411,21855289,0.07231000,0.08000000,1
1505831406,21855236,0.07244997,0.08000000,0
1505831276,21855144,0.07242884,0.24960470,0
1505831178,21855099,0.07224700,0.08000000,1
1505831174,21855095,0.07243936,0.08000000,0
1505831158,21855082,0.07224103,0.08000000,1
1505831152,21855080,0.07243981,0.08000000,0
1505831150,21855074,0.07225200,0.43726000,1
1505831145,21855068,0.07225200,0.50000000,1
1505831140,21855062,0.07225700,0.50000000,1
1505831134,21855060,0.07227000,0.29000000,1
1505831130,21855055,0.07226303,0.50000000,1
1505831106,21855052,0.07242697,0.12332495,0
1505831106,21855051,0.07237615,0.20000000,0
1505831104,21855047,0.07236710,0.00372205,0
1505831001,21854927,0.07236710,3.17652195,0
1505830981,21854909,0.07236484,0.40873700,0
1505830925,21854875,0.07221200,0.50000000,1
1505830920,21854873,0.07224900,0.50000000,1
1505830916,21854872,0.07224900,0.08000000,1
1505830914,21854871,0.07224900,0.47770689,1
1505830914,21854870,0.07228000,0.02229311,1
1505830891,21854832,0.07236577,0.08000000,0
1505830842,21854783,0.07228000,0.08000000,1
1505830833,21854780,0.07236664,0.08000000,0
1505830817,21854766,0.07228000,0.25000000,1
1505830801,21854739,0.07236670,3.58420907,0
1505830799,21854736,0.07228000,0.25698000,1
1505830784,21854727,0.07228000,0.10072689,1
1505830722,21854667,0.07233999,2.00577400,0
1505830721,21854665,0.07233000,0.29000000,0
1505830721,21854664,0.07233000,0.46422551,0
1505830691,21854643,0.07229999,1.89068048,0
1505830559,21854537,0.07237000,0.46422551,1
1505830536,21854516,0.07240451,2.15562539,1
1505830494,21854402,0.07240448,0.30879000,1
1505830478,21854371,0.07240448,0.22999500,1
1505830464,21854355,0.07240448,0.94970000,1
1505830462,21854353,0.07240448,0.08274000,1
1505830392,21854296,0.07240443,5.37096400,1
1505830388,21854290,0.07252700,3.98765000,0
1505830388,21854289,0.07246321,4.84628150,0
1505830388,21854288,0.07244000,0.46380000,0
1505830388,21854286,0.07243506,0.22999500,0
1505830388,21854284,0.07243506,0.23000000,0
1505830387,21854282,0.07243003,0.27840900,0
1505830387,21854281,0.07243003,0.57486769,0
1505830367,21854265,0.07240441,5.32094491,1
1505830367,21854264,0.07240441,0.17029300,1
1505830362,21854250,0.07240441,12.52833500,1
1505830361,21854248,0.07240441,0.28409400,1
1505830357,21854234,0.07240441,0.47193900,1
1505830353,21854230,0.07240441,6.12232504,1
1505830328,21854207,0.07240738,0.13985300,0
1505830328,21854206,0.07240738,1.35824588,0
1505830316,21854200,0.07243100,1.91468300,0
1505830316,21854199,0.07243003,4.09634200,0
1505830305,21854152,0.07243000,0.73372200,0
1505830305,21854151,0.07243000,0.29000000,0
1505830305,21854150,0.07240738,0.71998500,0
1505830296,21854141,0.07240437,9.70253370,1
1505830294,21854138,0.07240435,5.12233000,0
1505830294,21854137,0.07240435,23.31027910,0
1505830293,21854136,0.07240436,2.53153890,1
1505830293,21854135,0.07240436,0.99999500,1
1505830293,21854134,0.07240738,0.05001000,0
1505830293,21854133,0.07240736,0.99999500,0
1505830291,21854131,0.07240435,1.68028500,1
1505830288,21854126,0.07240435,0.22999500,1
1505830275,21854110,0.07241500,0.11487833,1
1505830275,21854109,0.07243000,0.01023500,1
1505830272,21854106,0.07243000,0.27976500,0
1505830271,21854105,0.07243003,0.22999500,1
1505830251,21854084,0.07243506,0.23000000,1
1505830245,21854076,0.07243300,0.69840217,1
1505830245,21854075,0.07243300,0.35159300,1
1505830061,21853943,0.07250599,0.22999500,0
1505830055,21853936,0.07240750,0.85198300,0
1505830055,21853935,0.07240750,0.28908900,0
1505830054,21853934,0.07240739,0.38686200,0
1505830037,21853916,0.07240738,16.14410400,0
1505829929,21853843,0.07240751,0.98342401,1
1505829916,21853832,0.07240749,0.28908900,1
1505829904,21853812,0.07240749,0.85198300,1
1505829885,21853787,0.07240748,0.62166100,1
1505829880,21853781,0.07249689,1.70372400,0
1505829876,21853777,0.07240743,0.23027300,1
1505829871,21853767,0.07249702,2.76000000,0
1505829868,21853765,0.07249703,5.07000000,0
1505829866,21853764,0.07240740,0.22999500,1
1505829860,21853748,0.07240740,0.25652100,1
1505829860,21853746,0.07240740,1.77992200,1
1505829859,21853742,0.07240740,4.83992100,1
1505829859,21853738,0.07240739,0.25591300,1
1505829858,21853733,0.07240739,0.23000000,1
1505829841,21853664,0.07240738,0.27635300,1
1505829840,21853653,0.07240738,0.48599500,1
1505829838,21853637,0.07240736,4.75926600,1
1505829838,21853635,0.07240736,0.27635300,1
1505829838,21853634,0.07240736,1.92478254,1
1505829838,21853632,0.07240737,1.04494646,1
1505829805,21853572,0.07240728,3.79322900,1
1505829804,21853567,0.07240728,2.35626100,1
1505829804,21853565,0.07240728,0.72965180,1
1505829760,21853529,0.07240714,1.36655788,1
1505829759,21853527,0.07246987,2.94846216,0
1505829759,21853526,0.07246000,0.46380000,0
1505829759,21853525,0.07240714,0.72973000,1
1505829725,21853499,0.07240704,9.34424102,1
1505829725,21853498,0.07240705,2.74202183,1
1505829725,21853497,0.07240724,2.34467843,1
1505829724,21853496,0.07242000,0.03296615,1
1505829722,21853494,0.07242000,0.43083385,1
1505829702,21853480,0.07246948,2.48381213,0
1505829702,21853479,0.07240695,2.48381939,1
1505829700,21853476,0.07246961,4.05853483,1
1505829700,21853475,0.07246961,0.10143699,1
1505829697,21853470,0.07240693,0.20000000,1
1505829695,21853466,0.07240693,2.34461016,1
1505829695,21853465,0.07240693,9.19467000,1
1505829593,21853262,0.07240665,0.06970650,0
1505829590,21853261,0.07250885,2.89398300,0
1505829553,21853198,0.07240648,1.42959038,1
1505829550,21853189,0.07250899,0.16566000,0
1505829544,21853179,0.07241079,0.15938296,0
1505829542,21853177,0.07240636,0.92458585,0
1505829542,21853176,0.07240646,0.12964315,1
1505829489,21853131,0.07240640,0.22999700,1
1505829483,21853115,0.07241079,0.04053200,0
1505829481,21853114,0.07240922,0.20946800,0
1505829439,21853061,0.07240636,1.14024800,0
1505829421,21853035,0.07254999,1.50000000,0
1505829398,21853000,0.07241096,0.06954370,1
1505829396,21852996,0.07241095,2.48228200,1
1505829390,21852971,0.07241080,0.20000000,1
1505829360,21852931,0.07240922,1.91916800,1
1505829344,21852907,0.07240921,0.45044033,1
1505829274,21852821,0.07240880,0.71000000,1
1505829273,21852818,0.07251000,0.71000000,0
1505829231,21852786,0.07240817,2.53239100,1
1505829180,21852747,0.07240789,2.04802200,1
1505829101,21852683,0.07240728,1.40847000,1
1505829100,21852682,0.07253391,0.67999500,0
1505829100,21852681,0.07253391,0.67000000,0
1505829100,21852680,0.07253391,0.00299000,0
1505829100,21852679,0.07253391,1.40847000,0
1505829077,21852662,0.07253391,0.67427000,0
1505829077,21852661,0.07253391,0.67427000,0
1505829035,21852631,0.07240640,0.46340200,1
1505828941,21852587,0.07253400,0.50000000,0
1505828914,21852579,0.07244000,0.10135888,1
1505828881,21852561,0.07257886,0.50000000,0
1505828783,21852441,0.07240501,0.20892201,1
1505828773,21852432,0.07238007,1.32839000,1
1505828771,21852431,0.07256700,3.29425077,1
1505828770,21852426,0.07256700,0.23017700,1
1505828768,21852415,0.07252303,0.46322223,0
1505828767,21852413,0.07252303,10.49133111,0
1505828767,21852412,0.07250000,0.46322189,0
1505828767,21852410,0.07236704,6.10661080,1
1505828767,21852409,0.07238000,0.00007811,1
1505828766,21852405,0.07238000,0.46322189,1
1505828745,21852380,0.07252300,3.98765000,0
1505828745,21852378,0.07251499,3.62430170,0
1505828745,21852377,0.07247199,6.71262644,0
1505828703,21852274,0.07247199,0.83997859,0
1505828699,21852272,0.07247199,0.66526000,0
1505828687,21852263,0.07244500,3.71988500,0
1505828683,21852259,0.07244500,0.26776500,0
1505828677,21852258,0.07244195,0.19500000,0
1505828677,21852257,0.07244195,0.29000000,0
1505828307,21852121,0.07231000,0.09500000,0
1505828299,21852108,0.07233500,3.69765000,1
1505828299,21852107,0.07233500,0.29000000,1
1505828282,21852097,0.07245000,1.04946200,1
1505828278,21852094,0.07245000,0.95053800,1
1505828160,21852000,0.07247199,0.46123254,0
1505828044,21851873,0.07239806,0.21621502,1
1505828043,21851872,0.07239803,6.78378498,0
1505827875,21851695,0.07230911,0.49999900,0
1505827861,21851688,0.07230911,1.00000000,0
1505827819,21851652,0.07230911,7.40314300,0
1505827812,21851644,0.07230911,8.83554400,0
1505827806,21851640,0.07230911,2.36944800,0
1505827806,21851638,0.07230000,0.46370000,0
1505827779,21851590,0.07229036,0.29000000,1
1505827738,21851537,0.07229013,3.52760924,1
1505827736,21851529,0.07229013,6.24541373,1
1505827734,21851523,0.07229013,2.71784086,1
1505827732,21851515,0.07229012,6.25053282,1
1505827731,21851513,0.07229009,4.16164985,1
1505827651,21851473,0.07233103,0.34361898,1
1505827608,21851418,0.07236703,0.18963318,1
1505827587,21851395,0.07239000,7.04544000,0
1505827587,21851394,0.07239000,0.71000000,1
1505827587,21851393,0.07240000,0.29000000,1
1505827584,21851389,0.07257972,11.10034552,0
1505827582,21851384,0.07257969,7.11199883,1
1505827582,21851383,0.07257969,9.27485107,0
1505827577,21851375,0.07241009,1.05061800,1
1505827473,21851301,0.07242708,7.62263813,1
1505827448,21851276,0.07243300,0.24760343,1
1505827447,21851275,0.07243301,2.39175942,1
1505827407,21851235,0.07246304,0.10159494,1
1505827403,21851231,0.07246300,0.09042400,1
1505827402,21851223,0.07246300,0.40303004,1
1505827392,21851211,0.07246400,3.98765000,1
1505827392,21851210,0.07248401,0.69319534,1
1505827390,21851205,0.07248401,0.09042320,1
1505827386,21851191,0.07266991,16.91705383,0
1505827384,21851182,0.07264744,0.20000000,0
1505827380,21851179,0.07248400,2.97469520,1
1505827380,21851178,0.07249172,1.56160480,1
1505827380,21851177,0.07251000,0.46370000,1
1505827371,21851167,0.07249600,0.10153310,1
1505827367,21851165,0.07250889,0.46370000,1
1505827357,21851154,0.07250500,0.50000000,1
1505827351,21851151,0.07252861,0.10159777,1
1505827351,21851150,0.07252861,0.50000000,1
1505827346,21851142,0.07252860,0.50000000,1
1505827341,21851138,0.07252833,0.50000000,1
1505827336,21851120,0.07252814,0.50000000,1
1505827331,21851091,0.07255701,0.50000000,1
1505827325,21851085,0.07258777,0.36086331,1
1505827320,21851079,0.07258777,0.10193669,1
1505827315,21851076,0.07267000,0.49143500,0
1505827305,21851070,0.07267000,0.04280066,0
1505827305,21851069,0.07266000,0.46280000,0
1505827298,21851057,0.07267000,4.83884669,0
1505827298,21851056,0.07266999,0.00000550,0
1505827294,21851046,0.07266999,4.26050967,1
1505827293,21851043,0.07267000,0.16262483,0
1505827293,21851041,0.07266999,4.26051517,0
1505827087,21850833,0.07253141,0.44157000,1
1505827049,21850806,0.07267000,2.76000000,0
1505827048,21850805,0.07267000,2.76000000,0
1505826990,21850745,0.07255900,3.00315593,1
1505826989,21850742,0.07255900,3.98765000,0
1505826988,21850741,0.07251979,2.63081600,0
1505826901,21850622,0.07239273,0.10264785,1
1505826870,21850617,0.07251979,0.37138359,0
1505826841,21850601,0.07251992,3.00000000,0
1505826805,21850584,0.07239003,0.10298497,1
1505826778,21850534,0.07245005,0.18490574,1
1505826727,21850518,0.07254591,3.20498730,0
1505826704,21850508,0.07239002,0.10335872,1
1505826594,21850412,0.07233903,0.98292412,1
1505826587,21850405,0.07253000,2.29000000,0
1505826585,21850403,0.07249000,0.71000000,0
1505826575,21850398,0.07248879,0.31643776,0
1505826473,21850348,0.07231348,0.10372625,1
1505826463,21850336,0.07231332,0.25199500,1
1505826366,21850265,0.07236603,1.07022591,1
1505826322,21850231,0.07239300,0.10424657,1
1505826297,21850203,0.07241200,0.32901900,1
1505826289,21850201,0.07241595,0.58815120,1
1505826289,21850200,0.07244000,0.08283000,1
1505826269,21850191,0.07244500,2.63060034,1
1505826269,21850190,0.07244501,1.17172966,1
1505826265,21850186,0.07244500,0.18531968,1
1505826265,21850185,0.07245000,0.46280000,1
1505826248,21850166,0.07248300,3.68135000,1
1505826248,21850163,0.07250000,0.30630000,1
1505826246,21850161,0.07250000,1.49370000,1
1505826226,21850130,0.07260480,0.25850400,0
1505826193,21850099,0.07250000,0.20000000,1
1505826162,21850055,0.07251499,1.18549019,0
1505826162,21850054,0.07251499,0.49000000,0
1505826161,21850053,0.07251499,1.08331281,0
1505826157,21850046,0.07251499,1.18604115,0
1505826153,21850040,0.07251499,0.49064604,0
1505826153,21850039,0.07245000,0.00000511,0
1505826147,21850031,0.07244000,0.20717000,0
1505826147,21850029,0.07244000,0.08283000,0
1505826145,21850022,0.07245000,0.25025400,0
1505825943,21849851,0.07246000,1.20000000,0
1505825744,21849704,0.07226300,0.55598449,1
1505825744,21849703,0.07230399,0.09206500,1
1505825711,21849691,0.07230400,0.71828820,0
1505825703,21849686,0.07230400,1.00000000,0
1505825700,21849681,0.07221003,0.53843400,0
1505825699,21849680,0.07222002,0.46419500,1
1505825690,21849663,0.07228600,3.52085000,0
1505825683,21849650,0.07221106,1.69961700,0
1505825682,21849649,0.07221106,5.10304800,0
1505825681,21849646,0.07220000,0.46420000,0
1505825672,21849627,0.07221106,3.19733000,1
1505825670,21849621,0.07221106,3.98765000,1
1505825670,21849620,0.07221106,22.62247000,1
1505825670,21849618,0.07222000,0.46420000,1
1505825667,21849587,0.07222003,1.08071869,1
1505825593,21849549,0.07224403,0.08274000,1
1505825587,21849543,0.07224400,0.27406700,1
1505825562,21849515,0.07237200,2.76000000,0
1505825551,21849510,0.07237500,3.98765000,0
1505825551,21849509,0.07237497,13.99222568,0
1505825533,21849504,0.07220030,4.32128459,1
1505825297,21849405,0.07223304,0.20000000,0
1505825264,21849396,0.07223303,0.24990500,1
1505825253,21849394,0.07223900,3.98765000,1
1505825253,21849393,0.07226000,0.29000000,1
1505825115,21849268,0.07226542,17.29000000,1
1505825043,21849186,0.07227013,0.11216466,1
1505825043,21849185,0.07227014,0.19808666,1
1505824998,21849160,0.07241099,2.29296588,1
1505824996,21849157,0.07234500,0.46340500,0
1505824973,21849141,0.07234500,2.19659500,0
1505824973,21849140,0.07234000,0.46340000,0
1505824927,21849102,0.07225000,2.00000000,1
1505824882,21849074,0.07234500,0.10000000,0
1505824843,21849046,0.07231303,2.68938046,1
1505824832,21849041,0.07234500,3.98765000,1
1505824828,21849036,0.07236701,2.76000000,1
1505824316,21848705,0.07243600,0.19996000,1
1505824264,21848663,0.07259266,7.00000000,0
1505824241,21848642,0.07238501,0.10500994,1
1505824180,21848583,0.07244800,0.79800230,1
1505824180,21848579,0.07244800,3.18955070,1
1505824174,21848571,0.07244500,0.79802609,1
1505824149,21848540,0.07259441,0.47168984,1
1505824147,21848535,0.07241000,0.46331999,0
1505824146,21848531,0.07237003,14.46391552,0
1505824145,21848529,0.07237000,2.32905544,1
1505824145,21848527,0.07241000,0.46340000,1
1505824024,21848354,0.07236113,0.20000000,1
1505824023,21848346,0.07251894,6.30771000,0
1505824023,21848345,0.07246032,0.20000000,0
1505824016,21848323,0.07251896,2.65899335,0
1505824013,21848302,0.07251900,1.32865665,0
1505824012,21848301,0.07251897,2.45899335,0
1505824012,21848299,0.07246032,0.20000000,0
1505824012,21848296,0.07246031,1.13421583,0
1505824012,21848294,0.07246031,0.20000000,0
1505823973,21848213,0.07225742,0.50000000,0
1505823960,21848194,0.07236300,3.65479200,0
1505823931,21848162,0.07223600,3.79436100,0
1505823926,21848148,0.07223600,0.19328354,0
1505823924,21848143,0.07220000,0.29000000,0
1505823920,21848140,0.07219200,0.15611148,0
1505823919,21848137,0.07204004,0.10598711,1
1505823917,21848129,0.07219200,3.18745600,0
1505823917,21848127,0.07219199,0.50056200,0
1505823905,21848093,0.07218600,1.88704984,0
1505823764,21847891,0.07201400,0.22992509,1
1505823763,21847888,0.07201400,0.76056700,1
1505823762,21847887,0.07203000,0.29000000,1
1505823701,21847792,0.07208000,0.22992509,1
1505823668,21847748,0.07208400,0.33705000,1
1505823604,21847699,0.07223798,0.00011710,0
1505823604,21847698,0.07223795,0.62985952,0
1505823597,21847692,0.07223796,0.76528665,0
1505823592,21847687,0.07223800,2.78726693,0
1505823592,21847686,0.07219900,16.50000000,0
1505823589,21847685,0.07219782,2.22369852,0
1505823585,21847682,0.07218609,0.35868247,0
1505823585,21847681,0.07218608,0.81704010,0
1505823565,21847668,0.07210000,0.78920000,1
1505823548,21847639,0.07210000,0.21700000,0
1505823394,21847520,0.07215097,0.96336300,0
1505823371,21847496,0.07198113,0.20000000,1
1505823283,21847452,0.07197019,1.12230000,1
1505823190,21847410,0.07209456,1.71111500,0
1505823088,21847352,0.07202000,1.17009676,0
1505823088,21847351,0.07200091,0.00000043,0
1505823087,21847350,0.07195000,0.12008628,0
1505823001,21847225,0.07189019,0.43131300,1
1505822859,21847067,0.07196705,1.12230000,1
1505822843,21847053,0.07198000,0.10651000,1
1505822814,21847018,0.07200091,2.46323300,0
1505822772,21846996,0.07199003,0.19250072,1
1505822724,21846977,0.07200091,1.12230000,1
1505822668,21846919,0.07201016,0.20583614,1
1505822666,21846916,0.07201000,0.20607700,1
1505822415,21846609,0.07200003,1.18103500,1
1505822409,21846600,0.07200000,0.17673445,1
1505822401,21846576,0.07216000,0.45805400,0
1505822383,21846534,0.07199003,1.12230000,0
1505822373,21846514,0.07199003,0.33069500,1
1505822237,21846313,0.07201700,1.12230000,1
1505822190,21846268,0.07216600,0.16769669,0
1505822185,21846265,0.07215897,3.39856384,0
1505822036,21846182,0.07206000,0.36920103,0
1505821924,21846136,0.07190169,1.12230000,1
1505821874,21846117,0.07206000,0.09689897,0
1505821725,21846048,0.07192018,1.12230000,1
1505821662,21846009,0.07191073,1.12230000,1
1505821620,21845951,0.07191039,0.63426197,1
1505821580,21845905,0.07191011,0.20756400,1
1505821571,21845897,0.07191010,0.28090000,1
1505821563,21845888,0.07209987,0.40000000,0
1505821545,21845813,0.07195000,0.46610000,1
1505821537,21845810,0.07197001,0.20485952,1
1505821515,21845757,0.07205048,4.00107397,0
1505821477,21845679,0.07219890,0.91183840,0
1505821398,21845581,0.07203495,2.62652241,1
1505821332,21845553,0.07219000,0.54000664,1
1505821330,21845552,0.07217000,0.28914077,0
1505821291,21845538,0.07202017,1.12230000,1
1505821207,21845445,0.07200003,0.22999227,1
1505821161,21845394,0.07202400,2.80501200,1
1505821155,21845391,0.07211000,0.87770000,1
1505821155,21845390,0.07211001,0.16036657,1
1505821130,21845372,0.07211000,1.12230000,1
1505821073,21845341,0.07210042,0.23999860,0
1505821046,21845303,0.07210042,0.05714294,0
1505821044,21845301,0.07210000,0.13890500,0
1505820999,21845280,0.07193004,0.98340000,1
1505820999,21845279,0.07194000,0.13890000,1
1505820974,21845264,0.07207292,0.96484100,0
1505820955,21845246,0.07203000,1.28601400,0
1505820943,21845233,0.07202000,0.46489500,0
1505820872,21845173,0.07185032,1.12230000,1
1505820836,21845141,0.07183008,1.12230000,1
1505820736,21844967,0.07186314,1.04822090,1
1505820723,21844956,0.07186301,0.29806806,1
1505820707,21844943,0.07191400,0.64967100,1
1505820704,21844939,0.07191400,0.65212109,1
1505820700,21844934,0.07191400,2.09346900,1
1505820698,21844933,0.07193827,0.59343531,1
1505820698,21844932,0.07194000,0.46490000,1
1505820683,21844899,0.07194904,0.55969167,0
1505820683,21844898,0.07194905,0.78623732,1
1505820678,21844886,0.07199201,2.35820188,1
1505820667,21844864,0.07198000,0.28600000,1
1505820666,21844862,0.07198000,0.08591887,1
1505820658,21844823,0.07216000,3.08991222,0
1505820656,21844816,0.07216992,1.16272000,0
1505820648,21844799,0.07198003,0.00000500,0
1505820647,21844796,0.07198003,1.12229500,0
1505820629,21844780,0.07205800,1.81316663,1
1505820627,21844776,0.07205800,1.64347800,1
1505820623,21844771,0.07205799,0.00005157,0
1505820622,21844767,0.07205799,0.58167101,0
1505820622,21844765,0.07205799,2.76000000,0
1505820606,21844721,0.07201700,3.98764500,0
1505820569,21844673,0.07186300,0.00005091,0
1505820569,21844672,0.07186300,1.12224909,0
1505820566,21844666,0.07203000,0.08585923,0
1505820550,21844642,0.07186300,1.83256537,1
1505820519,21844603,0.07203000,0.20000000,0
1505820483,21844516,0.07197579,1.18117709,0
1505820483,21844515,0.07197579,0.28892291,0
1505820471,21844495,0.07197300,2.62059300,0
1505820471,21844494,0.07197242,8.23670500,0
1505820420,21844463,0.07181063,1.12230000,1
1505820383,21844441,0.07181023,1.12230000,1
1505820309,21844392,0.07182007,1.12230000,1
1505820247,21844368,0.07185200,0.43199594,1
1505820247,21844367,0.07186000,0.28900000,1
1505820158,21844340,0.07197500,3.65635000,0
1505820110,21844322,0.07183003,1.12230000,1
1505820057,21844246,0.07188000,3.98765000,0
1505820056,21844245,0.07186000,2.56000000,0
1505820054,21844244,0.07186000,0.20000000,0
1505820049,21844242,0.07186600,3.98765000,0
1505820049,21844241,0.07186000,0.28900000,0
1505819927,21844180,0.07178148,1.12230000,1
1505819816,21844155,0.07193000,1.82881968,0
1505819682,21844068,0.07185124,0.74457435,1
1505819679,21844061,0.07185121,0.27651592,1
1505819643,21844040,0.07199967,3.45695003,1
1505819642,21844039,0.07199967,1.38502556,0
1505819642,21844038,0.07199967,0.61381580,0
1505819624,21844035,0.07199968,0.11200000,0
1505819591,21844024,0.07199999,0.96990700,0
1505819581,21844018,0.07199994,2.00000000,0
1505819571,21844011,0.07196150,1.74112400,0
1505819454,21843903,0.07199997,0.34584256,0
1505819445,21843888,0.07200000,0.17037500,0
1505819127,21843525,0.07218713,0.32590000,0
1505819015,21843446,0.07216297,3.98764900,1
1505819006,21843442,0.07214000,0.36250000,0
1505819006,21843441,0.07213999,16.11067528,0
1505818927,21843355,0.07215700,0.25000000,0
1505818922,21843350,0.07215700,0.33576900,0
1505818914,21843345,0.07215391,2.15176100,0
1505818900,21843331,0.07214300,0.30543655,0
1505818891,21843310,0.07212999,8.50974100,0
1505818890,21843307,0.07213000,0.10000000,0
1505818888,21843298,0.07194743,9.46591829,0
1505818888,21843296,0.07194745,9.63480204,0
1505818886,21843292,0.07194745,5.89927967,1
1505818885,21843288,0.07213996,0.20325278,0
1505818807,21843116,0.07220100,0.37166200,0
1505818806,21843115,0.07220100,0.10000000,0
1505818803,21843110,0.07194704,5.78123808,1
1505818803,21843109,0.07241999,1.00000000,0
1505818801,21843105,0.07160002,2.93934372,0
1505818800,21843104,0.07167152,0.20000000,1
1505818800,21843103,0.07182550,1.24480714,1
1505818800,21843101,0.07182551,0.29605103,1
1505818799,21843099,0.07182551,1.48060138,1
1505818799,21843098,0.07192100,3.98765000,1
1505818799,21843097,0.07201000,0.11853149,1
1505818797,21843094,0.07201032,14.73301524,1
1505818797,21843093,0.07201032,2.34492179,1
1505818796,21843092,0.07201033,2.76000000,1
1505818796,21843091,0.07202000,0.46250000,1
1505818793,21843088,0.07201032,0.11853148,1
1505818792,21843087,0.07201032,25.00000000,1
1505818790,21843078,0.07201032,0.11853149,1
1505818788,21843076,0.07201031,3.35646504,1
1505818787,21843075,0.07201031,25.00000000,1
1505818783,21843068,0.07201029,23.36817443,1
1505818783,21843066,0.07201029,1.63182557,1
1505818777,21843062,0.07201028,25.00000000,1
1505818743,21843030,0.07201006,22.84956219,0
1505818742,21843028,0.07201006,1.86143781,1
1505818742,21843027,0.07204000,0.28900000,1
1505818725,21843020,0.07222960,0.11804159,0
1505818706,21842988,0.07203000,0.28900000,1
1505818706,21842987,0.07203000,0.46370000,1
1505818704,21842983,0.07202999,2.17082101,0
1505818703,21842979,0.07202999,0.11849893,0
1505818703,21842978,0.07160000,2.50346753,1
1505818703,21842977,0.07160000,2.14360335,0
1505818702,21842975,0.07182547,0.64592071,1
1505818702,21842974,0.07182550,1.76893684,0
1505818702,21842972,0.07182550,0.10000000,0
1505818701,21842970,0.07187308,0.20000000,1
1505818701,21842969,0.07196500,3.98765000,1
1505818701,21842968,0.07196500,2.35034400,0
1505818701,21842967,0.07196500,1.40000000,0
1505818700,21842962,0.07200002,2.13169415,1
1505818700,21842960,0.07202002,2.76000000,0
1505818699,21842959,0.07203000,4.54468342,0
1505818698,21842953,0.07203000,0.46370000,1
1505818678,21842918,0.07218000,1.22765000,1
1505818677,21842913,0.07218000,2.76000000,1
1505818662,21842855,0.07198803,15.99158515,0
1505818660,21842852,0.07198807,9.00841485,1
1505818654,21842834,0.07212973,0.10000000,0
1505818649,21842817,0.07212973,0.36843337,0
1505818638,21842778,0.07193004,20.72335000,0
1505818638,21842777,0.07209700,3.98765000,1
1505818637,21842757,0.07213000,0.28900000,1
1505818618,21842677,0.07213800,3.47244100,1
1505818563,21842486,0.07230414,0.10000000,0
1505818561,21842484,0.07184002,3.84337707,0
1505818561,21842482,0.07199264,0.20000000,1
1505818561,21842481,0.07199264,2.42122200,0
1505818561,21842478,0.07201000,3.00000000,1
1505818560,21842475,0.07214300,3.98765000,1
1505818560,21842474,0.07214300,4.17636439,0
1505818558,21842471,0.07214301,0.23838654,1
1505818558,21842470,0.07214301,7.13300000,1
1505818550,21842463,0.07213330,4.11500000,0
1505818550,21842462,0.07213331,20.88500000,1
1505818547,21842460,0.07230448,1.66817855,0
1505818460,21842408,0.07224645,2.24352142,0
1505818453,21842403,0.07224659,25.00000000,0
1505818441,21842395,0.07224687,1.00282149,0
1505818430,21842382,0.07214741,0.59200000,0
1505818430,21842381,0.07214000,0.28900000,0
1505818176,21842087,0.07215058,0.34065600,1
1505818105,21842030,0.07222000,0.46270000,0
1505818043,21841954,0.07219987,0.10000000,0
1505818042,21841951,0.07219987,4.90840900,0
1505818023,21841887,0.07221994,8.52655100,0
1505818021,21841882,0.07222000,2.76000000,1
1505818020,21841879,0.07222007,1.22806700,0
1505818020,21841878,0.07221994,24.71100000,0
1505818019,21841877,0.07222000,0.28900000,1
1505818012,21841856,0.07225509,1.64622313,1
1505817971,21841742,0.07225516,0.99991517,1
1505817910,21841606,0.07235613,0.13471000,1
1505817893,21841510,0.07238987,12.18795200,0
1505817783,21841401,0.07251716,0.38126479,0
1505817175,21840998,0.07244908,0.46270000,0
1505817060,21840806,0.07248300,2.59245233,1
1505817059,21840805,0.07248305,0.65877767,1
1505817059,21840801,0.07248315,1.03039915,1
1505817009,21840738,0.07263178,0.21229500,0
1505817009,21840737,0.07262000,0.15266000,0
1505817001,21840675,0.07263179,0.36495500,1
1505817001,21840673,0.07263179,1.63504500,0
1505816969,21840657,0.07245034,0.82137500,1
1505816843,21840619,0.07244903,0.15234000,1
1505816781,21840607,0.07255300,3.98765000,0
1505816777,21840606,0.07254700,3.97920168,0
1505816630,21840546,0.07238091,0.30867000,1
1505816596,21840498,0.07238057,0.20000000,1
1505816588,21840480,0.07238042,0.15265000,1
1505816561,21840467,0.07238000,0.15266000,1
1505816550,21840462,0.07237027,0.15266000,1
1505816545,21840451,0.07237016,0.18432000,1
1505816481,21840410,0.07230308,0.16887600,1
1505816470,21840389,0.07249300,1.86217400,0
1505816351,21840266,0.07231010,0.20000000,1
1505816350,21840265,0.07242599,0.86218872,0
1505816338,21840252,0.07231001,0.20000000,1
1505816225,21840116,0.07235600,0.00012088,1
1505816224,21840114,0.07234297,0.49987912,1
1505816153,21840046,0.07231110,0.72840000,0
1505815923,21839859,0.07233693,1.71080176,1
1505815921,21839856,0.07231112,3.28919824,0
1505815892,21839838,0.07231120,4.13880173,0
1505815681,21839756,0.07224600,3.89473000,0
1505815677,21839752,0.07224600,0.09291670,0
1505815674,21839751,0.07220114,0.00000180,0
1505815656,21839733,0.07220114,0.32981000,0
1505815611,21839681,0.07220114,1.46081100,0
1505815604,21839676,0.07220114,0.19170820,0
1505815603,21839675,0.07219000,0.13810380,0
1505815274,21839350,0.07230500,2.63324500,1
1505815264,21839340,0.07230100,0.12099100,1
1505815264,21839339,0.07237000,0.08750000,1
1505815172,21839157,0.07242900,0.08766663,0
1505815168,21839155,0.07241000,0.08766663,0
1505815047,21839086,0.07236994,0.81032177,0
1505814721,21838813,0.07235500,1.05000000,0
1505814654,21838701,0.07222005,1.41686600,1
1505814630,21838684,0.07222001,0.37790500,1
1505814590,21838669,0.07222000,1.88658600,1
1505814514,21838628,0.07198288,1.74242147,0
1505814514,21838627,0.07222900,3.98765000,1
1505814512,21838626,0.07225000,1.00000000,1
1505814400,21838587,0.07233000,1.04014400,1
1505814333,21838553,0.07233000,0.30000000,1
1505814301,21838457,0.07241984,0.33058300,0
1505814296,21838456,0.07233000,0.65985600,1
1505814235,21838444,0.07224059,0.21528100,1
1505814201,21838382,0.07224036,5.44533279,1
1505814200,21838378,0.07224036,6.11365000,1
1505814200,21838377,0.07224048,1.43375000,1
1505814200,21838375,0.07225000,0.09010000,1
1505814198,21838369,0.07224035,0.21386683,1
1505814152,21838345,0.07234000,0.23000000,0
1505814111,21838317,0.07227000,0.06901923,0
1505814068,21838304,0.07212091,1.86726000,1
1505813962,21838207,0.07213007,0.10000000,1
1505813811,21838141,0.07220600,0.55381600,1
1505813810,21838139,0.07224000,0.33620696,1
1505813795,21838134,0.07224026,0.29659000,1
1505813784,21838129,0.07224026,0.89509700,1
1505813782,21838127,0.07224026,0.25026000,1
1505813781,21838125,0.07224029,0.20817500,1
1505813741,21838099,0.07224000,0.01098270,1
1505813741,21838098,0.07224001,0.23901730,1
1505813694,21838069,0.07225000,0.00198270,1
1505813694,21838068,0.07225000,0.34701730,1
1505813692,21838067,0.07225031,0.10781800,1
1505813581,21837956,0.07225006,2.08636000,1
1505813574,21837928,0.07230001,0.92908700,1
1505813572,21837914,0.07230000,0.27620102,1
1505813537,21837885,0.07225015,0.20000000,1
1505813458,21837754,0.07226001,0.11601034,1
1505813453,21837742,0.07226003,0.49976457,0
1505813448,21837728,0.07226003,0.20000000,1
1505813439,21837716,0.07221004,0.26920611,1
1505813439,21837711,0.07223700,3.98765000,1
1505813438,21837709,0.07229503,0.19994389,1
1505813438,21837708,0.07234000,1.80000000,1
1505813436,21837703,0.07235000,0.46320000,1
1505813432,21837702,0.07245465,0.13754764,0
1505813411,21837691,0.07229503,0.20000000,0
1505813371,21837599,0.07231000,0.19999969,0
1505813370,21837597,0.07234500,0.00000031,1
1505813364,21837596,0.07234500,1.44331300,1
1505813364,21837595,0.07234500,1.10364400,1
1505813363,21837594,0.07234500,1.44069269,1
1505813363,21837593,0.07238279,0.00000031,1
1505813349,21837592,0.07238279,2.58721600,1
1505813340,21837586,0.07254073,2.58721631,0
1505813340,21837585,0.07254070,3.77115282,0
1505813339,21837584,0.07243000,0.46290000,0
1505813339,21837583,0.07243000,3.98765000,1
1505813339,21837582,0.07238278,2.74000000,0
1505813337,21837581,0.07235660,20.42900000,0
1505813334,21837575,0.07235657,0.08274000,0
1505813177,21837489,0.07220506,1.51990344,1
1505813177,21837488,0.07225000,0.46290000,1
1505813124,21837457,0.07223811,0.10000000,1
1505813074,21837441,0.07224011,0.15289000,1
1505813064,21837429,0.07223012,0.15290000,1
1505812997,21837407,0.07231999,2.74000000,0
1505812876,21837352,0.07210379,1.08276685,1
1505812876,21837351,0.07221150,0.00032500,1
1505812874,21837350,0.07214000,0.46360000,0
1505812814,21837312,0.07222000,0.46360000,1
1505812807,21837311,0.07221215,0.15295000,1
1505812688,21837204,0.07232900,0.11627261,0
1505812688,21837203,0.07232897,1.68099539,0
1505812657,21837180,0.07213907,0.41620415,1
1505812616,21837163,0.07228184,4.04233100,0
1505812596,21837142,0.07210600,0.18869658,1
1505812580,21837118,0.07212000,0.24388406,1
1505812580,21837117,0.07212000,1.01599513,1
1505812571,21837098,0.07213812,0.20488200,1
1505812560,21837079,0.07214203,3.98765000,1
1505812558,21837074,0.07214200,0.07923064,1
1505812557,21837073,0.07214200,0.19051925,1
1505812407,21836757,0.07223232,0.18860434,0
1505812219,21836678,0.07217900,1.12773400,0
1505812219,21836677,0.07217899,1.17581600,0
1505812208,21836673,0.07202000,0.09006185,1
1505812202,21836659,0.07200067,0.09006185,1
1505812193,21836655,0.07200064,0.18012370,1
1505812076,21836588,0.07202704,1.17561433,1
1505812074,21836584,0.07202707,0.29185100,1
1505812058,21836576,0.07208000,0.41620415,1
1505812045,21836568,0.07214600,1.10515566,0
1505812045,21836567,0.07208000,0.89573434,0
1505812020,21836560,0.07208000,8.52700000,0
1505812014,21836555,0.07208000,0.20000000,0
1505812008,21836549,0.07208000,0.71803400,0
1505812003,21836545,0.07208000,0.17723100,0
1505811903,21836475,0.07208000,0.14310900,0
1505811894,21836466,0.07208000,0.36931200,0
1505811573,21836301,0.07223939,0.24778725,0
1505811253,21836141,0.07221309,0.77131298,1
1505811243,21836120,0.07224072,1.68902578,1
1505811242,21836110,0.07224071,2.74000000,0
1505811242,21836109,0.07224071,1.01525133,0
1505811241,21836104,0.07224058,1.01520034,0
1505811229,21836036,0.07224086,0.22995833,0
1505811013,21835877,0.07217189,12.21974328,1
1505811013,21835876,0.07217188,1.67500672,0
1505810999,21835850,0.07217189,10.27000000,0
1505810944,21835755,0.07217193,5.23747400,0
1505810919,21835719,0.07217199,12.56000000,0
1505810918,21835716,0.07217199,15.75449000,0
1505810904,21835687,0.07217199,0.23766375,0
1505810893,21835679,0.07217199,3.92178461,0
1505810838,21835634,0.07217199,12.03474561,0
1505810764,21835558,0.07217199,2.74000000,0
1505810763,21835556,0.07217199,2.74000000,0
1505810761,21835553,0.07217199,10.00000000,0
1505810722,21835517,0.07213300,3.97024993,0
1505810678,21835481,0.07196858,0.71149754,1
1505810533,21835380,0.07196674,0.13600000,1
1505810502,21835341,0.07213134,2.10357938,0
1505810299,21835244,0.07213159,0.84585582,0
1505810298,21835243,0.07212000,0.29000000,0
1505810298,21835242,0.07211997,4.94946601,0
1505810055,21835168,0.07207990,0.10000000,0
1505810045,21835164,0.07207999,0.20000000,0
1505809969,21835096,0.07197301,0.09169605,1
1505809913,21834990,0.07212000,0.00000016,1
1505809913,21834987,0.07212000,0.89999984,1
1505809912,21834986,0.07212001,0.19144116,1
1505809865,21834947,0.07207834,0.27911297,0
1505809731,21834690,0.07204972,3.37509845,0
1505809460,21834401,0.07194827,0.19297199,1
1505809234,21834212,0.07197521,0.22999500,1
1505809159,21834172,0.07212200,2.24836277,1
1505809158,21834171,0.07212191,2.74000000,0
1505809110,21834146,0.07195407,0.22999500,1
1505809087,21834127,0.07212000,0.08274000,0
1505809080,21834091,0.07212996,2.83519196,1
1505809079,21834090,0.07212996,0.22396304,1
1505809036,21834074,0.07206800,3.98765000,0
1505808916,21833973,0.07191139,1.61403000,1
1505808915,21833972,0.07191139,1.36527760,1
1505808862,21833815,0.07207000,0.50288100,0
1505808854,21833810,0.07190803,0.41759500,1
1505808843,21833798,0.07191000,0.29000000,1
1505808843,21833797,0.07191003,4.20657600,1
1505808839,21833794,0.07209194,3.98765000,0
1505808804,21833782,0.07205800,2.70259600,0
1505808706,21833752,0.07199100,3.98765000,0
1505808679,21833734,0.07198000,0.20000000,0
1505808678,21833726,0.07197188,6.72765000,0
1505808645,21833713,0.07195287,2.74000000,1
1505808521,21833576,0.07185559,0.35693000,1
1505808453,21833463,0.07185532,0.32686731,1
1505808453,21833462,0.07185544,1.46530000,1
1505808436,21833442,0.07185515,1.92382700,1
1505808324,21833368,0.07195000,4.98576200,0
1505808315,21833366,0.07194000,0.08095890,0
1505808314,21833363,0.07194000,0.20888800,0
1505808282,21833339,0.07185443,0.41715820,0
1505808281,21833336,0.07185442,8.71999380,1
1505808281,21833335,0.07185443,0.41715820,1
1505808254,21833317,0.07185438,2.74000000,1
1505808164,21833292,0.07200000,0.79970000,0
1505808159,21833287,0.07200000,0.07608100,0
1505808148,21833273,0.07192760,1.00614600,1
1505808130,21833259,0.07200000,0.61022500,0
1505808105,21833240,0.07200000,0.17100000,0
1505808099,21833233,0.07200000,1.61397800,0
1505808077,21833226,0.07200000,3.67959200,0
1505808076,21833224,0.07200000,2.26840277,0
1505808047,21833207,0.07200000,3.74423400,0
1505807974,21833171,0.07200000,1.00000000,1
1505807828,21833053,0.07205000,0.28984690,1
1505807828,21833052,0.07209000,0.00015310,1
1505807717,21832977,0.07209000,0.30511861,1
1505807706,21832937,0.07209000,0.22999000,1
1505807703,21832924,0.07209000,1.71888525,1
1505807702,21832919,0.07210000,0.08274000,1
1505807700,21832900,0.07209000,1.07449021,1
1505807686,21832864,0.07211400,0.16891325,0
1505807679,21832863,0.07209000,0.13240000,1
1505807674,21832862,0.07209095,0.13894613,0
1505807674,21832860,0.07209000,0.13896283,1
1505807646,21832845,0.07209000,0.25232000,0
1505807560,21832804,0.07190006,5.48419652,1
1505807560,21832803,0.07197105,2.39051000,1
1505807560,21832802,0.07197108,2.48163914,1
1505807527,21832777,0.07197105,0.34949000,1
1505807521,21832761,0.07214987,1.45932000,0
1505807519,21832757,0.07197108,0.22983538,1
1505807508,21832726,0.07215981,0.20000000,0
1505807477,21832685,0.07209500,0.46420000,1
1505807477,21832684,0.07208408,2.82215700,0
1505807469,21832678,0.07208408,2.74000000,1
1505807469,21832677,0.07213000,3.98765000,1
1505807469,21832674,0.07214000,0.46420000,1
1505807467,21832670,0.07213003,0.31068267,1
1505807457,21832644,0.07218500,2.92753567,1
1505807457,21832643,0.07224700,0.03746433,1
1505807440,21832611,0.07231492,4.11831000,0
1505807405,21832525,0.07227100,0.84866200,0
1505807390,21832493,0.07225000,0.46360000,0
1505807386,21832490,0.07225797,0.23000000,0
1505807337,21832420,0.07211171,0.99999500,1
1505807278,21832324,0.07221100,1.06345340,1
1505807272,21832321,0.07223200,0.32664500,1
1505807258,21832305,0.07224400,0.39854300,1
1505807241,21832283,0.07229207,2.06103381,0
1505807227,21832260,0.07227904,0.69203230,1
1505807197,21832194,0.07244990,5.65318600,0
1505807162,21832159,0.07230606,12.52207840,1
1505807162,21832158,0.07232000,0.46360000,1
1505807154,21832144,0.07231600,0.00000500,0
1505807154,21832142,0.07231600,2.60390500,0
1505807133,21832083,0.07231600,1.28174288,1
1505807110,21832041,0.07233901,11.63678909,1
1505807110,21832040,0.07233901,2.08764026,1
1505807110,21832039,0.07241000,0.08274000,1
1505807050,21831959,0.07241100,0.34745478,0
1505807015,21831920,0.07224224,5.02257465,0
1505807014,21831917,0.07224227,8.97742535,1
1505806988,21831852,0.07228501,3.45010800,1
1505806974,21831803,0.07223200,2.24165500,1
1505806967,21831791,0.07242868,1.39047826,0
1505806961,21831779,0.07226000,0.25232000,1
1505806944,21831760,0.07226900,1.91901300,1
1505806939,21831748,0.07242902,0.51363878,0
1505806939,21831747,0.07242902,0.47968210,0
1505806937,21831733,0.07231959,0.69891158,1
1505806937,21831729,0.07231960,1.36972549,1
1505806936,21831723,0.07242916,0.83588296,0
1505806932,21831703,0.07231960,0.25237500,1
1505806932,21831700,0.07231965,1.34450773,1
1505806931,21831699,0.07231965,0.26358000,1
1505806918,21831676,0.07244196,2.56129665,0
1505806918,21831675,0.07243000,0.17730425,0
1505806895,21831626,0.07231978,22.96322000,1
1505806881,21831572,0.07231959,0.23349081,0
1505806881,21831571,0.07231958,2.21280919,0
1505806881,21831569,0.07231957,6.95600000,0
1505806878,21831535,0.07235900,0.52719081,1
1505806868,21831487,0.07231965,1.00372443,0
1505806867,21831478,0.07231965,32.42323509,0
1505806866,21831475,0.07231964,5.71494727,0
1505806866,21831467,0.07231962,1.06365389,0
1505806835,21831404,0.07231997,0.12654000,0
1505806830,21831402,0.07214025,0.57623500,1
1505806704,21831316,0.07221900,3.98765000,0
1505806694,21831305,0.07222200,0.53583300,0
1505806694,21831304,0.07220000,0.46430000,0
1505806658,21831279,0.07206260,1.84191969,1
1505806355,21831103,0.07221280,0.24100000,0
1505806310,21831089,0.07204700,0.60233800,1
1505806247,21831054,0.07220387,21.26023200,0
1505806236,21831046,0.07220893,6.72765000,0
1505806190,21831020,0.07204500,3.46327734,1
1505806178,21831009,0.07209103,0.46360000,1
1505806098,21830903,0.07225013,2.00000000,0
1505806081,21830888,0.07233485,0.79993350,0
1505805931,21830757,0.07215000,0.46430000,1
1505805859,21830728,0.07220300,0.39223483,1
1505805859,21830727,0.07224000,0.00007657,1
1505805856,21830725,0.07224001,1.03418000,0
1505805854,21830722,0.07224000,0.73297343,1
1505805852,21830715,0.07224000,0.16695000,1
1505805851,21830713,0.07224001,0.29978700,1
1505805842,21830686,0.07236789,6.91171871,1
1505805840,21830683,0.07227000,0.16381300,0
1505805813,21830656,0.07225000,0.29978700,0
1505805807,21830649,0.07210904,0.22999500,1
1505805713,21830612,0.07222800,0.23641663,0
1505805687,21830595,0.07207305,3.73520300,1
1505805622,21830548,0.07214000,0.46360000,1
1505805438,21830437,0.07215412,0.81681000,1
1505805428,21830427,0.07215371,0.85905779,1
1505805412,21830412,0.07215316,0.41578227,1
1505805297,21830321,0.07215000,0.17730425,1
1505805241,21830249,0.07216027,0.34603534,1
1505805191,21830213,0.07216014,8.14275000,1
1505805181,21830197,0.07216008,4.48433087,1
1505805181,21830196,0.07216011,2.40566413,1
1505805122,21830113,0.07216100,3.98765000,0
1505805111,21830087,0.07215499,2.74422189,0
1505805111,21830084,0.07234945,14.93010036,1
1505805110,21830081,0.07215500,3.98765000,0
1505805109,21830076,0.07209995,0.00000002,0
1505805094,21830044,0.07209994,0.23607262,0
1505805032,21829988,0.07209995,1.20040061,0
1505805032,21829987,0.07209995,4.55231139,0
1505805030,21829986,0.07209995,0.59749500,0
1505805015,21829970,0.07207200,2.74000000,1
1505805003,21829954,0.07209999,0.04286400,0
1505805001,21829951,0.07209000,0.28900000,0
1505804972,21829936,0.07211516,0.25000000,1
1505804972,21829935,0.07211516,0.30000000,1
1505804972,21829934,0.07211516,2.19430336,1
1505804900,21829854,0.07211516,0.25191652,1
1505804897,21829844,0.07211516,0.29378012,1
1505804888,21829825,0.07211519,2.74000000,1
1505804842,21829757,0.07214903,3.45766000,1
1505804791,21829730,0.07222648,3.11644000,1
1505804774,21829716,0.07229000,2.27949200,1
1505804774,21829715,0.07239000,0.00011173,1
1505804758,21829702,0.07239000,0.41662827,1
1505804695,21829662,0.07235000,0.43700000,1
1505804695,21829661,0.07235001,0.91649600,1
1505804693,21829654,0.07236589,11.60613554,0
1505804693,21829653,0.07236586,7.82169900,0
1505804672,21829602,0.07238293,0.34556900,0
1505804650,21829556,0.07220907,8.16726800,1
1505804650,21829553,0.07239499,0.34344400,0
1505804627,21829489,0.07237900,1.12700000,0
1505804621,21829453,0.07237200,0.00000047,0
1505804618,21829443,0.07237200,3.98764953,0
1505804618,21829440,0.07237197,2.19192747,0
1505804474,21829319,0.07232697,0.94593953,0
1505804389,21829227,0.07221446,2.28306100,1
1505804345,21829204,0.07221411,0.85480600,1
1505804330,21829193,0.07226300,2.45726072,1
1505804330,21829192,0.07226301,0.08479028,1
1505804320,21829186,0.07228000,0.28900000,1
1505804320,21829185,0.07228001,0.16894921,1
1505804275,21829143,0.07246936,2.07996510,0
1505804274,21829138,0.07246936,0.22662664,0
1505804273,21829136,0.07246933,1.85346624,0
1505804239,21829093,0.07239000,0.13803097,0
1505804205,21829048,0.07225003,1.50722800,0
1505804185,21829010,0.07235900,3.98765000,1
1505804178,21829002,0.07235900,0.20620361,1
1505804178,21829001,0.07237000,0.13800000,1
1505804175,21828997,0.07237001,0.10240400,1
1505804126,21828973,0.07252000,0.22945003,0
1505804124,21828972,0.07252988,1.31674367,1
1505804108,21828957,0.07253700,0.22991900,0
1505804098,21828950,0.07255000,0.22991900,0
1505803990,21828699,0.07244812,1.00000000,0
1505803862,21828523,0.07260997,0.45940000,0
1505803821,21828481,0.07250900,3.98765000,0
1505803821,21828479,0.07242000,0.46110000,0
1505803821,21828478,0.07242000,0.00170000,0
1505803801,21828451,0.07240010,0.19989400,0
1505803800,21828447,0.07242000,0.45940000,0
1505803764,21828390,0.07250003,2.74000000,0
1505803757,21828383,0.07248700,3.32992500,1
1505803756,21828382,0.07250001,6.88697800,1
1505803659,21828299,0.07267800,0.29891476,0
1505803658,21828295,0.07267794,0.15761000,0
1505803638,21828270,0.07261300,2.71436000,1
1505803634,21828260,0.07267800,2.74000000,1
1505803614,21828211,0.07283000,0.09708586,1
1505803612,21828203,0.07283000,0.87377269,1
1505803607,21828173,0.07283000,0.36278145,1
1505803570,21828134,0.07283000,0.20000000,1
1505803546,21828079,0.07283000,0.13777886,1
1505803538,21828062,0.07283000,0.27858114,1
1505803525,21828045,0.07285800,2.77020200,0
1505803525,21828044,0.07285800,0.75964800,0
1505803525,21828043,0.07285000,0.45780000,0
1505803497,21827993,0.07260040,0.20000000,1
1505803488,21827971,0.07282000,2.52505183,1
1505803487,21827968,0.07279997,0.21494817,0
1505803466,21827891,0.07279994,5.48080795,0
1505803465,21827886,0.07260004,9.34030468,1
1505803463,21827881,0.07259104,24.54220000,0
1505803461,21827871,0.07260000,0.45780000,1
1505803458,21827868,0.07259104,25.00000000,1
1505803435,21827829,0.07285776,11.26233190,0
1505803435,21827828,0.07265000,0.20000000,0
1505803434,21827826,0.07175308,5.64985102,0
1505803434,21827825,0.07175308,4.07913800,0
1505803434,21827820,0.07200000,0.69270833,1
1505803433,21827817,0.07211291,0.20000000,0
1505803433,21827816,0.07211291,0.76395697,0
1505803433,21827814,0.07221690,0.43207361,1
1505803432,21827813,0.07221690,2.16141048,1
1505803432,21827812,0.07248013,1.12086159,1
1505803431,21827811,0.07259400,3.98765000,0
1505803430,21827807,0.07259403,9.90000000,1
1505803429,21827805,0.07248013,1.04781244,1
1505803428,21827804,0.07255006,9.81700000,1
1505803428,21827802,0.07255006,0.21494817,0
1505803428,21827801,0.07259400,3.98765000,1
1505803426,21827800,0.07259403,9.93258939,1
1505803380,21827741,0.07279300,3.98765000,0
1505803376,21827736,0.07273586,6.72765000,0
1505803360,21827702,0.07266665,0.19999500,0
1505803330,21827631,0.07249031,0.08228216,1
1505803287,21827538,0.07249000,0.20000000,1
1505803279,21827510,0.07248015,0.42890500,1
1505803255,21827475,0.07266000,0.08258472,1
1505803254,21827473,0.07266654,0.19132800,0
1505803245,21827451,0.07274492,0.19132834,0
1505803245,21827450,0.07253000,0.23758166,0
1505803237,21827428,0.07245003,0.68419600,1
1505803232,21827414,0.07254697,0.58824333,1
1505803232,21827406,0.07254697,0.32934000,1
1505803225,21827358,0.07254697,0.08241667,1
1505803211,21827312,0.07248300,1.09531300,0
1505803209,21827305,0.07248300,0.24655436,0
1505803196,21827268,0.07259710,0.18665483,0
1505803196,21827266,0.07245500,1.61012517,0
1505803195,21827263,0.07245500,0.18540279,0
1505803192,21827258,0.07245500,2.19212204,0
1505803189,21827246,0.07241899,2.74000000,0
1505803188,21827243,0.07246169,0.23153995,0
1505803188,21827242,0.07241900,1.89393105,0
1505803183,21827217,0.07241900,2.09371895,0
1505803153,21827134,0.07218129,4.40233000,0
1505803153,21827133,0.07218141,20.59767000,0
1505803150,21827130,0.07234500,3.98765000,0
1505803135,21827103,0.07218088,25.00000000,1
1505803133,21827099,0.07218075,0.50000000,1
1505803110,21827026,0.07236184,1.50056800,0
1505802931,21826785,0.07231985,2.13382845,0
1505802903,21826759,0.07218392,0.46030000,1
1505802898,21826758,0.07191004,2.50525473,0
1505802898,21826757,0.07218400,3.98765000,1
1505802897,21826755,0.07218401,2.74000000,0
1505802897,21826754,0.07218401,6.21500000,1
1505802787,21826662,0.07236008,1.01261300,0
1505802748,21826616,0.07235000,0.08274000,1
1505802733,21826596,0.07236008,1.74740300,0
1505802728,21826591,0.07236008,1.79207927,0
1505802516,21826499,0.07211001,12.05888689,0
1505802514,21826498,0.07226010,2.94111311,1
1505802503,21826494,0.07226010,14.00688689,1
1505802503,21826491,0.07226011,0.53281311,1
1505802501,21826489,0.07229000,0.46030000,1
1505802440,21826423,0.07227011,1.00000000,1
1505802408,21826398,0.07225280,0.01726000,1
1505802408,21826397,0.07237000,0.08274000,1
1505802406,21826396,0.07249000,0.55649737,1
1505802405,21826395,0.07249000,0.45940000,0
1505802364,21826376,0.07183801,5.54076300,0
1505802364,21826375,0.07183801,6.20623700,0
1505802363,21826374,0.07226413,8.25300000,1
1505802363,21826373,0.07226896,2.00000000,1
1505802361,21826372,0.07226896,2.79376338,0
1505802359,21826365,0.07226897,1.28656078,1
1505802358,21826364,0.07194436,6.77886012,0
1505802358,21826358,0.07226408,0.09501188,1
1505802358,21826347,0.07226412,2.74000000,1
1505802356,21826339,0.07226900,3.98765000,1
1505802356,21826338,0.07226903,6.39847800,1
1505802301,21826309,0.07241974,1.00000000,0
1505802224,21826284,0.07234000,0.10000000,1
1505802211,21826277,0.07241700,3.98765000,1
1505802197,21826265,0.07251681,0.00013583,0
1505802196,21826261,0.07251680,0.67131713,1
1505802189,21826259,0.07235004,0.14000000,1
1505801935,21826122,0.07242997,6.39847800,0
1505801856,21826040,0.07213251,0.67507767,1
1505801795,21826008,0.07219694,0.26967208,1
1505801795,21826006,0.07223007,0.26970000,1
1505801781,21825991,0.07182505,25.00000000,1
1505801779,21825990,0.07180380,1.12619391,0
1505801779,21825989,0.07199001,0.57635551,1
1505801778,21825988,0.07219700,3.98765000,1
1505801778,21825987,0.07223000,0.45940000,1
1505801778,21825986,0.07223000,2.86512900,0
1505801777,21825985,0.07223007,3.94163898,0
1505801776,21825984,0.07223007,12.04363260,1
1505801753,21825979,0.07220600,3.98765000,1
1505801646,21825922,0.07221605,0.07005300,1
1505801640,21825918,0.07221600,0.50762300,1
1505801620,21825895,0.07236116,2.14636390,0
1505801619,21825891,0.07236122,4.56671200,0
1505801618,21825887,0.07236122,2.32336869,0
1505801506,21825787,0.07228200,3.98765000,0
1505801483,21825765,0.07221000,3.98765000,0
1505801472,21825759,0.07220400,3.98765000,0
1505801362,21825695,0.07201003,4.12194700,1
1505801349,21825681,0.07217000,2.76827000,0
1505801319,21825656,0.07211500,0.27952906,0
1505801301,21825625,0.07196012,0.12701240,1
1505801300,21825621,0.07196011,0.14785951,1
1505801298,21825619,0.07196010,0.15016488,1
1505801294,21825612,0.07196004,0.10491725,1
1505801293,21825608,0.07196004,0.01879982,1
1505801293,21825607,0.07196005,0.06084276,1
1505801291,21825605,0.07196005,0.08424729,1
1505801226,21825498,0.07208400,3.98765000,1
1505801164,21825359,0.07224896,1.68038381,0
1505801106,21825310,0.07221257,0.91456363,0
1505801026,21825200,0.07205079,0.15063000,1
1505801010,21825159,0.07205079,0.29460542,1
1505800955,21825022,0.07218656,0.19602993,0
1505800939,21824992,0.07217000,0.29000000,0
1505800930,21824964,0.07201096,0.20000000,1
1505800902,21824903,0.07213400,0.29240025,0
1505800887,21824862,0.07200921,0.50000000,1
1505800884,21824859,0.07207070,0.01791000,1
1505800883,21824858,0.07207070,4.83700000,1
1505800881,21824857,0.07207070,0.14509000,1
1505800879,21824854,0.07207000,0.29000000,1
1505800863,21824824,0.07203000,3.98765000,0
1505800854,21824793,0.07206997,9.46238400,0
1505800853,21824792,0.07200200,3.98765000,0
1505800837,21824779,0.07198100,3.56675100,0
1505800836,21824778,0.07198100,0.42089900,0
1505800826,21824763,0.07196592,2.74000000,0
1505800824,21824758,0.07196589,0.88979100,0
1505800816,21824730,0.07196596,0.10611000,0
1505800814,21824720,0.07179340,3.86814000,1
1505800756,21824651,0.07189000,3.98765000,1
1505800756,21824650,0.07190000,0.29000000,1
1505800756,21824649,0.07190000,0.08040091,1
1505800750,21824639,0.07199000,0.08019562,1
1505800720,21824592,0.07199886,0.88986303,0
1505800702,21824565,0.07199983,2.54309207,0
1505800702,21824564,0.07190299,0.00000300,0
1505800702,21824563,0.07190298,2.74000000,0
1505800686,21824511,0.07190299,0.88446000,0
1505800678,21824484,0.07190299,2.56084500,0
1505800669,21824465,0.07190296,2.12406600,0
1505800653,21824419,0.07190299,0.39417800,0
1505800648,21824399,0.07190296,3.01000000,1
1505800639,21824354,0.07190296,0.08290000,0
1505800614,21824273,0.07190299,1.16051400,0
1505800614,21824272,0.07190287,5.00000000,0
1505800603,21824224,0.07182500,3.98765000,0
1505800527,21824066,0.07173300,0.58575544,0
1505800517,21824053,0.07176599,0.14555757,0
1505800515,21824048,0.07170700,3.98765000,0
1505800504,21824024,0.07161202,0.68146446,0
1505800504,21824022,0.07161202,0.35853554,0
1505800462,21823962,0.07176273,0.28090124,0
1505800451,21823941,0.07176281,5.77298500,0
1505800449,21823938,0.07176287,0.18579365,0
1505800442,21823921,0.07176495,2.77298524,0
1505800439,21823913,0.07176500,0.18557000,0
1505800410,21823839,0.07165800,3.98556000,1
1505800404,21823817,0.07166660,5.00000000,1
1505800397,21823800,0.07166663,5.53605189,1
1505800216,21823563,0.07184840,1.94140319,0
1505800167,21823502,0.07182436,2.74000000,0
1505800166,21823500,0.07182449,2.74000000,0
1505800121,21823470,0.07171008,0.07490146,1
1505800118,21823465,0.07171007,0.07919059,1
1505800114,21823440,0.07171006,0.10233923,1
1505800110,21823438,0.07171005,0.10388785,1
1505800107,21823435,0.07171003,0.07466361,1
1505800102,21823425,0.07171002,0.07490146,1
1505800099,21823416,0.07171001,0.07919059,1
1505800096,21823411,0.07171000,0.15838116,1
1505800091,21823398,0.07173029,0.31676233,1
1505800021,21823297,0.07187100,0.40000000,0
1505800011,21823266,0.07174000,7.00000000,0
1505800011,21823265,0.07174000,3.00000000,1
1505799955,21823187,0.07173001,1.03071226,1
1505799922,21823136,0.07190692,0.85464870,0
1505799906,21823103,0.07189100,1.00603273,0
1505799902,21823096,0.07189100,0.19310760,0
1505799895,21823088,0.07188199,2.74000000,0
1505799871,21823054,0.07182600,1.18464470,0
1505799868,21823047,0.07182600,1.06180246,0
1505799866,21823033,0.07182600,1.72683716,0
1505799866,21823031,0.07180000,0.46190000,0
1505799801,21822952,0.07171001,2.74000000,1
1505799723,21822817,0.07180001,0.19704247,0
