date,tid,price,amount,type
1505865626,21884426,237.41,0.33610000,0
1505865626,21884425,237.41,0.09849829,0
1505865626,21884423,237.40,0.08274000,0
1505865617,21884418,237.14,2.26445139,1
1505865617,21884417,237.14,0.35090949,1
1505865612,21884413,237.14,1.02863899,1
1505865612,21884412,237.14,0.29623550,1
1505865611,21884411,237.14,1.04751602,1
1505865607,21884406,237.14,0.18473200,1
1505865606,21884401,237.14,0.89862344,1
1505865605,21884399,237.15,0.33610000,1
1505865605,21884397,237.19,0.08274000,1
1505865599,21884378,237.14,0.12836296,1
1505865590,21884367,237.14,0.42278900,1
1505865577,21884345,237.14,0.06282798,1
1505865577,21884343,237.19,0.08274000,1
1505865544,21884292,237.14,0.75075126,1
1505865544,21884291,237.32,0.25554200,1
1505865541,21884280,237.32,0.66724800,1
1505865523,21884270,237.14,0.84795842,1
1505865522,21884269,237.31,0.07559000,1
1505865522,21884268,237.51,0.08274000,1
1505865408,21884202,237.86,4.66333137,0
1505865368,21884178,237.88,0.07255759,0
1505865366,21884177,237.84,0.76624831,0
1505865354,21884175,237.84,0.07542101,0
1505865354,21884174,237.84,0.68067552,1
1505865352,21884173,237.77,0.08274000,0
1505865303,21884162,237.86,0.07559068,0
1505865303,21884161,237.83,0.68048501,1
1505865301,21884160,237.83,0.08274000,0
1505865244,21884137,237.44,0.91726000,1
1505865243,21884136,237.49,0.08274000,1
1505864938,21884071,237.63,0.08274000,1
1505864892,21884053,237.93,0.01189425,0
1505864890,21884052,237.91,0.99438000,0
1505864697,21883972,237.93,0.19042000,0
1505864697,21883971,237.92,0.27000000,0
1505864697,21883970,237.88,0.08274000,0
1505864684,21883956,236.96,0.00008077,0
1505864681,21883946,236.96,0.54209070,0
1505864680,21883942,236.96,0.08274000,0
1505864680,21883941,236.99,0.09470968,1
1505864679,21883940,236.99,0.60546485,1
1505864679,21883939,237.00,2.00000000,1
1505864679,21883938,237.09,0.39991400,1
1505864679,21883937,237.22,0.99438000,1
1505864429,21883854,237.95,0.18650977,0
1505864407,21883851,237.98,0.33337815,0
1505864407,21883850,237.98,0.18656246,0
1505864370,21883828,237.98,0.00062783,0
1505864370,21883827,237.96,0.89694817,0
1505864359,21883825,237.34,0.89694817,1
1505864333,21883814,237.97,0.00135600,0
1505864333,21883813,237.96,0.28000000,0
1505864330,21883810,237.97,1.15870000,0
1505864230,21883763,237.97,0.41921251,0
1505864216,21883758,237.61,1.71332574,0
1505864214,21883757,237.61,1.05659600,0
1505864177,21883747,237.62,0.00000007,1
1505864176,21883745,237.62,4.22999993,1
1505864176,21883744,237.62,0.00000007,1
1505864175,21883742,237.62,1.02000000,0
1505864175,21883741,237.62,3.21000000,0
1505864175,21883740,237.62,0.00000593,0
1505864169,21883736,237.62,1.01999407,0
1505864169,21883735,237.62,3.21180893,0
1505864159,21883726,237.13,1.20257706,1
1505864150,21883721,237.63,1.01819107,1
1505864150,21883720,237.63,1.91809043,1
1505864150,21883719,237.64,1.82190957,1
1505864149,21883718,237.64,0.25000000,1
1505864149,21883716,237.64,0.24195643,0
1505864149,21883715,237.63,1.91000000,1
1505864149,21883714,237.64,1.82804357,0
1505864148,21883713,237.64,0.24387193,0
1505864147,21883711,237.64,0.83612807,0
1505864147,21883709,237.64,1.07962685,0
1505864144,21883701,237.64,2.07083076,0
1505864144,21883700,237.63,0.08274000,0
1505864142,21883699,237.64,0.99680239,1
1505864142,21883698,237.66,0.08274000,1
1505863874,21883601,237.98,0.51000000,0
1505863710,21883540,237.98,0.29763005,0
1505863685,21883515,237.98,0.29750646,0
1505863634,21883504,237.98,0.38558283,0
1505863626,21883499,237.99,6.80850095,0
1505863626,21883498,237.98,0.38558283,0
1505863625,21883495,237.98,0.56441717,0
1505863607,21883490,237.98,1.00000000,0
1505863589,21883486,237.99,16.87265810,0
1505863589,21883485,237.98,1.18674087,0
1505863589,21883484,237.98,0.13325913,0
1505863564,21883466,237.99,13.70097600,0
1505863558,21883464,237.98,1.62000000,0
1505863558,21883463,237.97,0.32000000,0
1505863537,21883457,237.99,1.39147000,0
1505863533,21883455,237.99,0.39463843,0
1505863529,21883449,237.99,1.22367600,0
1505863528,21883445,237.99,3.95396300,0
1505863528,21883444,237.98,1.93000000,0
1505863519,21883442,237.98,1.10319761,0
1505863478,21883435,237.99,1.10000000,0
1505863477,21883434,237.99,0.64995370,0
1505863477,21883433,237.98,2.50000000,0
1505863459,21883428,237.98,0.88041663,0
1505863458,21883427,237.97,0.01663913,0
1505863453,21883426,237.97,0.52336087,0
1505863396,21883405,237.98,0.60675597,0
1505863386,21883403,237.98,2.39000000,0
1505863377,21883395,237.29,5.29601238,0
1505863374,21883392,237.29,0.86851848,0
1505863366,21883386,237.29,7.58977199,0
1505863358,21883381,237.29,5.52217000,0
1505863357,21883379,237.29,2.02000000,0
1505863356,21883375,237.29,0.48843187,0
1505863353,21883367,237.29,2.95357336,0
1505863350,21883359,237.29,3.17378354,0
1505863346,21883348,237.29,2.07356610,0
1505863346,21883346,237.29,4.09771493,0
1505863344,21883337,237.29,4.41290370,0
1505863344,21883333,237.29,2.02000000,0
1505863343,21883330,237.29,0.42142526,0
1505863343,21883328,237.29,1.05489936,0
1505863342,21883325,237.29,12.39833400,0
1505863341,21883319,237.29,1.88247584,0
1505863340,21883309,237.29,5.60170000,0
1505863340,21883305,237.29,8.96130000,0
1505863339,21883298,237.29,0.68089680,0
1505863339,21883294,237.29,0.47000000,0
1505863338,21883292,237.29,0.56487841,0
1505863337,21883288,237.29,4.23000000,0
1505863331,21883282,237.29,0.23973398,0
1505863331,21883278,237.29,0.23983311,0
1505863322,21883271,237.29,0.05007665,0
1505863315,21883258,237.29,63.82354000,0
1505863309,21883252,237.29,77.31200000,0
1505863292,21883243,237.29,8.08090944,0
1505863292,21883242,237.29,1.64816140,0
1505863291,21883241,237.28,0.11000000,0
1505863285,21883240,237.29,4.23000000,0
1505863278,21883235,237.29,0.16655000,0
1505863278,21883234,237.28,0.13000000,0
1505863272,21883219,237.29,6.66913400,0
1505863270,21883211,237.29,10.24758734,0
1505863270,21883209,237.29,5.08624300,0
1505863269,21883204,237.29,0.58864680,0
1505863268,21883199,237.29,0.45615069,0
1505863267,21883197,237.29,9.59460000,0
1505863265,21883189,237.29,0.56475199,0
1505863265,21883187,237.29,6.16640000,0
1505863265,21883186,237.28,0.16000000,0
1505863262,21883185,237.29,74.20790600,0
1505863261,21883182,237.29,4.25218300,0
1505863259,21883176,237.29,0.48000000,0
1505863257,21883173,237.29,6.69311812,0
1505863256,21883172,237.29,0.56475199,0
1505863255,21883167,237.29,0.34750726,0
1505863253,21883165,237.29,9.03434615,0
1505863252,21883164,237.29,0.37475199,0
1505863252,21883163,237.28,0.19000000,0
1505863250,21883160,237.29,0.31506000,0
1505863243,21883156,237.29,0.13048716,0
1505863243,21883155,237.28,0.23000000,0
1505863233,21883148,237.29,0.84074339,0
1505863230,21883145,237.29,4.91908635,0
1505863224,21883135,237.29,13.15099110,0
1505863224,21883134,237.29,8.51168900,0
1505863221,21883127,237.29,25.03430000,0
1505863220,21883126,237.29,13.43078090,0
1505863220,21883125,237.29,0.86718699,0
1505863218,21883116,237.29,35.06674502,0
1505863217,21883114,237.29,35.08435000,0
1505863198,21883090,237.29,3.77757174,0
1505863193,21883083,237.29,54.14205900,0
1505863173,21883061,237.29,114.89831900,0
1505863172,21883058,237.29,62.92077900,0
1505863170,21883057,237.29,0.49000000,0
1505863169,21883055,237.29,0.48000000,0
1505863165,21883052,237.29,3.98529183,0
1505863153,21883035,237.29,0.36337000,0
1505863152,21883034,237.29,15.91559700,0
1505863151,21883033,237.29,5.07199900,0
1505863142,21883029,237.29,17.05529100,0
1505863142,21883027,237.29,3.98845294,0
1505863140,21883025,237.29,14.13384100,0
1505863119,21883011,237.29,10.47633600,0
1505863117,21883007,237.29,3.98765000,0
1505863116,21883006,237.29,5.18410200,0
1505863114,21883003,237.29,34.59281700,0
1505863112,21883000,237.29,7.93461600,0
1505863109,21882997,237.29,41.42700000,0
1505863082,21882983,237.29,0.80032870,0
1505863081,21882979,237.29,0.40037627,0
1505863080,21882975,237.29,0.40052256,0
1505863048,21882919,237.29,0.20000000,0
1505862997,21882903,237.29,0.29051625,0
1505862997,21882901,237.29,15.11787469,0
1505862996,21882897,237.29,0.24333094,0
1505862994,21882894,237.29,0.48000000,0
1505862994,21882893,237.29,0.79335300,0
1505862992,21882890,237.29,0.78925697,0
1505862991,21882884,237.29,0.99713596,0
1505862990,21882881,237.29,0.42142526,0
1505862986,21882870,237.29,1.11970242,0
1505862981,21882868,237.29,1.11970242,0
1505862978,21882865,237.29,8.02652400,0
1505862978,21882864,237.29,5.03464115,0
1505862977,21882859,237.29,1.38003600,0
1505862969,21882853,237.29,1.11970242,0
1505862964,21882850,237.29,18.26135600,0
1505862959,21882844,237.29,0.48000000,0
1505862958,21882843,237.29,30.15710000,0
1505862920,21882835,237.29,1.61491466,0
1505862846,21882800,237.29,4.67444898,0
1505862813,21882779,237.28,2.65000000,1
1505862802,21882765,236.99,15.04238819,0
1505862801,21882758,236.99,6.57000000,0
1505862799,21882751,236.99,3.98765000,0
1505862799,21882750,236.99,5.98548946,0
1505862798,21882747,236.99,1.24593000,0
1505862798,21882746,236.99,4.23000000,0
1505862797,21882737,236.99,6.57399045,0
1505862796,21882733,236.99,4.23000000,0
1505862790,21882730,236.99,0.07329400,0
1505862788,21882729,236.99,2.48310055,0
1505862788,21882727,236.99,250.00000000,0
1505862787,21882726,236.99,250.00000000,0
1505862787,21882724,236.99,250.00000000,0
1505862776,21882718,236.99,59.99981300,0
1505862770,21882711,236.99,4.35309506,0
1505862763,21882701,236.99,0.88169873,0
1505862760,21882700,236.99,4.02667600,0
1505862750,21882689,236.99,0.74079075,0
1505862750,21882688,236.99,0.28140427,0
1505862747,21882682,236.99,0.24552044,0
1505862746,21882680,236.99,0.28890000,0
1505862743,21882677,236.99,8.84763070,0
1505862742,21882675,236.99,3.31338875,0
1505862741,21882670,236.99,9.53698468,0
1505862740,21882668,236.99,3.64682054,0
1505862739,21882663,236.99,9.53698468,0
1505862737,21882661,236.99,3.31203848,0
1505862736,21882657,236.99,0.07493987,0
1505862736,21882653,236.99,0.63077600,0
1505862735,21882652,236.99,10.93371028,0
1505862726,21882634,236.99,0.03406400,0
1505862719,21882632,236.99,7.50304200,0
1505862718,21882627,236.99,0.58884300,0
1505862718,21882626,236.99,1.43685381,0
1505862717,21882623,236.99,0.66788894,0
1505862717,21882622,236.99,0.02762700,0
1505862710,21882619,236.99,0.60286800,0
1505862709,21882618,236.99,1.01361700,0
1505862702,21882609,236.99,7.44700821,0
1505862701,21882608,236.98,0.08237400,0
1505862698,21882607,236.98,0.02762600,0
1505862675,21882592,236.99,1.90476391,0
1505862673,21882585,236.99,9.91147305,0
1505862672,21882580,236.99,1.38170387,0
1505862671,21882574,236.99,9.91147305,0
1505862671,21882569,236.99,5.20123211,0
1505862670,21882565,236.99,1.38123971,0
1505862669,21882560,236.99,9.78146757,0
1505862669,21882557,236.98,0.13000000,1
1505862628,21882538,236.99,0.06055107,0
1505862626,21882536,236.98,0.15000000,0
1505862582,21882512,236.88,1.04435101,0
1505862581,21882506,236.88,5.55589327,0
1505862579,21882499,236.88,10.93739446,0
1505862555,21882491,236.88,0.13833915,0
1505862500,21882469,236.86,1.28062000,0
1505862382,21882435,236.88,1.17528166,0
1505862382,21882433,236.88,0.14874045,0
1505862355,21882410,236.88,1.00000000,0
1505862101,21882328,236.98,0.31000000,1
1505862094,21882323,236.99,19.92261276,0
1505862093,21882321,236.99,0.14865606,0
1505862093,21882317,236.98,0.37000000,0
1505862086,21882307,236.49,67.35536009,0
1505862086,21882306,236.49,250.00000000,0
1505862085,21882305,236.49,250.00000000,0
1505862084,21882303,236.49,250.00000000,0
1505862084,21882301,236.49,0.46000000,0
1505862082,21882300,236.49,0.44000000,0
1505862081,21882296,236.49,0.01000000,0
1505862081,21882294,236.48,0.44000000,0
1505862076,21882292,236.47,1.00000000,1
1505862055,21882274,236.49,0.88000000,0
1505862054,21882271,236.49,0.88000000,0
1505862053,21882270,236.49,0.88000000,0
1505862052,21882269,236.49,0.88000000,0
1505862051,21882266,236.49,0.88000000,0
1505862050,21882264,236.49,0.88000000,0
1505862049,21882263,236.48,0.52000000,1
1505862049,21882262,236.49,0.36000000,0
1505862048,21882261,236.49,0.36000000,0
1505862047,21882260,236.49,0.36000000,0
1505862046,21882257,236.49,0.36000000,0
1505862045,21882255,236.49,0.36000000,0
1505862044,21882253,236.49,0.36000000,0
1505862043,21882252,236.49,0.36000000,0
1505862043,21882251,236.49,0.36000000,0
1505862042,21882250,236.49,0.36000000,0
1505862041,21882249,236.49,0.36000000,0
1505862040,21882243,236.49,0.36000000,0
1505862039,21882242,236.49,0.36000000,0
1505862039,21882241,236.49,0.02537105,0
1505862038,21882239,236.49,0.36000000,0
1505862037,21882238,236.49,0.36000000,0
1505862036,21882237,236.49,0.36000000,0
1505862035,21882236,236.48,0.35962788,1
1505862035,21882235,236.48,0.40037212,1
1505862035,21882234,236.49,42.14323500,0
1505862033,21882231,236.49,0.40035519,0
1505862032,21882230,236.49,2.00511649,0
1505862032,21882229,236.49,0.40664479,0
1505862028,21882226,236.49,1.28316021,0
1505862025,21882220,236.49,2.69294304,0
1505862025,21882219,236.48,0.91000000,0
1505862013,21882208,236.48,0.36052264,0
1505862013,21882206,236.48,0.16877000,0
1505862008,21882201,236.48,0.14461499,0
1505861991,21882182,236.48,1.32233200,0
1505861991,21882181,236.48,1.20000000,0
1505861980,21882175,236.36,0.07261030,1
1505861960,21882129,236.47,0.63112000,0
1505861959,21882123,236.48,0.64364836,0
1505861913,21882091,236.49,0.54216583,0
1505861907,21882089,236.49,12.90394299,0
1505861907,21882088,236.48,1.55000000,0
1505861903,21882087,236.49,3.58366104,0
1505861902,21882086,236.48,2.02155300,1
1505861894,21882084,236.49,14.43122330,0
1505861893,21882077,236.49,31.84663199,0
1505861892,21882072,236.49,6.11133663,0
1505861890,21882064,236.48,1.84000000,1
1505861889,21882054,236.49,15.45118186,0
1505861889,21882051,236.49,6.11066007,0
1505861888,21882044,236.49,8.61638969,0
1505861886,21882034,236.49,2.46204913,0
1505861884,21882029,236.49,14.41278701,0
1505861877,21882008,236.48,2.19000000,1
1505861870,21882004,236.48,2.35063204,1
1505861869,21882001,236.48,0.05110942,0
1505861869,21882000,236.47,3.58398209,0
1505861865,21881999,236.48,1.59000000,0
1505861862,21881995,236.47,7.43483605,0
1505861860,21881993,236.46,0.45000000,1
1505861858,21881990,236.46,2.02018689,0
1505861855,21881984,236.41,0.74068162,0
1505861848,21881976,236.47,0.33106203,0
1505861843,21881967,236.47,7.19038356,0
1505861842,21881960,236.47,3.54139836,0
1505861841,21881959,236.32,0.08274000,0
1505861794,21881956,236.14,0.81726000,0
1505861793,21881955,236.15,0.08274000,1
1505861784,21881950,236.47,0.40007611,0
1505861745,21881938,236.47,1.41139746,0
1505861603,21881887,236.46,0.16878000,0
1505861554,21881855,236.49,2.75999998,0
1505861554,21881854,236.48,2.24000000,0
1505861554,21881853,236.00,0.00000002,0
1505861527,21881843,236.00,10.36320600,0
1505861516,21881836,236.00,0.23194915,0
1505861446,21881817,236.00,1.89782941,0
1505861445,21881816,236.00,0.04363114,0
1505861445,21881815,235.95,0.08274000,0
1505861432,21881812,236.00,1.94163390,0
1505861432,21881811,235.97,0.08274000,0
1505861364,21881793,235.94,2.53912913,0
1505861348,21881791,235.66,0.08274000,1
1505861344,21881790,235.66,0.08274000,1
1505861291,21881782,235.99,1.15603968,0
1505861249,21881771,236.00,3.70386203,0
1505861173,21881753,235.20,0.21230546,1
1505861173,21881752,235.89,0.41745454,1
1505861172,21881751,236.24,2.23855155,1
1505861171,21881750,236.24,10.00000000,1
1505861129,21881724,236.30,0.90000000,0
1505861113,21881718,236.29,1.65759492,0
1505861107,21881715,236.27,2.05860942,0
1505861018,21881686,236.48,0.20381023,0
1505861007,21881675,236.48,2.27451129,0
1505861001,21881674,236.49,1.34819957,0
1505861001,21881673,236.48,0.62287382,0
1505861001,21881672,236.48,0.35555747,0
1505860996,21881663,236.48,0.01670871,0
1505860995,21881662,236.48,3.13000000,0
1505860990,21881656,236.49,0.31732344,0
1505860990,21881655,236.48,0.08274000,0
1505860986,21881646,236.49,0.40027586,0
1505860986,21881644,236.49,0.79998575,0
1505860461,21881483,235.89,0.01232582,1
1505860461,21881482,235.89,0.07041418,1
1505860460,21881477,238.47,2.30068114,0
1505860460,21881476,238.46,0.34807933,0
1505860459,21881475,238.40,0.13054865,0
1505860459,21881474,238.05,0.33620000,0
1505860459,21881472,237.92,0.34885770,0
1505860459,21881471,237.91,0.77000000,0
1505860459,21881470,237.48,3.87000000,0
1505860459,21881469,236.92,0.35033585,0
1505860458,21881468,236.70,1.25897364,0
1505860458,21881467,236.59,0.33800000,0
1505860458,21881466,235.12,0.41726000,1
1505860456,21881463,236.08,0.08274000,1
1505860454,21881460,235.11,41.23578656,1
1505860454,21881459,235.12,0.62000000,1
1505860454,21881458,235.12,8.57266600,1
1505860454,21881457,235.54,0.35033585,1
1505860454,21881456,235.80,0.13187859,1
1505860454,21881455,235.83,0.45000000,1
1505860453,21881454,236.00,5.00000000,1
1505860453,21881453,236.03,3.10000000,1
1505860453,21881452,236.04,6.12333300,1
1505860436,21881444,236.03,1.96684207,1
1505860436,21881443,236.04,2.37146693,1
1505860436,21881442,236.05,6.16969100,1
1505860436,21881441,236.05,0.33800000,1
1505860414,21881433,236.43,2.47481457,1
1505860414,21881432,236.47,6.21899900,1
1505860414,21881431,236.47,3.63000000,1
1505860414,21881430,236.48,2.50418643,1
1505860386,21881419,236.70,0.74102636,0
1505860332,21881405,237.39,2.10202620,0
1505860275,21881368,236.62,2.95616000,1
1505860275,21881367,237.00,0.62976000,1
1505860275,21881366,237.01,0.33620000,1
1505860275,21881365,237.01,0.99514000,1
1505860275,21881364,237.03,0.08274000,1
1505860241,21881351,237.39,2.73313955,0
1505860238,21881349,237.39,0.62396057,0
1505860153,21881268,237.00,2.05603400,0
1505860143,21881255,237.00,0.50632911,0
1505860134,21881245,237.00,0.31704641,0
1505860133,21881241,236.69,0.10402869,0
1505860129,21881239,236.69,2.09161000,0
1505860086,21881210,236.50,1.04380000,0
1505860085,21881209,236.50,0.16862000,0
1505860083,21881205,236.50,1.00000000,1
1505860064,21881188,236.69,1.00000000,0
1505860052,21881158,236.69,1.00000000,0
1505859986,21881132,236.69,0.10266593,0
1505859965,21881125,236.69,0.90000000,0
1505859928,21881101,236.69,4.01900000,0
1505859928,21881100,236.68,4.23000000,0
1505859848,21881068,236.69,0.13156449,0
1505859848,21881067,236.68,0.08274000,1
1505859599,21880903,236.49,0.40216023,0
1505859589,21880901,235.50,0.53087087,0
1505859588,21880899,235.49,0.08274000,0
1505859584,21880898,235.50,0.26912913,0
1505859584,21880897,235.49,0.13813087,0
1505859584,21880896,235.46,0.08274000,0
1505859565,21880886,235.49,0.86341717,0
1505859499,21880868,235.17,0.18670804,1
1505859499,21880867,235.20,0.25599196,1
1505859497,21880866,235.21,0.05730000,1
1505859472,21880846,235.16,0.66126804,1
1505859472,21880845,235.20,0.25599196,0
1505859470,21880844,235.20,0.08274000,1
1505859454,21880834,235.59,0.71726000,0
1505859454,21880833,235.57,0.08274000,0
1505859274,21880765,235.31,10.70178100,0
1505859254,21880755,235.31,4.00000000,0
1505859240,21880751,235.31,0.80000000,0
1505859190,21880742,235.31,0.37842000,0
1505859185,21880741,235.31,2.32759700,0
1505859178,21880737,235.31,5.70922200,0
1505859145,21880726,235.12,2.32759700,1
1505859135,21880694,235.12,3.38162473,1
1505859134,21880693,235.13,2.32759727,1
1505859114,21880685,235.12,2.32759700,1
1505859100,21880678,235.12,5.51337900,1
1505859100,21880677,235.14,0.32687857,1
1505859100,21880676,235.20,0.25000000,1
1505859090,21880673,235.31,0.08274000,0
1505859089,21880672,235.32,1.00024000,1
1505859076,21880660,235.99,6.61477181,1
1505859076,21880659,235.94,0.33630000,0
1505859076,21880658,235.85,0.99800000,0
1505859074,21880655,235.83,0.08274000,0
1505858946,21880589,235.95,0.59000000,0
1505858944,21880587,235.96,0.08274000,0
1505858942,21880586,235.96,0.08274000,0
1505858940,21880584,235.96,0.08274000,1
1505858934,21880580,235.98,0.08274000,0
1505858932,21880577,235.40,3.98464396,1
1505858932,21880576,235.40,0.08274000,0
1505858925,21880575,235.40,0.87184253,0
1505858925,21880574,235.43,5.42043900,0
1505858925,21880573,235.43,1.58945944,0
1505858919,21880570,236.29,0.25000000,1
1505858860,21880542,236.50,0.00000021,1
1505858779,21880497,236.50,1.00701700,1
1505858721,21880444,236.69,0.03000000,0
1505858633,21880401,236.69,0.02941378,0
1505858631,21880400,236.69,0.44937000,0
1505858591,21880389,236.69,0.21082428,0
1505858576,21880382,236.89,0.05000000,0
1505858542,21880373,236.50,1.24913500,1
1505858542,21880372,236.73,0.08274000,1
1505858542,21880371,236.74,0.58075000,1
1505858542,21880370,236.74,0.08274000,1
1505858542,21880369,236.75,0.33630000,1
1505858489,21880327,237.23,0.04944896,0
1505858487,21880326,236.64,0.00209604,0
1505858445,21880306,236.54,0.41725000,1
1505858255,21880219,236.63,0.08274000,1
1505858251,21880216,237.00,2.98786396,1
1505858230,21880212,237.35,1.14336895,1
1505858229,21880211,237.35,0.08274000,1
1505858004,21880105,236.94,0.99678000,0
1505858004,21880104,236.89,0.08274000,0
1505857861,21880061,237.07,0.00001844,1
1505857860,21880058,237.07,0.64866407,1
1505857860,21880057,237.06,0.34809749,0
1505857857,21880052,237.06,0.34807933,1
1505857849,21880045,237.54,0.00001701,1
1505857849,21880044,237.54,0.50516107,1
1505857843,21880042,237.63,0.76172997,0
1505857843,21880041,236.58,2.98466950,0
1505857843,21880040,236.37,0.99975300,0
1505857612,21879869,236.16,0.17733740,1
1505857588,21879840,236.21,2.69937307,0
1505857522,21879805,236.03,3.00000000,1
1505857516,21879801,236.03,7.00000000,1
1505857332,21879676,236.00,0.27875131,1
1505857246,21879594,236.00,0.34450600,1
1505857246,21879592,236.00,4.23000000,1
1505857225,21879575,236.01,3.96800000,1
1505857214,21879569,236.00,5.77000000,1
1505857214,21879568,236.01,4.23000000,1
1505857134,21879530,236.42,0.36273458,1
1505857118,21879516,236.77,0.05192354,0
1505857115,21879512,236.50,1.89310264,1
1505857079,21879486,236.50,1.10364318,1
1505857078,21879485,236.50,2.48871230,1
1505857078,21879484,236.54,0.34885770,1
1505857078,21879483,236.55,0.08243000,1
1505857068,21879464,236.61,0.08274000,0
1505857067,21879462,236.63,0.08270000,1
1505857018,21879364,237.01,0.57954300,1
1505857018,21879358,237.02,0.08274000,1
1505857011,21879331,236.73,0.00065188,0
1505857009,21879330,237.00,0.93153212,1
1505857001,21879320,237.00,4.06846788,1
1505857001,21879319,237.12,0.33736212,1
1505856998,21879315,237.12,0.25947200,1
1505856997,21879314,237.13,0.33778000,1
1505856925,21879246,237.98,5.17211530,1
1505856925,21879245,237.53,0.75084000,0
1505856924,21879244,237.53,5.00000000,1
1505856924,21879243,237.52,0.66039739,0
1505856924,21879242,237.43,0.08274000,1
1505856923,21879241,237.43,0.08274000,0
1505856903,21879215,237.52,0.33723475,0
1505856903,21879213,237.51,0.08274000,1
1505856816,21879143,237.14,4.80530447,0
1505856801,21879136,237.12,0.33560000,1
1505856798,21879135,237.12,0.08000000,1
1505856707,21879096,237.12,3.98756588,1
1505856707,21879094,237.17,0.00000012,1
1505856674,21879083,237.17,3.87823600,1
1505856652,21879074,237.17,0.70019587,1
1505856647,21879070,237.17,0.42156801,1
1505856646,21879069,237.26,0.00000036,1
1505856646,21879068,237.30,0.08274000,1
1505856615,21879055,237.26,4.99999964,1
1505856615,21879054,237.26,0.36363636,1
1505856615,21879053,237.40,4.57286600,1
1505856607,21879038,237.40,0.42713400,1
1505856605,21879035,237.42,2.00000000,1
1505856604,21879034,237.44,0.08274000,1
1505856407,21878926,237.52,3.57706093,1
1505856371,21878920,237.52,5.43885900,1
1505856368,21878917,237.50,0.91726000,1
1505856368,21878916,237.80,0.08274000,1
1505856349,21878896,238.18,1.09089764,0
1505856349,21878895,238.17,0.08274000,0
1505856347,21878893,238.16,0.08274000,0
1505856334,21878888,237.60,0.08274000,0
1505856334,21878887,237.60,5.00000000,1
1505856334,21878886,237.65,5.00000000,1
1505856334,21878885,237.66,0.33560000,1
1505856334,21878884,237.67,0.99763000,1
1505856306,21878862,237.71,0.08274000,0
1505856304,21878861,238.46,3.89482512,0
1505856304,21878860,238.45,2.50000000,0
1505856304,21878858,238.40,0.79999900,0
1505856302,21878856,237.97,1.17493783,0
1505856285,21878847,237.96,0.24490000,0
1505856204,21878782,237.68,0.25000000,1
1505856198,21878778,237.96,0.75151786,0
1505856198,21878777,237.94,0.08274000,0
1505856057,21878736,237.82,0.99642000,1
1505856057,21878735,237.83,2.17000000,1
1505856057,21878734,237.96,0.08274000,1
1505856048,21878720,238.46,0.12364419,1
1505856048,21878719,237.97,0.08274000,1
1505855999,21878689,237.99,0.13822648,0
1505855999,21878687,237.99,0.00059617,0
1505855986,21878679,237.99,1.24940383,0
1505855952,21878663,237.42,2.60193664,0
1505855952,21878662,237.43,2.34000000,1
1505855951,21878661,237.90,0.13425809,1
1505855878,21878594,237.93,3.40363374,0
1505855878,21878593,237.93,0.15721615,0
1505855878,21878592,237.93,0.19162684,0
1505855878,21878591,237.89,0.08274000,0
1505855878,21878590,237.80,0.16478327,0
1505855862,21878586,237.80,4.00867773,0
1505855807,21878524,237.79,1.04580666,0
1505855807,21878523,237.78,2.12000000,1
1505855805,21878521,237.27,0.94810249,0
1505855777,21878487,237.27,0.02098875,0
1505855652,21878420,237.23,0.91726000,1
1505855651,21878419,237.22,0.08274000,0
1505855612,21878397,237.28,3.91098050,0
1505855612,21878396,237.14,0.08274000,0
1505855486,21878308,236.42,0.36181793,0
1505855486,21878306,236.42,0.35544207,1
1505855486,21878305,236.89,0.08274000,1
1505855344,21878217,237.33,0.96909124,1
1505855344,21878216,237.43,0.03033776,1
1505855338,21878204,237.43,0.05240224,1
1505855265,21878155,237.80,0.31114600,1
1505855258,21878153,237.80,4.11000000,1
1505855257,21878151,237.80,4.11000000,1
1505855256,21878150,237.80,4.11000000,1
1505855256,21878149,237.80,0.87105800,1
1505855255,21878146,237.80,0.32020494,1
1505855254,21878143,237.80,4.11000000,1
1505855254,21878142,237.80,0.08274000,1
1505855253,21878141,237.80,4.57653900,0
1505855253,21878140,237.80,0.34903442,0
1505855253,21878139,237.79,10.84000000,0
1505855253,21878138,237.78,3.11000000,0
1505855253,21878137,237.76,4.11000000,0
1505855253,21878136,237.70,0.62000000,0
1505855253,21878135,237.69,0.08274000,0
1505855212,21878090,237.50,0.68007650,1
1505855211,21878088,237.50,2.17667249,0
1505855211,21878087,237.27,3.74527901,0
1505855210,21878086,237.27,0.68007684,0
1505855191,21878076,237.27,0.08274000,0
1505855183,21878075,237.00,2.45520000,1
1505855181,21878074,236.99,0.28146711,0
1505855179,21878073,237.27,0.33818565,0
1505855178,21878072,237.00,1.86928435,0
1505855169,21878069,236.82,9.58345900,1
1505855169,21878068,236.83,2.90054100,1
1505855167,21878067,237.00,0.33818565,0
1505855165,21878065,236.98,0.08274000,0
1505855163,21878063,236.83,0.17178900,1
1505855163,21878062,236.83,2.04000000,1
1505855160,21878050,236.82,1.00088000,1
1505855154,21878043,236.70,14.29724706,1
1505855153,21878041,236.69,0.33680000,0
1505855153,21878039,236.67,29.90600000,0
1505855153,21878036,236.67,0.33900000,0
1505855151,21878032,234.46,1.02697629,1
1505855151,21878030,234.48,0.35838286,1
1505855151,21878029,234.49,2.32000000,1
1505855151,21878028,234.50,0.10999285,1
1505855150,21878027,234.72,0.46000000,1
1505855150,21878026,234.95,0.46000000,1
1505855146,21878014,234.45,0.47000000,0
1505855145,21878013,234.45,0.32278708,1
1505855145,21878011,234.45,0.32020494,1
1505855145,21878009,234.45,0.32019841,1
1505855145,21878008,234.45,1.07325195,1
1505855145,21878007,234.50,4.11000000,1
1505855145,21878005,234.50,0.42643923,1
1505855145,21878003,234.71,0.25716668,1
1505855144,21878002,235.01,0.50000000,1
1505855132,21877958,233.95,0.00000494,0
1505855132,21877954,233.95,0.10999506,0
1505855132,21877952,233.95,0.32020494,0
1505855130,21877948,233.94,4.31000000,1
1505855130,21877947,235.63,0.17979506,1
1505855127,21877945,233.94,3.05000000,1
1505855127,21877943,234.00,1.50000000,1
1505855127,21877942,234.00,0.20000000,1
1505855127,21877941,234.01,3.20651900,1
1505855127,21877939,234.01,0.61000000,1
1505855127,21877938,234.50,1.00000000,1
1505855127,21877937,235.00,1.00000000,1
1505855126,21877936,235.52,0.50000000,1
1505855126,21877935,235.63,0.97692344,1
1505855126,21877934,235.64,0.33900000,1
1505855117,21877925,235.32,0.47896870,1
1505855117,21877923,235.33,0.20673120,1
1505855116,21877922,235.34,3.03000000,1
1505855116,21877921,235.75,5.00656466,1
1505855116,21877920,235.80,0.12431208,1
1505855116,21877919,235.81,5.00000000,1
1505855116,21877917,235.84,0.48000000,1
1505855116,21877916,235.85,3.20623600,1
1505855116,21877914,235.98,0.34895000,1
1505855116,21877913,235.98,0.47000000,1
1505855115,21877912,236.07,0.50000000,1
1505855115,21877911,236.38,3.24142345,1
1505855092,21877892,236.48,1.74175000,1
1505855082,21877887,236.49,1.85163000,1
1505855081,21877885,236.48,10.15390000,1
1505855071,21877873,236.47,1.65907000,1
1505855070,21877872,236.52,0.08274000,1
1505855070,21877871,236.47,0.04889243,1
1505855070,21877870,236.47,1.80853757,1
1505855061,21877851,237.16,0.91952000,1
1505855060,21877849,237.15,0.08274000,0
1505855058,21877841,236.47,7.82645794,1
1505855058,21877838,236.48,3.52598600,1
1505855058,21877837,236.48,0.33680000,1
1505855058,21877836,236.50,4.98445606,1
1505855054,21877814,236.47,43.40268900,1
1505855054,21877813,236.48,4.00499600,1
1505855053,21877812,236.48,5.63000000,1
1505855049,21877802,236.47,0.33700000,1
1505855048,21877801,236.38,24.78221549,0
1505855048,21877799,236.38,0.80528451,0
1505855048,21877798,236.38,10.31370000,0
1505855047,21877796,236.38,10.31370000,0
1505855046,21877790,236.38,10.31370000,0
1505855046,21877787,236.38,10.31370000,0
1505855046,21877785,236.38,10.31370000,0
1505855035,21877772,236.40,3.34000000,1
1505855035,21877771,236.40,1.60873000,1
1505855035,21877770,236.40,3.74380300,1
1505855034,21877769,236.41,4.04872700,1
1505855025,21877762,236.42,5.21049600,1
1505855022,21877761,236.40,9.64746700,1
1505855022,21877760,236.40,13.60466600,1
1505855022,21877759,236.41,4.07504000,1
1505855020,21877758,236.40,1.39533400,1
1505855015,21877754,236.35,0.33700000,0
1505855015,21877753,236.34,2.20747000,1
1505855015,21877752,236.36,3.69000000,1
1505855015,21877751,236.36,4.10253000,1
1505855004,21877744,236.35,0.56619100,1
1505855004,21877743,236.41,4.66240000,1
1505855004,21877742,236.42,5.66240000,1
1505855004,21877741,236.42,3.65820300,1
1505855004,21877740,236.42,1.00419700,1
1505855004,21877739,236.42,4.66240000,1
1505855004,21877738,236.43,4.33340300,1
1505855002,21877735,236.43,9.31279100,1
1505854998,21877730,236.40,4.33728200,0
1505854997,21877729,236.40,10.33758000,1
1505854997,21877728,236.40,4.66242000,1
1505854997,21877727,236.42,1.00000000,1
1505854996,21877726,236.53,4.33758000,1
1505854955,21877700,236.36,5.11390000,1
1505854955,21877699,236.36,72.58610000,1
1505854950,21877697,236.34,14.29724706,1
1505854949,21877696,236.34,47.20888975,0
1505854948,21877695,236.33,0.23000000,0
1505854948,21877694,236.32,10.85000000,0
1505854941,21877693,236.33,2.51733485,1
1505854938,21877692,236.34,5.76195311,0
1505854937,21877691,236.33,0.32074000,1
1505854936,21877684,236.34,1.65156130,0
1505854932,21877679,236.33,0.33680000,1
1505854929,21877678,236.34,10.85000000,0
1505854928,21877677,236.36,4.06259584,1
1505854927,21877676,236.33,2.33860015,0
1505854927,21877675,236.33,0.34889185,1
1505854926,21877674,236.35,2.09528300,1
1505854926,21877673,236.36,1.00088000,1
1505854926,21877672,236.37,0.08274000,1
1505854925,21877671,236.35,2.19660000,0
1505854925,21877670,236.35,1.22580800,0
1505854925,21877669,236.35,0.33680000,0
1505854924,21877666,236.35,0.34890000,1
1505854924,21877665,236.36,0.34890000,1
1505854923,21877664,236.36,0.34890000,1
1505854917,21877657,236.33,0.12289185,0
1505854916,21877656,236.33,0.06873515,0
1505854916,21877655,236.33,0.15726485,0
1505854916,21877654,236.33,0.03436215,0
1505854916,21877653,236.33,0.19162700,0
1505854916,21877652,236.33,0.00001085,0
1505854914,21877651,236.33,0.03440000,0
1505854911,21877648,236.55,0.15721615,1
1505854910,21877647,236.55,0.19162684,1
1505854910,21877646,237.00,0.00000016,1
1505854910,21877645,237.00,2.62303500,1
1505854909,21877643,237.04,0.78201991,0
1505854909,21877642,237.03,0.27000000,1
1505854880,21877623,237.14,0.01726000,0
1505854880,21877621,237.11,0.08274000,0
1505854867,21877614,236.12,0.00000207,0
1505854864,21877608,236.12,0.13010000,0
1505854863,21877605,236.10,0.86236500,1
1505854863,21877604,236.10,0.33800000,1
1505854862,21877603,236.13,0.08274000,1
1505854856,21877593,236.10,2.68424900,1
1505854852,21877591,236.83,0.08274000,0
1505854851,21877590,237.11,0.08274000,1
1505854849,21877588,237.10,0.21196200,1
1505854849,21877587,237.10,14.78803800,1
1505854839,21877579,237.14,1.12362939,0
1505854837,21877578,237.14,0.10542295,1
1505854835,21877572,237.15,1.12358201,0
1505854832,21877566,237.15,3.57706093,0
1505854831,21877564,237.15,3.72601593,0
1505854829,21877553,237.07,0.05807506,0
1505854825,21877547,236.00,186.49638160,0
1505854824,21877545,236.00,250.00000000,0
1505854823,21877543,236.00,0.71686700,0
1505854823,21877542,235.99,0.39000000,0
1505854814,21877516,235.99,0.12089000,0
1505854814,21877514,235.99,0.26911000,0
1505854813,21877513,235.99,1.25000000,0
1505854788,21877457,235.69,4.00000000,0
1505854778,21877443,235.73,0.05001707,0
1505854736,21877424,235.72,0.33800000,0
1505854723,21877387,235.99,0.27000000,1
1505854723,21877386,235.99,0.10000000,1
1505854722,21877385,235.99,0.10000000,1
1505854714,21877382,236.00,0.10000000,0
1505854709,21877379,235.99,0.56000000,1
1505854704,21877376,236.00,3.59494293,0
1505854704,21877375,235.99,0.51654011,0
1505854703,21877370,235.99,0.14345989,0
1505854702,21877369,235.57,0.50000000,1
1505854646,21877350,236.00,0.67224000,0
1505854644,21877347,235.99,0.79000000,1
1505854624,21877315,236.00,5.46652542,0
1505854621,21877308,236.00,0.79580508,0
1505854621,21877307,235.99,0.97000000,0
1505854614,21877301,235.99,0.21114800,0
1505854613,21877298,235.45,8.18723200,1
1505854599,21877289,236.00,0.23000000,0
1505854595,21877287,236.00,1.07436440,0
1505854594,21877284,236.00,1.09308565,0
1505854593,21877282,236.00,3.63177966,0
1505854591,21877279,235.99,1.16000000,0
1505854585,21877273,235.92,0.11816424,1
1505854574,21877264,235.91,0.08274000,0
1505854563,21877257,236.00,14.35867909,0
1505854554,21877253,235.99,1.38000000,0
1505854546,21877249,235.89,1.00286071,0
1505854545,21877248,235.86,0.02362581,1
1505854535,21877245,235.99,1.64000000,0
1505854535,21877244,235.90,0.08274000,0
1505854514,21877236,235.99,0.14782000,0
1505854514,21877235,235.97,0.08274000,0
1505854504,21877226,235.32,0.00103130,1
1505854503,21877225,235.33,0.20522870,0
1505854502,21877223,235.33,0.08274000,1
1505854469,21877206,235.63,1.89795800,1
1505854469,21877205,235.64,9.38081200,1
1505854469,21877204,235.89,0.33800000,1
1505854469,21877202,236.00,0.25000000,1
1505854469,21877201,236.01,0.99749000,1
1505854469,21877200,236.04,0.08274000,1
1505854459,21877196,236.01,0.08274000,0
1505854438,21877191,236.00,0.00001692,0
1505854438,21877190,235.99,0.34000000,0
1505854435,21877185,236.00,0.53477374,0
1505854422,21877163,236.32,0.99614929,0
1505854421,21877162,236.12,10.59314500,1
1505854420,21877161,236.12,0.08274000,1
1505854420,21877160,236.12,1.97000000,1
1505854419,21877158,236.00,10.95274000,0
1505854418,21877156,236.00,249.91726000,0
1505854418,21877155,235.98,0.08274000,0
1505854417,21877154,236.00,239.13000000,0
1505854417,21877153,235.98,10.87000000,0
1505854413,21877152,234.65,1.36138500,1
1505854413,21877151,234.66,4.11000000,1
1505854413,21877150,234.66,0.08274000,1
1505854413,21877149,234.66,0.34000000,1
1505854405,21877147,234.64,6.23361201,1
1505854405,21877146,235.10,0.12760000,1
1505854405,21877145,235.11,0.60000000,1
1505854405,21877144,235.50,7.88174097,1
1505854405,21877143,235.50,15.00000000,1
1505854405,21877142,235.78,0.45000000,1
1505854405,21877141,235.90,5.00000000,1
1505854404,21877140,235.90,3.54837300,1
1505854404,21877139,235.95,0.22453005,1
1505854404,21877138,236.00,3.93686440,1
1505854404,21877137,236.00,0.23000991,1
1505854404,21877136,236.35,2.98000000,1
1505854404,21877135,236.38,15.00000000,1
1505854394,21877128,236.39,2.95301393,0
1505854392,21877120,236.38,0.33800000,0
1505854383,21877103,236.36,30.47985400,1
1505854382,21877102,236.36,21.63074600,1
1505854380,21877100,236.00,88.81206624,0
1505854380,21877098,235.99,1.41000000,0
1505854379,21877093,236.00,30.22458200,0
1505854379,21877092,236.00,250.00000000,0
1505854378,21877089,236.00,0.22931382,0
1505854378,21877088,236.00,21.73926000,0
1505854378,21877086,236.00,30.10100000,0
1505854377,21877083,236.00,1.00152000,0
1505854377,21877082,236.00,21.73907400,0
1505854377,21877081,236.00,1.59730000,0
1505854377,21877080,236.00,1.76270000,0
1505854376,21877079,236.00,2.85635194,1
1505854376,21877078,236.01,21.73906500,1
1505854376,21877077,236.01,21.73896700,1
1505854376,21877076,236.01,4.11000000,1
1505854376,21877075,236.07,0.33800000,1
1505854376,21877074,236.38,1.76270000,1
1505854376,21877073,236.38,0.24810000,1
1505854375,21877072,236.39,1.76270000,0
1505854375,21877071,236.39,1.76270000,0
1505854374,21877070,236.38,1.51460000,0
1505854374,21877069,236.38,0.08270000,0
1505854374,21877068,236.38,0.08270000,0
1505854369,21877066,236.36,0.08266000,1
1505854368,21877065,236.35,0.00004000,0
1505854368,21877064,236.35,0.08270000,0
1505854354,21877056,236.39,1.38154300,0
1505854347,21877053,236.39,0.75698805,0
1505854344,21877050,236.39,1.48284000,0
1505854337,21877043,236.30,0.11478000,1
1505854336,21877038,236.40,1.47994923,0
1505854335,21877029,236.40,3.22800419,0
1505854334,21877017,236.40,0.41784600,0
1505854330,21877014,236.29,0.08124000,1
1505854330,21877013,236.40,0.79092817,0
1505854330,21877012,236.39,0.83044883,0
1505854327,21877009,236.39,1.84955117,1
1505854324,21877008,236.40,2.76101500,0
1505854314,21877000,236.39,2.03217047,0
1505854314,21876999,236.38,0.33800000,0
1505854302,21876995,236.00,247.88152129,0
1505854301,21876991,236.00,8.96023871,0
1505854301,21876990,236.00,239.72024000,0
1505854301,21876989,235.95,10.27976000,0
1505854300,21876988,235.99,0.08124000,1
1505854299,21876985,236.04,0.33800000,1
1505854299,21876984,236.20,3.10000000,1
1505854284,21876972,236.39,2.96782953,0
1505854284,21876970,236.38,0.33800000,0
1505854275,21876958,236.40,14.77149500,0
1505854275,21876957,236.39,2.59000000,0
1505854275,21876956,236.38,0.99995000,0
1505854272,21876951,236.00,228.61005025,0
1505854271,21876950,236.00,250.00000000,0
1505854270,21876948,236.00,8.62955322,0
1505854270,21876947,236.00,3.02252077,0
1505854269,21876941,236.00,1.11872674,0
1505854269,21876939,235.99,0.08124000,0
1505854269,21876937,236.00,8.61914902,0
1505854267,21876934,235.92,3.89323500,1
1505854257,21876929,235.90,1.45162700,1
1505854257,21876927,236.08,0.33800000,1
1505854257,21876926,236.34,39.28442300,1
1505854256,21876925,236.36,0.99995000,1
1505854248,21876923,236.39,1.21458148,0
1505854247,21876917,236.40,5.37548018,0
1505854246,21876914,236.40,2.86187140,0
1505854245,21876913,236.46,0.08274000,1
1505854214,21876900,237.00,2.85703000,0
1505854213,21876899,236.89,0.99771000,0
1505854213,21876898,236.86,0.33800000,0
1505854205,21876885,236.87,0.25526000,0
1505854204,21876883,236.86,0.08274000,0
1505854203,21876880,236.34,4.11000000,1
1505854203,21876879,236.35,0.08274000,1
1505854196,21876876,236.91,7.39161735,0
1505854196,21876875,236.90,0.08274000,0
1505854172,21876862,236.37,6.80526000,1
1505854172,21876860,236.46,4.11000000,1
1505854172,21876859,236.47,0.08274000,1
1505854165,21876845,236.38,2.94930901,1
1505854165,21876844,236.40,5.00000000,1
1505854165,21876843,236.41,0.35195099,1
1505854165,21876842,236.43,4.11000000,1
1505854165,21876840,236.45,0.08274000,1
1505854164,21876837,236.41,39.73617001,1
1505854163,21876836,236.42,0.33800000,1
1505854163,21876835,236.43,0.33650000,1
1505854163,21876834,236.43,4.11000000,1
1505854163,21876833,236.44,2.16532999,1
1505854163,21876831,236.45,10.87000000,1
1505854144,21876810,236.35,9.58455000,1
1505854132,21876802,236.78,0.08274000,0
1505854123,21876786,237.01,0.99771000,1
1505854113,21876785,237.50,0.51259800,0
1505854090,21876773,237.50,13.01652900,1
1505854089,21876771,237.50,2.85808749,0
1505854082,21876762,237.78,4.44839767,0
1505854078,21876757,237.79,58.85752941,0
1505854078,21876756,237.79,0.34904916,0
1505854078,21876755,237.72,0.22988505,0
1505854078,21876754,237.72,0.16000000,0
1505854078,21876753,237.71,3.27000000,0
1505854077,21876752,237.64,13.23035300,0
1505854077,21876751,237.41,0.99602645,0
1505854033,21876730,237.42,0.34952900,0
1505854033,21876729,237.42,0.34952900,0
1505854033,21876728,237.42,0.34952900,0
1505854032,21876727,237.37,0.08274000,0
1505854021,21876723,236.21,5.90030700,1
1505854021,21876721,236.22,0.48000000,1
1505854021,21876720,236.22,2.41000000,1
1505854021,21876719,236.27,40.60791000,1
1505854021,21876718,236.27,0.08274000,1
1505854011,21876702,237.72,3.43393350,1
1505854011,21876701,237.72,10.81000000,1
1505854010,21876700,237.72,3.35000000,0
1505854010,21876699,237.72,0.08274000,0
1505854002,21876697,236.16,3.98000000,0
1505854002,21876696,236.15,39.76600000,0
1505854002,21876695,235.94,6.47214100,0
1505854001,21876693,235.94,36.01397000,1
1505854001,21876692,235.94,6.47214100,1
1505854000,21876691,236.15,10.20000000,0
1505853996,21876689,236.17,1.70046500,0
1505853984,21876666,236.18,1.38688600,0
1505853959,21876611,236.21,5.19602645,0
1505853954,21876609,236.23,0.29200000,0
1505853945,21876606,236.23,0.34904600,0
1505853939,21876590,236.25,13.78409884,0
1505853939,21876589,236.24,0.00003200,0
1505853939,21876588,236.23,0.08274000,0
1505853933,21876582,236.24,0.33696800,0
1505853931,21876580,236.25,0.25427000,0
1505853931,21876579,236.21,0.08274000,0
1505853902,21876552,235.91,1.22574967,1
1505853902,21876551,236.20,0.07072300,1
1505853902,21876550,236.27,0.25662994,1
1505853898,21876548,236.30,43.34368900,0
1505853898,21876547,236.29,0.33800000,0
1505853893,21876539,236.27,1.50153300,1
1505853893,21876537,236.32,0.25663000,1
1505853885,21876524,236.31,1.84090300,1
1505853884,21876523,236.31,27.17740700,1
1505853884,21876522,236.32,0.08274000,1
1505853880,21876521,236.27,0.26471583,1
1505853880,21876520,236.28,0.15000000,1
1505853879,21876519,236.31,11.90288483,1
1505853879,21876518,236.31,2.17287800,1
1505853879,21876517,236.31,0.91726000,1
1505853879,21876516,236.32,0.08274000,1
1505853878,21876515,236.66,0.25606355,1
1505853877,21876514,236.60,0.08274000,1
1505853876,21876512,236.60,0.08274000,0
1505853874,21876505,236.31,1.88844217,1
1505853839,21876466,236.31,15.00000000,1
1505853838,21876465,236.31,1.00000000,1
1505853826,21876454,236.31,1.93712100,1
1505853815,21876451,236.35,2.01553428,1
1505853815,21876450,236.36,0.15734472,1
1505853790,21876429,236.31,11.24899500,1
1505853790,21876428,236.33,1.93712100,1
1505853790,21876427,236.33,2.17287900,1
1505853787,21876426,236.34,29.61193636,1
1505853787,21876425,236.34,4.20952864,1
1505853774,21876413,236.34,1.69216100,1
1505853753,21876409,236.28,2.93357584,1
1505853753,21876408,236.41,0.34904916,1
1505853753,21876407,236.88,0.80946500,1
1505853752,21876406,236.88,4.72183900,1
1505853752,21876405,236.88,4.73781700,1
1505853752,21876404,236.88,2.02287900,1
1505853750,21876403,236.88,2.70800000,1
1505853734,21876387,236.27,1.11719826,1
1505853734,21876386,236.31,0.46452874,1
1505853729,21876378,236.32,2.02287900,1
1505853725,21876377,236.32,1.11719800,1
1505853718,21876375,236.31,0.65266957,1
1505853718,21876374,236.31,2.48740743,1
1505853718,21876373,236.31,41.07095800,1
1505853718,21876372,236.32,3.17000000,1
1505853700,21876344,236.31,3.51526857,1
1505853700,21876343,236.31,0.35192919,1
1505853700,21876342,236.32,1.36036224,1
1505853677,21876309,236.47,37.09027400,1
1505853677,21876308,236.47,0.33800000,1
1505853673,21876305,236.46,6.51296700,1
1505853673,21876304,236.46,2.68453049,1
1505853673,21876303,236.46,0.73546951,1
1505853655,21876278,236.42,10.57544000,1
1505853632,21876264,236.38,46.60000000,0
1505853631,21876262,236.39,0.99546000,0
1505853631,21876261,236.39,0.08274000,0
1505853630,21876259,236.39,3.78000000,1
1505853630,21876257,236.40,0.33700000,1
1505853630,21876256,236.41,1.46615006,1
1505853630,21876255,236.42,0.34903442,1
1505853621,21876247,236.89,0.08274000,0
1505853621,21876246,236.89,0.08239524,1
1505853621,21876245,236.90,0.07115374,1
1505853621,21876244,236.90,0.41754905,1
1505853620,21876243,236.91,0.25402051,1
1505853620,21876240,237.33,0.46415936,1
1505853620,21876239,237.33,1.82981293,1
1505853620,21876238,237.33,0.91189020,1
1505853618,21876235,237.33,0.33690000,1
1505853615,21876232,237.00,0.24192454,0
1505853615,21876231,236.90,0.65867095,0
1505853614,21876228,236.88,0.00041370,0
1505853614,21876227,236.89,0.08232630,1
1505853613,21876225,236.90,0.33480905,0
1505853612,21876224,236.89,0.08274000,0
1505853607,21876218,236.36,0.70000000,1
1505853601,21876199,236.30,0.33690000,1
1505853600,21876196,236.29,9.51251137,0
1505853600,21876195,236.29,2.99000000,1
1505853600,21876194,236.83,0.25582857,1
1505853599,21876193,236.84,0.16710138,1
1505853553,21876167,237.48,0.75327758,0
1505853553,21876166,236.97,0.35514759,0
1505853544,21876159,236.84,7.81824287,0
1505853536,21876152,236.98,0.08274000,0
1505853534,21876151,237.06,0.35054416,1
1505853534,21876149,237.50,5.00000000,1
1505853529,21876142,237.55,0.49395802,1
1505853529,21876141,237.55,4.50604198,1
1505853528,21876140,237.55,0.49395802,1
1505853524,21876136,237.55,1.05129168,1
1505853509,21876126,237.55,3.00000000,1
1505853506,21876124,237.55,0.45475030,1
1505853495,21876121,237.58,5.00000000,1
1505853495,21876120,237.58,3.76833000,1
1505853462,21876090,237.60,0.08274000,1
1505853446,21876082,237.86,0.04198970,0
1505853442,21876071,237.58,0.10000000,1
1505853438,21876070,237.58,1.13167000,1
1505853438,21876069,237.59,0.08274000,1
1505853438,21876068,237.60,0.08274000,1
1505853409,21876050,237.80,0.81667168,1
1505853406,21876045,237.80,0.06914000,1
1505853385,21876034,237.80,0.08274000,1
1505853367,21876030,238.32,25.56587781,0
1505853360,21876025,238.37,0.33578050,1
1505853360,21876024,238.36,0.08274000,1
1505853358,21876023,237.51,0.99999900,1
1505853348,21876022,237.51,3.48855688,1
1505853348,21876021,237.52,0.08274000,1
1505853346,21876019,238.41,9.09526137,0
1505853334,21876018,238.47,3.86000000,0
1505853333,21876017,237.57,0.08274000,0
1505853333,21876016,237.51,0.08274000,0
1505853317,21876012,237.39,1.81997801,0
1505853317,21876011,237.39,4.61731962,0
1505853317,21876010,237.39,3.98308121,0
1505853316,21876006,237.39,3.46470011,0
1505853316,21876004,237.39,0.34942499,0
1505853313,21875998,237.39,0.35057277,0
1505853313,21875997,237.39,0.26462388,0
1505853312,21875994,237.39,0.35765300,0
1505853311,21875992,237.39,0.34933579,0
1505853310,21875984,237.39,5.09828525,0
1505853310,21875982,237.06,15.13686475,0
1505853299,21875971,237.52,0.26718433,0
1505853298,21875970,237.43,0.08274000,0
1505853277,21875960,236.36,4.29614278,1
1505853277,21875959,236.94,0.08062972,1
1505853277,21875958,237.18,0.08062972,1
1505853276,21875957,237.53,1.31259778,1
1505853273,21875955,237.53,3.21423200,1
1505853272,21875954,237.53,0.47317022,1
1505853272,21875953,237.53,4.99999978,1
1505853261,21875948,237.56,0.41725000,0
1505853260,21875947,237.53,0.00000022,1
1505853260,21875946,237.56,1.86850778,1
1505853256,21875943,237.58,0.08274000,0
1505853244,21875933,237.56,3.13149222,1
1505853244,21875932,237.80,4.16713778,1
1505853242,21875931,237.80,0.63817322,1
1505853241,21875926,237.83,1.78821584,1
1505853241,21875924,237.83,2.51178416,1
1505853241,21875922,237.86,2.29352684,1
1505853240,21875921,237.86,2.70647316,1
1505853240,21875920,237.86,2.29352684,1
1505853230,21875913,237.86,2.70647316,1
1505853209,21875862,237.82,0.70000000,0
1505853208,21875859,237.80,0.19468900,1
1505853196,21875856,237.90,4.00289000,1
1505853195,21875854,237.90,0.99711000,1
1505853195,21875853,237.90,3.11289000,1
1505853182,21875831,237.90,0.88711000,1
1505853182,21875830,237.91,0.08274000,1
1505853173,21875801,238.23,2.95824287,1
1505853173,21875800,238.23,4.86000000,0
1505853112,21875706,237.81,4.19457780,1
1505853102,21875702,238.43,0.52568672,0
1505853083,21875684,238.47,1.94837925,1
1505853082,21875682,237.99,0.08274000,0
1505853082,21875681,237.98,0.08274000,0
1505853077,21875676,238.00,0.08000000,1
1505853070,21875661,238.10,0.99348000,0
1505853066,21875658,238.10,0.08274000,0
1505853065,21875656,238.10,0.70000000,1
1505853065,21875655,238.11,0.08274000,1
1505853054,21875639,238.65,3.57129688,0
1505853044,21875632,238.00,0.72000000,1
1505853031,21875625,238.82,0.34563199,0
1505853017,21875608,238.00,0.70000000,0
1505853017,21875607,238.00,7.63062761,0
1505853017,21875606,238.00,0.13000000,0
1505853017,21875605,238.00,0.25205192,0
1505853017,21875604,237.74,0.34912234,0
1505853016,21875603,237.36,4.11000000,0
1505853002,21875574,237.21,0.24334000,1
1505853002,21875571,237.21,0.24870000,1
1505853002,21875569,237.21,0.24870000,1
1505853002,21875567,237.21,0.16600000,1
1505853002,21875565,237.21,0.08326000,1
1505853000,21875560,237.21,0.08274000,1
1505852998,21875558,237.13,0.08272484,0
1505852998,21875557,237.13,0.08326000,0
1505852998,21875556,237.12,0.08274000,0
1505852996,21875555,236.72,1.90220406,1
1505852992,21875550,236.71,2.21801970,1
1505852991,21875549,236.71,0.54000000,1
1505852991,21875548,237.17,2.71000000,1
1505852986,21875544,237.41,4.20159218,0
1505852979,21875527,237.20,4.11000000,1
1505852978,21875526,237.17,0.56017900,1
1505852978,21875525,237.18,1.91932100,1
1505852978,21875524,237.19,6.02930000,1
1505852977,21875523,237.19,6.02930000,1
1505852977,21875522,237.19,6.02930000,1
1505852977,21875521,237.19,1.91930000,1
1505852976,21875514,237.19,4.11000000,1
1505852975,21875511,237.42,1.33487906,0
1505852975,21875510,237.20,2.19070000,1
1505852975,21875508,237.20,1.91930000,1
1505852974,21875504,237.42,0.53479066,0
1505852973,21875498,237.20,4.11000000,1
1505852971,21875493,237.13,4.10997900,0
1505852970,21875492,237.13,0.00002100,0
1505852970,21875491,237.13,1.91927900,0
1505852966,21875473,237.15,0.08274000,1
1505852964,21875470,237.13,23.02226000,1
1505852964,21875469,237.14,0.08274000,1
1505852959,21875458,237.12,0.00000522,0
1505852952,21875445,236.53,0.99000000,1
1505852951,21875443,237.00,0.07000000,1
1505852946,21875438,237.00,0.63000000,1
1505852924,21875392,237.12,0.35003400,0
1505852908,21875358,236.98,10.22052000,1
1505852906,21875349,236.91,0.35035070,0
1505852906,21875346,236.90,0.33800000,0
1505852895,21875311,236.42,0.33800000,1
1505852886,21875268,236.51,0.08273606,1
1505852885,21875266,236.51,1.89080394,0
1505852882,21875252,236.51,2.95547756,0
1505852877,21875228,236.20,0.40927700,1
1505852869,21875207,235.89,0.45544988,1
1505852869,21875206,235.90,0.08274000,1
1505852866,21875195,235.88,0.11495000,1
1505852862,21875190,235.72,0.08274000,1
1505852861,21875187,236.00,5.00000000,0
1505852861,21875186,235.90,0.70000000,0
1505852861,21875185,235.86,0.11495000,0
1505852861,21875184,235.73,1.00063000,0
1505852861,21875183,235.72,0.08274000,0
1505852842,21875156,235.73,0.53665732,0
1505852842,21875155,235.73,3.62000000,0
1505852834,21875138,234.64,84.98378484,0
1505852833,21875131,234.64,3.00000000,0
1505852832,21875128,234.64,2.26365496,0
1505852832,21875126,234.64,1.68039283,0
1505852831,21875122,234.64,7.98942737,0
1505852830,21875121,234.64,0.08274000,1
1505852823,21875118,234.63,0.11495000,1
1505852783,21875068,234.56,0.11513000,1
1505852755,21875041,235.80,1.04044936,0
1505852755,21875040,235.80,0.59559813,0
1505852754,21875039,235.45,0.33930000,0
1505852754,21875037,235.30,0.80000000,0
1505852752,21875034,235.26,0.08274000,0
1505852742,21875020,234.53,0.03239000,1
1505852742,21875019,234.60,0.08274000,1
1505852711,21874985,234.52,1.04622178,1
1505852706,21874981,233.99,33.03514384,1
1505852706,21874979,234.00,1.26000000,1
1505852706,21874978,234.00,0.20000000,1
1505852706,21874977,234.09,0.08062972,1
1505852706,21874976,234.10,0.25000000,1
1505852705,21874975,234.77,1.68294444,1
1505852705,21874974,234.77,0.27040500,1
1505852705,21874973,234.80,0.22435000,1
1505852700,21874966,234.80,0.11495000,1
1505852688,21874957,234.78,9.03725983,1
1505852688,21874956,234.78,0.28000000,1
1505852688,21874955,234.79,0.35000000,1
1505852688,21874954,234.87,1.90640517,1
1505852687,21874953,235.20,1.00063000,1
1505852687,21874952,235.20,1.41000000,1
1505852667,21874941,235.19,0.03239000,1
1505852667,21874940,235.20,0.08274000,1
1505852660,21874937,235.14,0.14102235,0
1505852660,21874936,235.13,0.08274000,0
1505852660,21874935,234.78,0.11513000,1
1505852659,21874933,235.14,0.80000000,0
1505852659,21874931,235.14,0.88436000,0
1505852657,21874929,235.14,0.88612789,0
1505852657,21874928,235.14,0.20574976,0
1505852655,21874926,235.13,0.08274000,1
1505852625,21874870,235.13,2.02098757,0
1505852620,21874865,235.09,0.11511000,1
1505852615,21874857,235.08,0.03239000,1
1505852614,21874855,235.08,0.96853000,0
1505852613,21874854,235.01,2.97109648,0
1505852590,21874837,234.90,0.30000000,1
1505852577,21874818,234.89,0.11513000,1
1505852536,21874769,234.78,0.03239000,1
1505852535,21874768,234.83,0.08274000,1
1505852526,21874760,234.77,0.23179500,1
1505852526,21874759,234.80,0.08274000,1
1505852519,21874748,235.05,0.03239000,0
1505852518,21874747,235.04,0.08274000,0
1505852498,21874735,234.78,0.11513000,1
1505852483,21874687,235.06,0.25079186,1
1505852483,21874686,235.06,0.08274000,0
1505852461,21874673,235.13,0.21208642,0
1505852455,21874668,234.87,0.03539113,1
1505852455,21874667,235.12,0.07973887,1
1505852451,21874664,235.14,0.08274000,1
1505852450,21874662,236.00,1.30501700,0
1505852418,21874636,235.12,0.08274000,1
1505852417,21874633,235.12,0.00007642,0
1505852417,21874632,235.12,2.97189358,0
1505852414,21874630,234.86,0.89669475,0
1505852413,21874629,234.88,1.75000000,1
1505852412,21874627,234.86,0.11511000,1
1505852411,21874624,234.86,4.46476136,1
1505852411,21874622,234.87,2.85769341,1
1505852411,21874621,235.53,0.35035070,1
1505852411,21874620,235.80,2.96988753,1
1505852404,21874579,235.80,0.00120895,1
1505852404,21874577,235.99,1.72260105,1
1505852394,21874547,235.99,5.04678000,1
1505852394,21874546,236.00,3.58000000,1
1505852393,21874545,235.99,1.85136522,1
1505852393,21874544,236.00,1.00092000,1
1505852385,21874530,235.99,11.91388601,1
1505852385,21874529,236.00,0.08274000,1
1505852380,21874525,235.88,0.12034235,0
1505852371,21874498,235.93,2.24108845,0
1505852371,21874497,235.92,0.11511000,1
1505852370,21874492,235.49,0.08274000,0
1505852353,21874459,235.92,0.70000000,0
1505852351,21874452,235.04,3.59999980,1
1505852350,21874451,235.04,0.00000020,0
1505852350,21874450,235.04,4.87764800,0
1505852350,21874449,235.04,14.47451000,0
1505852348,21874446,235.04,0.39000000,0
1505852347,21874445,235.92,0.02756949,1
1505852342,21874435,235.92,1.05294168,1
1505852327,21874408,235.01,0.11507000,1
1505852313,21874371,234.96,0.50426453,1
1505852312,21874370,234.98,0.08274000,1
1505852286,21874346,234.98,0.11478000,1
1505852261,21874313,234.93,1.50000000,1
1505852249,21874304,234.88,0.11507000,1
1505852245,21874301,234.91,1.56836200,1
1505852237,21874292,236.72,2.04437385,0
1505852224,21874277,234.77,0.11458240,0
1505852224,21874275,234.77,4.11000000,0
1505852223,21874273,235.74,0.35003922,1
1505852223,21874271,236.21,0.34912234,1
1505852219,21874263,236.69,3.02238057,1
1505852218,21874261,236.66,0.85000000,0
1505852218,21874260,236.64,0.33750000,0
1505852218,21874259,236.28,0.08274000,0
1505852218,21874258,236.27,0.99978000,0
1505852218,21874257,236.26,1.97513943,0
1505852216,21874254,236.26,2.27486057,0
1505852216,21874253,236.21,0.35139296,0
1505852212,21874236,233.33,25.00000000,1
1505852211,21874235,234.00,2.00000000,1
1505852211,21874234,234.00,0.50000000,1
1505852211,21874233,234.03,1.00000000,1
1505852211,21874232,234.17,0.46000000,1
1505852211,21874231,234.48,0.56720000,1
1505852211,21874230,234.51,0.03000000,1
1505852211,21874229,234.57,1.28592634,1
1505852210,21874228,234.66,0.16107321,1
1505852210,21874227,234.73,9.03838452,1
1505852210,21874226,234.83,0.35139296,1
1505852210,21874224,235.00,0.58641739,1
1505852199,21874216,234.84,0.58649615,0
1505852198,21874215,235.00,0.05000000,1
1505852198,21874213,235.00,0.06350385,1
1505852198,21874212,235.00,0.58872341,1
1505852198,21874211,235.00,1.00000000,1
1505852198,21874210,235.00,2.25527659,1
1505852198,21874209,235.00,0.15600000,1
1505852198,21874208,235.00,0.84400000,1
1505852192,21874198,235.00,0.25000000,1
1505852192,21874197,235.00,1.00000000,1
1505852191,21874196,235.00,2.00000000,1
1505852191,21874195,235.00,1.00000000,1
1505852191,21874194,235.00,5.24362404,1
1505852191,21874192,235.00,4.25999953,1
1505852191,21874191,235.11,6.12492969,1
1505852191,21874190,235.11,0.22000000,1
1505852191,21874189,235.30,3.41589577,1
1505852191,21874188,235.37,0.44000000,1
1505852190,21874187,235.37,2.20000000,1
1505852190,21874186,235.37,3.99505000,1
1505852189,21874185,235.37,0.11495000,1
1505852150,21874163,235.30,2.16695000,1
1505852149,21874162,235.31,50.00000000,1
1505852149,21874161,235.32,2.43000000,1
1505852149,21874160,235.74,1.14205000,1
1505852149,21874159,235.74,0.11495000,1
1505852133,21874156,235.74,3.24300000,1
1505852133,21874155,235.75,50.00000000,1
1505852133,21874154,235.75,4.11000000,1
1505852121,21874136,235.75,3.94262052,1
1505852121,21874135,235.76,0.33750000,1
1505852121,21874134,235.82,0.08459842,1
1505852121,21874133,235.83,1.00529798,1
1505852121,21874132,236.00,0.05000000,1
1505852120,21874131,236.00,0.64298308,1
1505852101,21874106,236.00,2.75201692,1
1505852101,21874105,236.00,5.00000000,1
1505852100,21874104,236.11,0.10000000,1
1505852100,21874103,236.30,5.60198308,1
1505852072,21874078,236.63,0.05058530,0
1505852071,21874074,236.30,0.11478000,1
1505852057,21874063,236.30,0.40816661,1
1505852008,21873979,236.32,0.01037745,1
1505852006,21873978,236.51,0.03000000,1
1505851995,21873972,236.71,2.14525345,1
1505851994,21873971,236.72,4.57653900,1
1505851994,21873970,236.73,0.99978000,1
1505851994,21873969,236.74,0.08274000,0
1505851992,21873968,236.74,0.08274000,1
1505851987,21873960,237.12,4.37124662,0
1505851987,21873959,237.11,0.99814600,0
1505851987,21873958,237.11,5.58167700,0
1505851986,21873955,237.09,0.08274000,1
1505851985,21873952,237.09,9.91880900,1
1505851985,21873951,237.09,0.08274000,0
1505851985,21873950,236.72,4.17346100,1
1505851963,21873929,236.72,1.25000000,1
1505851911,21873899,236.78,0.50000000,1
1505851902,21873892,236.78,0.76304121,1
1505851902,21873889,236.79,0.04210482,1
1505851901,21873888,236.80,0.19485397,1
1505851852,21873852,237.06,2.50000000,1
1505851836,21873839,237.06,1.00000000,1
1505851821,21873836,237.06,1.50000000,1
1505851816,21873830,237.26,0.35185029,1
1505851815,21873827,237.05,0.19485397,0
1505851814,21873822,237.05,2.75372446,0
1505851812,21873817,237.00,6.83700000,1
1505851797,21873813,237.00,9.55112775,1
1505851797,21873812,237.00,6.16693589,1
1505851797,21873811,237.00,6.00000000,1
1505851797,21873810,237.00,0.40000000,1
1505851796,21873809,237.00,1.00000000,1
1505851796,21873808,237.00,0.08000000,1
1505851796,21873807,237.00,0.80000000,1
1505851796,21873806,237.00,0.31073036,1
1505851796,21873805,237.01,2.95000000,1
1505851796,21873804,237.05,3.00000000,1
1505851796,21873803,237.06,2.11000000,1
1505851769,21873777,237.06,0.02618182,0
1505851767,21873776,237.30,0.92811091,0
1505851760,21873765,237.29,1.20694800,0
1505851743,21873744,237.01,0.50000000,1
1505851736,21873737,237.00,1.79897434,1
1505851735,21873735,237.02,15.00000000,1
1505851735,21873734,237.03,3.31000000,1
1505851735,21873733,237.20,13.85501686,1
1505851735,21873732,237.35,0.67572726,1
1505851731,21873726,237.35,0.11779192,1
1505851719,21873714,237.35,0.58170900,1
1505851710,21873698,237.35,1.63603000,1
1505851677,21873636,237.36,0.11478000,1
1505851641,21873603,237.35,4.08786264,1
1505851641,21873602,237.50,0.14000000,1
1505851641,21873601,237.52,2.50105436,1
1505851638,21873599,237.54,0.00002000,1
1505851638,21873598,237.54,4.88520000,1
1505851629,21873584,237.54,0.11478000,1
1505851605,21873535,237.52,0.49894564,1
1505851604,21873533,237.55,5.00000000,1
1505851604,21873532,237.56,5.83000000,1
1505851604,21873531,237.56,9.76505436,1
1505851591,21873509,237.52,2.00000000,1
1505851588,21873506,237.70,1.77744200,1
1505851588,21873505,237.70,1.00000000,1
1505851586,21873503,237.93,1.23076818,1
1505851585,21873502,237.93,0.02695468,0
1505851553,21873458,237.94,0.03504532,1
1505851551,21873454,237.95,5.00000000,0
1505851540,21873429,237.95,0.44028154,0
1505851539,21873428,237.95,5.00000000,1
1505851519,21873404,238.00,2.23725000,1
1505851519,21873403,238.00,10.00000000,1
1505851519,21873402,238.00,1.00000000,1
1505851519,21873401,238.01,3.42000000,1
1505851519,21873400,238.10,9.75069808,1
1505851513,21873386,238.10,0.24930192,1
1505851513,21873385,238.20,0.10164508,1
1505851510,21873378,238.20,0.98414100,1
1505851498,21873350,238.20,1.00071000,1
1505851497,21873349,238.20,7.91350392,1
1505851497,21873348,238.22,2.10026008,1
1505851494,21873346,238.22,4.03952400,1
1505851493,21873343,238.23,4.85826715,0
1505851492,21873342,238.23,1.11769185,1
1505851492,21873341,238.23,2.10026000,1
1505851492,21873339,238.23,1.78204815,1
1505851492,21873337,238.23,0.97595878,1
1505851476,21873311,238.23,1.02902000,1
1505851471,21873295,238.23,2.11566134,1
1505851467,21873290,238.23,0.44076900,1
1505851467,21873289,238.23,0.43859088,1
1505851465,21873283,238.22,0.64657060,1
1505851457,21873278,238.22,0.28628126,1
1505851446,21873263,238.22,0.10879606,1
1505851445,21873258,238.22,2.81856800,1
1505851442,21873249,238.23,0.33141900,1
1505851442,21873246,238.23,3.46858100,1
1505851402,21873178,238.21,1.09252168,1
1505851402,21873175,238.21,2.16041883,1
1505851402,21873174,238.22,0.00001649,1
1505851397,21873167,238.22,4.10998351,1
1505851397,21873166,238.22,0.00003576,1
1505851393,21873161,238.22,4.10996424,0
1505851391,21873157,238.21,0.83958117,1
1505851364,21873117,238.25,0.55601000,1
1505851363,21873113,238.25,9.44399000,1
1505851270,21872953,238.60,0.89470300,1
1505851267,21872949,238.60,0.99915000,1
1505851267,21872948,238.62,0.08274000,1
1505851220,21872901,238.60,7.52545400,1
1505851220,21872899,238.65,8.97954600,1
1505851203,21872880,238.65,1.02045400,1
1505851203,21872879,238.66,0.47125000,1
1505851203,21872878,238.70,0.08274000,1
1505851161,21872858,239.22,7.29101267,0
1505851151,21872854,239.33,0.33500000,0
1505851145,21872851,238.70,0.52689600,1
1505851144,21872849,239.13,0.06200000,1
1505851142,21872845,238.60,0.34700300,1
1505851142,21872836,238.60,0.23369000,1
1505851142,21872833,238.69,0.33500000,1
1505851141,21872830,238.72,0.08274000,1
1505851141,21872829,239.36,1.46000000,0
1505851126,21872811,239.49,8.00037600,1
1505851117,21872805,240.11,8.00037649,0
1505851117,21872804,240.11,0.36000000,0
1505851116,21872803,239.81,1.58085624,0
1505851116,21872802,239.76,0.06039896,0
1505851116,21872801,239.75,1.80000000,0
1505851115,21872799,239.52,0.50000000,0
1505851115,21872798,239.50,2.21922216,0
1505851114,21872797,239.20,7.90022500,0
1505851114,21872796,239.17,4.10533331,0
1505851114,21872795,238.68,0.06655879,0
1505851112,21872791,238.65,0.08274000,0
1505851093,21872779,238.74,0.93137224,0
1505851091,21872778,238.69,0.08274000,0
1505851005,21872736,238.49,0.43078000,1
1505851005,21872735,238.52,0.08274000,1
1505850955,21872650,237.85,0.05258443,0
1505850955,21872649,237.88,0.62000000,1
1505850954,21872648,238.40,0.11281879,1
1505850954,21872647,238.45,0.08274000,1
1505850950,21872644,239.01,0.42985649,0
1505850943,21872623,238.40,0.55756121,1
1505850919,21872594,239.10,0.43099121,0
1505850918,21872593,238.39,0.08274000,1
1505850892,21872564,237.71,0.32662752,1
1505850892,21872563,237.83,0.09063248,1
1505850891,21872560,237.87,0.08274000,1
1505850788,21872442,238.93,0.00004185,0
1505850787,21872441,238.91,6.35541975,1
1505850749,21872411,239.08,0.15000000,0
1505850735,21872393,239.09,0.31884522,0
1505850727,21872385,239.02,0.85540808,0
1505850727,21872384,239.00,0.80000000,0
1505850724,21872371,238.91,0.08274000,1
1505850724,21872370,238.91,0.99394000,0
1505850715,21872367,238.90,0.08274000,0
1505850714,21872364,238.92,2.03000000,0
1505850709,21872350,237.60,2.06989422,0
1505850709,21872349,237.59,0.33480000,0
1505850708,21872347,237.60,0.23027110,0
1505850707,21872344,237.60,1.36216329,0
1505850707,21872339,237.60,1.36290800,0
1505850707,21872338,237.60,4.65377100,0
1505850707,21872337,237.60,1.44821004,0
1505850705,21872329,237.60,0.08274000,0
1505850704,21872328,237.77,0.66000000,1
1505850704,21872327,237.78,3.44000000,1
1505850704,21872326,237.86,4.53636637,1
1505850704,21872325,237.94,0.33480000,1
1505850704,21872324,237.98,0.35311208,1
1505850692,21872316,237.95,0.29214500,1
1505850650,21872284,238.00,1.59969500,1
1505850650,21872283,238.02,2.10000000,1
1505850650,21872282,238.03,0.08274000,1
1505850610,21872260,238.39,0.04370988,1
1505850609,21872258,238.38,0.08274000,1
1505850608,21872257,238.38,0.08274000,0
1505850592,21872245,238.43,0.15942000,1
1505850590,21872244,238.44,0.50072610,1
1505850578,21872234,238.43,0.84058000,1
1505850578,21872233,238.50,0.07668000,1
1505850578,21872232,238.55,0.08274000,1
1505850559,21872216,238.47,0.91726000,1
1505850559,21872215,238.52,0.08274000,1
1505850552,21872214,239.08,0.65117504,0
1505850552,21872213,239.08,0.35008496,0
1505850464,21872169,238.68,1.82560689,0
1505850464,21872168,238.68,0.17439311,0
1505850414,21872125,238.68,1.80560689,0
1505850414,21872123,238.68,0.07502827,0
1505850411,21872122,238.68,1.00000000,0
1505850411,21872121,238.68,0.70497173,0
1505850411,21872119,238.68,0.35000000,0
1505850411,21872118,238.68,1.97793827,0
1505850410,21872117,238.67,0.08274000,0
1505850410,21872116,238.67,0.99308000,0
1505850398,21872095,238.69,0.35206173,1
1505850392,21872085,238.73,1.78000000,1
1505850387,21872078,238.77,0.48545900,1
1505850381,21872075,238.81,0.08274000,1
1505850379,21872073,238.77,0.51454100,1
1505850379,21872072,238.78,0.99308000,1
1505850379,21872071,239.06,0.35237900,1
1505850378,21872069,239.07,1.86079390,0
1505850343,21872046,238.81,0.00293033,1
1505850343,21872045,239.00,2.08554551,1
1505850312,21872022,239.50,0.20126000,0
1505850275,21871999,239.50,0.00012526,1
1505850275,21871997,239.50,0.49987474,1
1505850224,21871903,239.76,0.28578578,0
1505850223,21871902,239.64,0.34635876,0
1505850223,21871901,239.64,4.11000000,1
1505850223,21871900,239.63,0.91000000,1
1505850223,21871899,239.10,0.35549236,0
1505850222,21871898,239.01,3.98598386,0
1505850222,21871897,239.00,4.11000000,1
1505850222,21871896,239.00,2.66000000,1
1505850220,21871894,239.00,4.11000000,0
1505850216,21871880,239.00,2.66282323,0
1505850216,21871879,239.00,0.00012552,0
1505850215,21871877,238.99,7.60475335,1
1505850214,21871875,238.99,0.33688700,0
1505850205,21871869,239.00,0.13705125,0
1505850205,21871868,239.00,0.08020875,0
1505850205,21871867,238.98,0.50000000,0
1505850205,21871866,238.87,0.08274000,0
1505850093,21871668,238.97,1.73237340,0
1505850093,21871667,238.95,2.76600000,0
1505850092,21871666,238.93,0.92827804,0
1505850092,21871665,238.92,0.99253000,0
1505850090,21871663,238.91,0.08274000,0
1505850060,21871625,237.83,0.22411563,1
1505850059,21871624,238.36,0.34618474,1
1505850059,21871622,238.50,0.33896845,1
1505849995,21871568,238.50,3.00000000,1
1505849994,21871564,238.51,0.08274000,0
1505849992,21871563,238.51,0.99253000,1
1505849992,21871562,238.53,0.08274000,1
1505849991,21871561,238.53,1.39789200,1
1505849985,21871558,238.99,1.42363000,0
1505849983,21871557,238.84,0.08274000,0
1505849951,21871521,238.99,0.40366000,0
1505849949,21871520,238.20,1.66103155,0
1505849907,21871490,238.20,2.00000000,0
1505849888,21871468,238.20,1.08879093,0
1505849859,21871429,238.20,0.25017752,0
1505849858,21871426,238.20,10.00000000,0
1505849845,21871394,238.05,0.40030500,1
1505849845,21871393,238.07,0.08274000,1
1505849808,21871315,238.99,4.09739487,0
1505849807,21871314,238.99,6.61000000,0
1505849807,21871313,238.99,1.03000000,0
1505849754,21871285,238.93,1.04369481,0
1505849710,21871249,238.97,6.54213326,1
1505849709,21871248,238.87,0.40853000,0
1505849668,21871219,238.49,0.58342000,0
1505849667,21871216,238.48,0.33510000,0
1505849666,21871215,238.46,0.08274000,0
1505849620,21871167,237.23,0.63062115,1
1505849620,21871166,237.54,0.99195000,1
1505849620,21871164,237.57,0.08274000,1
1505849620,21871163,237.57,0.33510000,1
1505849618,21871160,238.64,0.38036373,0
1505849608,21871150,238.69,0.76999353,0
1505849608,21871149,238.00,0.14000000,0
1505849608,21871148,237.99,0.73340453,0
1505849604,21871137,237.90,2.94857843,1
1505849593,21871129,237.98,1.06963995,0
1505849554,21871081,237.94,0.28125634,0
1505849552,21871075,237.55,0.30000000,0
1505849515,21871008,237.55,0.50000000,0
1505849499,21870940,237.95,0.74282839,0
1505849485,21870923,237.99,0.82559008,0
1505849483,21870916,237.97,0.08274000,0
1505849455,21870875,237.51,0.07719263,0
1505849444,21870853,237.69,0.33500000,0
1505849444,21870852,237.69,0.99130845,0
1505849407,21870818,237.24,1.95702952,1
1505849407,21870817,237.49,2.34610157,1
1505849398,21870813,237.49,0.25382812,1
1505849380,21870792,237.49,3.52500000,1
1505849380,21870791,237.50,0.33500000,1
1505849378,21870788,237.70,0.14000000,1
1505849308,21870691,237.92,0.06401311,0
1505849306,21870687,237.84,0.08274000,0
1505849287,21870651,237.50,4.02371308,1
1505849287,21870650,237.60,2.00000000,1
1505849287,21870649,237.61,0.47628692,1
1505849285,21870639,237.61,0.10000000,1
1505849278,21870617,237.94,0.08274000,0
1505849277,21870613,237.61,0.42371308,1
1505849277,21870612,237.84,0.41939960,1
1505849277,21870610,237.94,0.15688728,1
1505849277,21870608,237.94,0.94050272,1
1505849272,21870587,237.94,15.90261000,1
1505849272,21870586,237.98,0.32965000,1
1505849272,21870585,238.00,0.08274000,1
1505849217,21870449,237.98,0.14807000,1
1505849201,21870392,238.90,0.47552949,0
1505849201,21870391,238.68,0.08274000,0
1505849194,21870374,237.96,0.57090124,1
1505849194,21870373,238.24,0.34635876,1
1505849194,21870372,238.25,0.08274000,0
1505849192,21870371,238.97,1.00943296,1
1505849189,21870361,238.72,0.08274000,0
1505849179,21870338,238.74,0.11129200,0
1505849178,21870335,238.73,0.08274000,0
1505849169,21870310,238.21,1.06647707,0
1505849163,21870288,237.94,12.16068915,0
1505849163,21870286,238.00,0.80000000,1
1505849163,21870285,238.00,0.05000000,1
1505849162,21870284,238.00,0.50000000,1
1505849162,21870282,238.00,0.50000000,1
1505849162,21870281,238.00,1.00000000,1
1505849160,21870269,238.02,4.73591085,0
1505849128,21870208,238.45,0.02999544,1
1505849127,21870205,238.45,0.11128475,1
1505849127,21870204,238.51,0.03000000,1
1505849127,21870203,238.69,0.00000269,1
1505849115,21870176,238.69,0.87503000,1
1505849112,21870171,238.69,0.67130500,1
1505849106,21870168,238.69,0.80487991,1
1505849100,21870157,238.69,0.36000000,1
1505849098,21870151,238.69,2.56777163,1
1505849096,21870149,238.69,0.29476387,1
1505849092,21870137,238.69,0.16053142,1
1505849092,21870134,238.69,0.39064517,1
1505849092,21870132,238.70,0.07059729,1
1505849092,21870128,238.99,0.09654033,1
1505849091,21870126,239.00,5.56714909,1
1505849091,21870123,239.00,0.99293378,1
1505849090,21870122,239.00,0.02700000,1
1505849090,21870113,239.00,1.04354474,1
1505849089,21870111,239.00,0.91970971,1
1505849087,21870100,239.00,0.08029029,1
1505849087,21870096,239.00,1.00000000,1
1505849086,21870093,239.03,1.48487792,1
1505849085,21870092,239.01,1.80815597,0
1505849085,21870091,239.01,3.99000000,1
1505849085,21870090,239.02,0.22020403,1
1505849082,21870084,239.02,0.07979597,1
1505849079,21870065,239.04,3.20000000,1
1505849079,21870064,239.10,1.27147289,1
1505849078,21870060,239.10,0.17986929,1
1505849073,21870048,239.10,0.55475264,1
1505849073,21870047,239.30,0.08621873,1
1505849072,21870046,239.38,0.08274000,1
1505849065,21870004,239.30,0.41378127,1
1505849065,21870003,239.30,0.50000000,1
1505849065,21870002,239.30,0.02256088,1
1505849065,21870000,239.33,0.08274000,1
1505849055,21869971,239.30,0.00443912,1
1505849055,21869969,239.60,3.54093700,1
1505849045,21869936,239.74,0.02757154,0
1505849044,21869931,239.61,0.42522554,1
1505849041,21869927,239.52,1.26871700,0
1505849041,21869926,239.52,1.69034600,0
1505849014,21869865,239.10,0.64059993,1
1505849012,21869860,239.30,1.02737484,1
1505849012,21869859,239.30,0.02882687,1
1505849012,21869858,239.31,0.15864662,1
1505849008,21869841,239.30,0.40000000,1
1505848983,21869762,239.30,0.63416800,1
1505848931,21869550,239.30,2.10709194,1
1505848912,21869499,239.22,5.44661939,0
1505848911,21869494,239.50,1.64218705,1
1505848911,21869492,239.50,0.89119356,1
1505848904,21869481,239.51,2.45035978,1
1505848882,21869408,239.50,0.37294363,1
1505848880,21869392,239.50,1.21129531,1
1505848877,21869367,239.50,2.31331108,1
1505848871,21869335,239.50,0.12851642,1
1505848870,21869327,239.52,2.85147700,1
1505848866,21869282,239.48,0.08274000,0
1505848853,21869190,239.49,0.07929350,0
1505848841,21869165,239.74,0.03661600,0
1505848841,21869163,239.52,0.31967400,0
1505848839,21869150,239.82,0.08274000,1
1505848837,21869146,239.81,0.08274000,1
1505848814,21869100,240.31,0.28443206,0
1505848813,21869098,239.74,0.07124000,1
1505848809,21869083,239.73,2.32672876,1
1505848783,21869031,239.56,0.47000000,1
1505848755,21869015,239.60,0.91726000,1
1505848755,21869014,239.79,0.08274000,1
1505848749,21869012,240.42,5.49663089,1
1505848749,21869011,240.40,5.76873700,0
1505848748,21869008,240.25,2.16194165,1
1505848748,21869006,240.25,0.21514274,0
1505848709,21868967,240.07,1.36302492,1
1505848709,21868966,240.07,14.22726125,1
1505848709,21868965,240.08,1.51726000,0
1505848709,21868964,240.07,0.08274000,0
1505848702,21868912,240.10,1.36254694,0
1505848655,21868871,240.10,2.68433985,0
1505848654,21868864,240.03,0.31967436,0
1505848654,21868859,240.02,0.98681980,0
1505848654,21868857,240.02,0.08274000,1
1505848652,21868854,239.82,0.08274000,0
1505848598,21868803,239.12,1.95469900,1
1505848598,21868802,239.13,0.42000000,1
1505848593,21868800,239.13,0.20794900,1
1505848593,21868798,239.56,0.32058000,1
1505848585,21868791,239.12,0.49250704,1
1505848585,21868790,239.14,2.34584511,1
1505848585,21868789,239.55,0.04648185,1
1505848585,21868788,239.56,0.08274000,1
1505848581,21868780,239.55,0.08161800,1
1505848580,21868779,239.56,0.08274000,1
1505848580,21868776,239.55,0.21636861,1
1505848577,21868766,240.24,0.31967436,0
1505848575,21868762,240.03,0.08274000,0
1505848570,21868752,239.07,2.08234600,1
1505848570,21868750,239.08,0.58185000,1
1505848570,21868749,239.08,0.42000000,1
1505848560,21868724,240.05,0.57951172,0
1505848556,21868715,240.06,1.24656336,0
1505848547,21868689,240.09,0.33250000,0
1505848547,21868687,239.89,0.00000254,0
1505848547,21868686,239.87,0.08274000,0
1505848535,21868647,239.07,1.68670901,1
1505848535,21868645,239.08,0.51000000,1
1505848535,21868643,239.08,0.23781099,0
1505848534,21868640,239.14,0.08274000,0
1505848533,21868636,239.14,0.08274000,1
1505848526,21868626,239.07,0.20313600,1
1505848502,21868592,239.44,0.07924717,1
1505848499,21868578,239.45,0.07919308,0
1505848496,21868574,239.44,0.07924387,1
1505848490,21868558,239.01,5.03570700,1
1505848489,21868553,239.01,1.33495086,1
1505848484,21868531,239.01,16.85849000,1
1505848484,21868530,239.01,1.42395233,1
1505848484,21868528,239.02,0.41952496,1
1505848484,21868525,239.03,0.13729000,1
1505848484,21868522,239.45,0.07923271,1
1505848479,21868486,239.03,0.84628588,1
1505848478,21868484,239.04,0.08274000,1
1505848475,21868469,239.47,0.08274000,0
1505848472,21868459,239.89,0.11259000,0
1505848471,21868458,239.49,0.98169000,0
1505848469,21868445,239.01,1.14473113,1
1505848468,21868444,239.02,0.34523075,0
1505848468,21868443,239.02,0.08274000,0
1505848466,21868441,239.50,0.07116676,1
1505848466,21868440,239.50,0.34609324,1
1505848465,21868439,239.49,0.08274000,0
1505848464,21868438,239.02,22.45726095,0
1505848464,21868437,239.18,0.82530000,1
1505848458,21868430,239.01,8.37512258,0
1505848458,21868429,239.16,3.74699975,1
1505848457,21868428,239.18,0.33250000,1
1505848457,21868425,239.52,0.34451152,1
1505848456,21868423,239.58,0.50000000,0
1505848456,21868421,239.58,0.08274000,0
1505848455,21868416,239.58,0.59938382,1
1505848455,21868415,239.88,0.01874233,1
1505848454,21868414,239.88,0.08274000,0
1505848437,21868377,239.61,3.00000000,0
1505848431,21868367,239.58,1.53061618,1
1505848431,21868366,239.80,0.50000000,1
1505848430,21868365,239.89,5.18390293,1
1505848429,21868359,240.01,1.88448089,0
1505848426,21868355,239.89,0.94102676,1
1505848426,21868354,240.00,1.00000000,1
1505848426,21868353,240.00,1.00000000,1
1505848426,21868352,240.00,0.44735924,1
1505848424,21868344,240.00,4.05264076,1
1505848424,21868343,240.00,0.20000000,1
1505848424,21868341,240.00,1.45155024,1
1505848424,21868339,240.00,0.42073900,1
1505848423,21868337,240.00,0.67000000,1
1505848423,21868336,240.00,4.00000000,1
1505848423,21868335,240.00,1.21734332,1
1505848423,21868333,240.03,0.12465109,1
1505848423,21868331,240.20,0.31840132,1
1505848421,21868320,240.20,7.56865113,1
1505848419,21868314,240.25,0.71306054,1
1505848419,21868312,240.25,0.31827644,1
1505848399,21868211,240.50,0.00000012,1
1505848397,21868197,240.50,1.88656700,1
1505848397,21868196,240.50,4.74924000,1
1505848397,21868194,240.50,1.25877800,1
1505848397,21868190,240.50,3.00000000,1
1505848395,21868174,240.51,0.12932398,1
1505848389,21868133,240.50,0.06341488,1
1505848378,21868110,240.65,0.04964390,0
1505848370,21868100,240.50,0.37800000,1
1505848370,21868097,240.65,0.37000000,0
1505848365,21868084,240.66,0.00003755,1
1505848365,21868081,240.66,2.30190000,1
1505848361,21868072,240.66,0.36986245,1
1505848360,21868069,240.66,0.73560000,0
1505848360,21868067,240.66,0.23560000,0
1505848360,21868066,240.63,0.23350000,0
1505848360,21868065,240.62,0.23350000,0
1505848355,21868058,240.50,13.66400000,1
1505848352,21868055,240.65,0.00012516,1
1505848352,21868052,240.65,0.23340952,1
1505848344,21868034,240.66,0.50000000,0
1505848341,21868024,240.51,3.25738481,1
1505848340,21868022,240.77,0.38952822,1
1505848340,21868020,240.78,0.34609741,1
1505848338,21868012,240.83,1.76725221,0
1505848338,21868011,240.82,2.34274779,0
1505848337,21868009,240.83,0.50000000,0
1505848331,21867982,241.00,4.00000000,1
1505848331,21867981,241.00,1.50000000,1
1505848331,21867980,241.00,0.40000000,1
1505848326,21867959,241.02,0.34237169,1
1505848323,21867945,241.10,4.11000000,1
1505848320,21867929,241.10,0.45578303,1
1505848317,21867916,241.20,0.45580000,0
1505848311,21867885,241.10,5.52331522,1
1505848311,21867884,241.14,0.55155481,1
1505848311,21867882,241.25,0.45578297,1
1505848305,21867871,241.20,2.00000000,1
1505848305,21867870,241.24,0.50000000,1
1505848305,21867865,241.41,0.18765146,1
1505848293,21867816,241.43,3.72000000,1
1505848287,21867797,241.63,3.19918463,1
1505848286,21867796,241.44,0.91081537,0
1505848286,21867795,241.50,4.30369707,1
1505848285,21867790,241.50,2.19143500,1
1505848284,21867786,241.50,3.96041408,1
1505848282,21867781,241.50,0.44245500,1
1505848280,21867776,241.50,2.76599885,1
1505848280,21867775,241.50,0.10082815,1
1505848280,21867774,241.63,0.80000000,1
1505848279,21867770,241.77,0.76962600,1
1505848279,21867767,241.77,2.90258000,1
1505848278,21867760,241.77,4.69623000,1
1505848277,21867758,241.77,2.09402800,1
1505848277,21867756,241.77,9.30733100,1
1505848277,21867751,241.77,1.55799900,1
1505848269,21867726,241.77,3.67220600,1
1505848236,21867638,241.96,4.29620598,0
1505848236,21867637,241.95,0.32920000,0
1505848234,21867634,241.94,0.33000000,0
1505848225,21867606,242.00,10.00000000,1
1505848225,21867604,242.01,0.32920000,1
1505848220,21867594,242.00,0.30000000,1
1505848220,21867591,242.00,1.00000000,1
1505848220,21867589,242.00,4.32814049,1
1505848220,21867587,242.00,7.53970680,1
1505848203,21867532,242.01,3.87000000,1
1505848203,21867531,242.01,0.29000000,1
1505848189,21867509,242.01,6.48543600,1
1505848159,21867465,242.08,6.77119463,1
1505848157,21867461,242.09,0.32000000,1
1505848129,21867444,242.08,1.17036074,1
1505848019,21867382,242.53,0.03121263,0
1505847984,21867359,242.01,0.32940000,0
1505847981,21867356,242.00,4.86029320,1
1505847981,21867355,242.01,0.10000000,1
1505847981,21867354,242.01,4.71030680,1
1505847979,21867353,242.02,0.32940000,1
1505847969,21867314,242.73,0.99859927,0
1505847963,21867311,242.02,0.08274000,0
1505847962,21867310,242.02,0.17700000,0
1505847962,21867309,242.01,1.71381900,1
1505847962,21867308,242.02,3.00000000,1
1505847959,21867304,242.10,0.33000000,0
1505847958,21867303,242.10,1.00000000,1
1505847958,21867302,242.31,0.08274000,1
1505847667,21867174,242.82,0.02874557,0
1505847660,21867170,242.80,0.03694399,0
1505847651,21867169,242.84,1.99143469,0
1505847633,21867159,243.01,0.65009670,0
1505847633,21867158,242.95,0.32900000,0
1505847632,21867157,242.94,0.08274000,1
1505847631,21867156,242.94,0.12867000,0
1505847619,21867147,242.03,0.12867000,1
1505847619,21867146,242.03,0.08274000,1
1505847617,21867143,242.04,0.98169000,1
1505847617,21867142,242.04,0.08274000,1
1505847611,21867137,242.50,0.18790309,0
1505847610,21867136,242.49,0.72935691,0
1505847610,21867135,242.47,0.08274000,0
1505847591,21867127,242.02,0.72935500,1
1505847555,21867106,242.40,0.08234096,1
1505847555,21867105,242.50,0.80119847,0
1505847553,21867103,242.49,0.20606153,0
1505847492,21867059,242.40,0.00041370,0
1505847491,21867054,242.40,0.08232630,0
1505847439,21866993,242.45,0.57826000,0
1505847433,21866957,242.45,0.11845623,0
1505847433,21866956,242.45,0.28186700,0
1505847432,21866954,242.44,0.08274000,1
1505847378,21866929,242.01,5.97176693,1
1505847378,21866928,242.02,1.00000000,1
1505847378,21866927,242.02,3.52332903,0
1505847378,21866926,242.16,0.50000000,1
1505847377,21866925,242.20,4.11000000,1
1505847377,21866924,242.34,0.32900000,0
1505847376,21866923,242.50,0.08274000,0
1505847375,21866922,242.50,2.16000000,0
1505847375,21866921,242.50,2.08274000,1
1505847359,21866915,242.50,0.01726000,1
1505847359,21866914,242.54,0.08274000,1
1505847353,21866912,242.82,0.12263847,1
1505847353,21866911,242.82,0.08274000,0
1505847349,21866910,242.87,2.15364900,1
1505847349,21866909,242.87,0.32933200,1
1505847348,21866908,242.84,0.08274000,0
1505847317,21866866,242.17,1.99139000,1
1505847314,21866864,242.42,1.89866200,1
1505847314,21866863,242.45,0.32900000,1
1505847314,21866862,242.51,0.08274000,1
1505847311,21866861,242.42,1.90859800,1
1505847311,21866860,242.49,0.08274000,1
1505847306,21866859,242.42,2.20140200,1
1505847306,21866858,242.42,1.90831000,1
1505847305,21866855,242.42,0.00028800,1
1505847304,21866854,242.45,0.32870000,1
1505847304,21866853,242.46,0.08274000,1
1505847253,21866825,243.19,0.16094319,1
1505847218,21866763,242.84,0.00033200,1
1505847217,21866762,242.99,0.47400000,1
1505847185,21866705,243.23,1.55776487,1
1505847184,21866703,242.88,0.08274000,0
1505847178,21866697,242.91,0.08274000,0
1505847177,21866696,242.98,0.39133486,1
1505847176,21866695,242.91,0.12202066,0
1505847176,21866694,242.91,0.25345448,0
1505847171,21866691,242.92,0.05849369,0
1505847169,21866688,242.92,0.14738565,0
1505847169,21866687,242.91,0.08274000,0
1505847167,21866678,242.92,0.08232630,0
1505847164,21866668,242.94,0.07454552,0
1505847105,21866580,243.21,0.04025327,0
1505847104,21866578,243.20,0.08274000,1
1505847075,21866517,243.06,0.00000030,1
1505847072,21866504,243.06,2.10529200,1
1505847062,21866480,243.07,0.32790000,1
1505847057,21866458,243.06,0.93471862,1
1505847057,21866456,243.20,0.08500000,1
1505847057,21866455,243.20,0.35844438,1
1505847055,21866451,243.20,3.72027300,1
1505847055,21866450,243.20,2.10000000,1
1505847055,21866449,243.20,0.12002700,1
1505847054,21866448,243.22,0.26075158,1
1505847054,21866447,243.34,0.77144442,1
1505847053,21866444,243.34,0.20721558,1
1505847053,21866443,243.35,0.05353600,1
1505847053,21866442,243.35,0.27446400,1
1505847052,21866441,243.48,0.08274000,1
1505847032,21866427,243.90,3.36225378,1
1505847030,21866426,243.47,0.23371080,0
1505847015,21866421,243.51,0.94049646,1
1505847015,21866420,243.49,0.97802354,0
1505847013,21866419,243.48,0.08274000,0
1505846991,21866417,243.20,0.80000000,1
1505846987,21866416,243.20,4.11000000,1
1505846953,21866383,243.20,3.66313000,1
1505846953,21866382,243.20,14.40625300,1
1505846944,21866370,243.20,0.80000000,1
1505846899,21866330,244.18,0.20941877,0
1505846899,21866329,244.18,7.47970400,1
1505846899,21866328,244.14,0.25980634,0
1505846899,21866327,244.08,3.67000000,0
1505846898,21866325,244.07,7.45989800,1
1505846898,21866323,243.71,0.90000000,0
1505846897,21866322,243.20,0.49420200,0
1505846880,21866314,243.15,0.00000500,0
1505846879,21866312,243.15,0.99999500,0
1505846869,21866306,243.06,4.11000000,1
1505846784,21866273,243.06,2.53770018,1
1505846779,21866271,243.06,3.60000000,1
1505846774,21866269,243.06,0.35000000,1
1505846769,21866268,243.06,1.49400000,1
1505846757,21866263,243.20,0.99979800,1
1505846752,21866262,243.20,1.00000000,1
1505846743,21866260,243.47,2.46516401,0
1505846719,21866253,243.20,0.00020200,1
1505846719,21866252,243.21,0.28936700,1
1505846718,21866251,243.21,0.53592300,1
1505846678,21866220,243.21,0.01726000,1
1505846678,21866219,243.21,0.08274000,1
1505846595,21866154,243.41,0.84186646,0
1505846585,21866151,243.41,0.08274000,0
1505846513,21866050,243.22,0.08274000,1
1505846511,21866047,243.22,1.82049174,1
1505846507,21866045,243.20,5.41726000,1
1505846507,21866043,243.23,0.08274000,1
1505846504,21866041,243.64,0.16425800,0
1505846504,21866040,243.63,0.08274000,0
1505846503,21866033,243.64,0.29258153,0
1505846502,21866030,243.64,0.15726000,0
1505846502,21866029,243.61,0.08274000,0
1505846498,21866028,243.64,0.53321700,0
1505846448,21865983,243.71,1.00000000,1
1505846443,21865981,243.72,0.12371464,1
1505846438,21865980,243.72,0.85362536,1
1505846438,21865978,243.72,0.25980634,1
1505846433,21865975,243.76,0.08274000,1
1505846427,21865974,243.73,0.08274000,1
1505846422,21865972,243.72,0.08274000,0
1505846416,21865969,244.16,1.28961370,1
1505846416,21865968,244.03,0.25946700,0
1505846416,21865967,244.00,0.02145977,0
1505846416,21865966,244.00,0.08274000,0
1505846416,21865965,244.00,0.08274000,0
1505846415,21865964,244.00,0.21306023,0
1505846415,21865962,244.00,0.08000000,0
1505846415,21865961,244.00,0.90900000,1
1505846415,21865960,243.96,0.09785872,0
1505846414,21865958,243.71,0.89637107,0
1505846410,21865955,243.71,0.08103893,0
1505846408,21865954,243.56,0.08274000,0
1505846235,21865854,243.96,0.00447144,0
1505846235,21865853,243.96,1.52956294,1
1505846235,21865852,243.83,0.08274000,0
1505846235,21865851,243.73,0.08274000,0
1505846233,21865850,243.72,0.30750562,0
1505846205,21865838,243.83,0.31676894,1
1505846204,21865837,243.83,0.08274000,0
1505846184,21865825,243.45,0.30750562,1
1505846184,21865824,243.57,0.97741000,1
1505846184,21865823,243.57,0.08274000,1
1505846114,21865776,243.56,0.05162214,1
1505846113,21865775,243.60,0.04837786,1
1505846112,21865774,243.59,0.03436214,0
1505846104,21865771,243.56,0.97744000,1
1505846102,21865770,243.56,0.08274000,1
1505846100,21865769,243.37,0.17311348,0
1505846100,21865768,243.31,0.08274000,0
1505846074,21865714,243.01,0.67295720,1
1505846073,21865713,243.27,1.50000000,1
1505846073,21865712,243.35,1.00000000,1
1505846071,21865708,243.40,0.46548000,1
1505846066,21865702,243.40,0.10000000,1
1505846045,21865698,243.40,0.10000000,1
1505846040,21865694,243.40,0.10000000,1
1505846030,21865692,243.40,0.10000000,1
1505846025,21865690,243.40,0.10000000,1
1505846001,21865678,243.40,0.01726000,1
1505846001,21865677,243.41,0.08274000,0
1505845996,21865668,243.40,0.01726000,1
1505845995,21865667,243.44,0.08274000,1
1505845960,21865640,243.37,0.17311348,1
1505845926,21865635,243.52,0.43090912,1
1505845926,21865634,243.52,0.10728076,0
1505845883,21865626,243.76,0.03000000,0
1505845860,21865602,243.88,1.10126000,0
1505845843,21865596,243.49,0.02619000,0
1505845674,21865503,243.78,0.53101010,1
1505845674,21865501,243.78,0.08274000,0
1505845582,21865469,243.53,0.04109562,0
1505845143,21865289,243.01,2.40594443,1
1505845143,21865288,243.04,2.54515928,1
1505845142,21865287,243.30,0.05865762,1
1505845133,21865282,243.05,0.08274000,1
1505845110,21865266,243.03,8.92767673,1
1505845109,21865265,243.03,10.66000000,1
1505845015,21865224,242.68,0.14014481,1
1505845015,21865223,243.06,0.97744000,1
1505845015,21865222,243.13,0.08274000,1
1505845012,21865220,242.66,4.52800022,1
1505844972,21865163,243.27,0.08274000,1
1505844918,21865131,243.76,1.22776501,0
1505844900,21865112,243.76,5.88177626,0
1505844859,21865092,243.65,0.96199316,1
1505844846,21865089,243.65,0.05000000,1
1505844766,21865046,243.80,4.09394674,1
1505844763,21865044,243.80,1.75958303,1
1505844761,21865043,243.77,8.00547000,0
1505844761,21865042,243.75,0.04100023,0
1505844756,21865038,243.65,0.94695621,1
1505844756,21865037,243.66,0.02140000,1
1505844743,21865029,243.65,0.25000000,1
1505844741,21865028,243.65,0.15259716,0
1505844644,21864974,243.23,0.02140000,1
1505844637,21864962,243.28,1.29446421,0
1505844637,21864961,243.19,1.34990000,0
1505844635,21864951,243.18,1.34990000,0
1505844624,21864928,243.46,1.00349133,0
1505844623,21864926,243.28,0.34568064,0
1505844623,21864925,243.28,0.30402282,1
1505844622,21864924,242.75,10.67000000,1
1505844564,21864887,243.21,2.93532338,1
1505844563,21864885,243.20,8.15705300,1
1505844563,21864884,243.13,0.05968000,1
1505844563,21864883,243.13,3.97349557,0
1505844562,21864881,243.12,8.15700900,0
1505844345,21864785,243.26,0.07126000,0
1505844307,21864764,243.19,0.91726000,0
1505844307,21864762,243.18,0.08274000,0
1505844260,21864692,243.29,0.02145977,1
1505844258,21864691,243.29,0.08274000,0
1505844258,21864689,243.28,0.08274000,0
1505844258,21864688,243.20,0.21306023,0
1505844256,21864684,242.99,0.50000000,1
1505844256,21864683,243.00,0.02380000,1
1505844256,21864682,243.00,0.08274000,1
1505844138,21864603,243.00,0.10000000,1
1505844127,21864579,243.35,0.08709000,0
1505844127,21864578,243.34,0.08274000,0
1505844116,21864568,242.99,0.08274000,0
1505844114,21864563,242.90,0.00002270,0
1505844113,21864561,243.00,3.58278713,0
1505844107,21864559,242.90,0.21306023,1
1505844107,21864558,243.00,0.11000000,1
1505844107,21864557,243.00,1.00000000,1
1505844106,21864555,243.30,0.50000000,0
1505844105,21864554,243.30,0.97693977,1
1505844101,21864549,243.67,1.75955185,0
1505844100,21864545,243.66,0.08274000,1
1505844100,21864544,243.66,0.20454733,1
1505844099,21864542,243.66,0.20467044,0
1505844088,21864537,243.39,0.08274000,0
1505844088,21864535,243.30,0.63067400,1
1505844088,21864534,243.38,0.50000000,1
1505844088,21864533,243.39,0.97694000,1
1505844078,21864527,243.95,38.79422995,1
1505844078,21864526,243.94,0.97473500,0
1505844076,21864525,243.91,0.08274000,0
1505844019,21864505,243.30,0.20680221,1
1505844019,21864504,243.40,0.13909079,1
1505844011,21864492,243.40,2.90072022,1
1505844010,21864490,243.41,4.11000000,1
1505844010,21864489,243.49,0.33854514,0
1505844010,21864488,243.79,0.43309488,0
1505844010,21864487,243.48,0.02000000,0
1505844009,21864486,243.48,0.08000000,1
1505844003,21864478,243.46,0.10000000,1
1505843951,21864441,244.11,1.00000000,1
1505843916,21864426,244.21,0.08274000,0
1505843913,21864424,244.22,0.00001200,1
1505843912,21864423,244.22,0.36836000,1
1505843912,21864422,244.26,0.08274000,1
1505843891,21864406,244.22,0.26141800,1
1505843891,21864405,244.23,0.08274000,1
1505843840,21864364,244.37,2.10608900,1
1505843839,21864363,244.38,4.95000000,1
1505843806,21864328,244.48,2.15921536,1
1505843805,21864326,244.49,2.78536307,0
1505843779,21864292,244.48,2.23002200,1
1505843779,21864291,244.50,1.65370300,1
1505843766,21864286,244.50,0.34629700,1
1505843698,21864251,244.48,3.79135000,1
1505843694,21864248,244.27,0.60794400,1
1505843692,21864247,244.27,0.34199200,1
1505843691,21864246,244.27,0.34136500,1
1505843663,21864240,244.47,0.24000000,0
1505843661,21864239,244.45,0.08274000,0
1505843659,21864238,244.46,0.32530222,1
1505843659,21864237,244.46,0.08274000,0
1505843596,21864200,244.10,0.40531000,1
1505843595,21864195,244.53,0.07126000,0
1505843468,21864125,244.08,0.17963500,1
1505843453,21864121,244.08,0.34354000,1
1505843442,21864118,244.07,0.26120300,1
1505843442,21864117,244.10,0.08274000,1
1505843411,21864098,244.04,7.12726000,1
1505843411,21864097,244.05,5.29000000,1
1505843411,21864096,244.05,0.08274000,1
1505843380,21864078,244.27,2.82750883,1
1505843379,21864076,244.27,0.34264200,1
1505843374,21864067,244.27,0.34298700,1
1505843318,21864036,244.50,0.08274000,1
1505843316,21864035,244.50,0.56317871,0
1505843316,21864034,244.50,0.05692000,0
1505843316,21864032,244.49,0.97308000,0
1505843315,21864030,244.11,1.03122486,1
1505843315,21864028,244.12,0.08274000,1
1505843314,21864027,244.50,1.37990129,0
1505843314,21864026,244.47,0.08274000,0
1505843301,21863999,244.58,1.62977348,0
1505843300,21863998,244.57,0.08274000,1
1505843300,21863995,244.57,0.32690700,0
1505843296,21863989,244.03,0.34770600,1
1505843293,21863984,244.58,0.33355168,1
1505843292,21863982,244.58,12.73129059,1
1505843292,21863980,244.58,0.39713542,1
1505843289,21863972,244.58,6.30775000,1
1505843287,21863965,244.76,0.30225000,1
1505843286,21863961,244.76,1.00000000,1
1505843282,21863953,244.59,1.11000000,1
1505843276,21863946,244.71,1.00000000,1
1505843260,21863903,245.00,0.06801401,0
1505843260,21863901,244.99,0.32490000,0
1505843251,21863886,245.00,0.73528113,1
1505843251,21863884,245.02,0.08274000,1
1505843228,21863858,245.00,1.89768907,1
1505843228,21863857,245.00,1.00000000,1
1505843228,21863856,245.00,1.00000000,1
1505843228,21863855,245.08,0.10231093,1
1505843228,21863853,245.10,2.00000000,1
1505843191,21863785,245.10,9.20949396,0
1505843190,21863784,245.10,0.08274000,0
1505843190,21863783,245.10,0.40868604,1
1505843190,21863782,245.19,0.32600000,1
1505843190,21863781,245.22,0.97308000,1
1505843158,21863769,245.91,0.05339512,0
1505843150,21863757,245.99,3.95561807,0
1505843142,21863751,245.86,2.01943783,0
1505843142,21863750,245.69,0.59028571,0
1505843142,21863749,245.68,0.61663763,0
1505843142,21863748,245.54,0.08274000,0
1505843134,21863744,245.68,0.35465237,0
1505843061,21863700,245.18,0.50000000,0
1505843045,21863681,245.69,4.78925316,1
1505843044,21863677,245.69,0.08274000,1
1505843034,21863672,245.20,0.00090700,1
1505843034,21863671,245.29,1.29490300,1
1505842998,21863664,245.29,0.34470300,1
1505842996,21863663,245.29,0.01665300,1
1505842996,21863662,245.32,0.32490000,1
1505842987,21863656,245.29,0.34374100,1
1505842960,21863630,245.59,0.63644384,1
1505842958,21863628,245.59,0.32450000,1
1505842958,21863627,245.60,1.07841518,0
1505842919,21863609,245.70,9.12476930,0
1505842919,21863608,245.70,0.00004783,1
1505842901,21863590,246.05,0.79667140,0
1505842867,21863561,245.70,1.62075703,1
1505842863,21863557,245.90,0.08274000,1
1505842861,21863556,245.89,0.08274000,1
1505842823,21863511,245.79,1.08766000,1
1505842813,21863501,245.66,0.97129000,1
1505842813,21863500,245.73,0.08274000,1
1505842803,21863493,245.59,0.01841200,1
1505842803,21863492,245.67,0.32450000,1
1505842758,21863453,246.36,4.63242700,0
1505842758,21863452,246.35,0.18000000,0
1505842758,21863451,246.35,6.56483300,0
1505842758,21863450,246.35,2.29000000,0
1505842758,21863449,246.33,0.08274000,0
1505842740,21863440,246.40,10.38790442,0
1505842724,21863430,246.45,1.58787165,0
1505842724,21863429,246.45,0.21000000,1
1505842724,21863428,246.45,0.82842171,1
1505842724,21863427,246.44,6.64900200,0
1505842723,21863426,246.37,0.97625513,0
1505842723,21863424,246.37,0.04975000,1
1505842723,21863420,246.36,0.96851000,0
1505842722,21863414,246.29,0.04975000,1
1505842722,21863411,246.29,0.82564395,0
1505842721,21863410,246.29,4.44658356,1
1505842720,21863409,246.29,2.44689133,1
1505842720,21863408,246.29,0.08274000,1
1505842719,21863406,246.29,0.08274000,0
1505842718,21863405,246.00,0.00000410,1
1505842717,21863402,246.00,0.45579000,1
1505842672,21863384,246.00,5.24313456,1
1505842666,21863374,246.00,5.76102257,1
1505842666,21863373,246.01,0.97625513,1
1505842636,21863363,246.01,0.25946700,1
1505842636,21863362,246.02,0.08274000,1
1505842579,21863352,246.15,1.00000000,1
1505842571,21863347,246.15,1.02248541,1
1505842565,21863345,246.16,0.00004000,1
1505842565,21863344,246.16,0.08270000,1
1505842560,21863338,246.15,2.69597998,1
1505842559,21863336,246.15,0.00001710,0
1505842552,21863334,246.15,0.30390324,1
1505842549,21863331,246.15,0.03149000,1
1505842549,21863330,246.16,0.96851000,1
1505842545,21863327,246.19,0.00004000,1
1505842544,21863326,246.19,0.08270000,1
1505842532,21863317,246.42,0.33502576,0
1505842529,21863316,246.50,13.33233265,0
1505842529,21863315,246.49,5.70502100,0
1505842528,21863312,246.42,0.50000000,0
1505842528,21863311,246.41,0.33683942,0
1505842527,21863310,246.15,0.02302229,0
1505842526,21863309,246.07,0.25456639,0
1505842526,21863308,246.07,0.08274000,0
1505842519,21863305,246.00,1.00000000,0
1505842519,21863304,246.00,1.00000000,0
1505842519,21863303,245.90,0.40247468,0
1505842518,21863302,245.88,0.33757409,0
1505842463,21863282,245.86,2.56219399,0
1505842462,21863281,245.87,0.57547668,0
1505842462,21863280,245.87,0.33575482,0
1505842459,21863273,245.87,0.19271216,0
1505842459,21863272,245.87,0.93861757,0
1505842459,21863271,245.87,0.87500771,0
1505842456,21863258,245.85,1.00000000,0
1505842455,21863257,245.82,0.33765871,0
1505842455,21863256,245.70,1.60009891,0
1505842432,21863188,245.68,1.39938247,0
1505842381,21863154,245.67,2.40537241,0
1505842375,21863144,245.70,6.39890109,0
1505842374,21863143,245.68,2.82689443,0
1505842374,21863142,245.68,1.43985692,0
1505842374,21863141,245.67,6.22631800,0
1505842374,21863140,245.67,0.80000000,0
1505842374,21863139,245.63,0.07500000,0
1505842373,21863138,245.50,0.50396715,0
1505842338,21863127,245.48,0.80000000,0
1505842304,21863112,245.50,2.39747006,0
1505842304,21863111,245.49,0.60252994,0
1505842280,21863091,245.50,3.69397100,0
1505842280,21863090,245.49,6.30602900,0
1505842274,21863085,244.94,0.60252994,1
1505842274,21863084,245.30,0.80000000,1
1505842242,21863043,245.49,1.40252994,1
1505842241,21863041,245.50,3.40459179,0
1505842240,21863040,245.50,0.29540821,0
1505842197,21862995,245.50,0.59466766,0
1505842190,21862989,245.49,6.36433700,0
1505842182,21862982,245.49,0.40531000,1
1505842180,21862981,245.49,6.08663705,0
1505842172,21862973,245.49,0.33629495,1
1505842169,21862971,245.50,0.00136973,0
1505842169,21862970,245.26,0.33842099,0
1505842169,21862969,245.23,0.00715570,0
1505842164,21862966,245.22,1.82886914,0
1505842161,21862964,245.23,9.91149211,0
1505842161,21862963,245.18,0.08274000,0
1505842160,21862962,245.20,0.16646696,0
1505842159,21862961,245.20,9.83353304,0
1505842159,21862960,245.19,0.08274000,0
1505842154,21862957,245.20,3.12253344,1
1505842154,21862956,245.00,0.24697502,0
1505842154,21862954,245.00,0.60371502,0
1505842153,21862952,245.00,1.00000000,0
1505842153,21862951,245.00,0.50000000,0
1505842153,21862950,245.00,1.00000000,0
1505842153,21862949,245.00,4.26254797,0
1505842153,21862946,245.00,4.98010843,0
1505842152,21862945,244.96,0.59255393,0
1505842151,21862944,244.95,0.39154707,0
1505842143,21862925,244.95,0.08144519,0
1505842124,21862910,244.95,0.32700774,0
1505842124,21862909,244.89,0.03572513,0
1505842124,21862908,244.88,0.97221799,0
1505842078,21862817,244.59,0.02900893,1
1505842072,21862816,244.59,4.64971609,1
1505842072,21862815,244.60,0.08274000,1
1505842067,21862808,244.65,7.36088289,1
1505842066,21862806,244.66,0.46210000,1
1505841995,21862758,244.89,0.19955938,0
1505841886,21862714,244.96,0.32470607,0
1505841885,21862713,244.90,3.40851523,0
1505841885,21862712,244.89,0.32620000,0
1505841883,21862709,244.80,0.01361000,0
1505841851,21862688,244.80,0.80000000,0
1505841804,21862676,244.89,0.46166201,0
1505841804,21862675,244.88,0.08274000,1
1505841777,21862665,244.85,0.03471513,0
1505841735,21862653,244.59,23.20216213,1
1505841735,21862652,244.60,0.97178000,1
1505841733,21862651,244.61,0.08274000,1
1505841728,21862648,244.90,0.57023275,0
1505841702,21862632,244.90,0.22726000,0
1505841702,21862630,244.88,0.08274000,0
1505841685,21862621,244.90,5.79399202,0
1505841685,21862620,244.89,0.03000000,0
1505841684,21862619,244.87,1.00000000,0
1505841684,21862618,244.86,0.94142599,0
1505841684,21862617,244.86,0.03853999,0
1505841614,21862594,244.86,0.02003402,0
1505841612,21862593,244.80,1.59047398,0
1505841602,21862587,244.80,1.26127450,0
1505841588,21862575,244.80,0.02034314,0
1505841568,21862558,244.60,1.78660350,1
1505841538,21862532,244.58,0.25517200,1
1505841472,21862507,244.60,0.85069004,1
1505841427,21862478,244.60,1.00000000,1
1505841379,21862445,244.60,0.50000000,1
1505841376,21862444,244.60,1.00000000,1
1505841288,21862363,244.82,0.40748305,1
