date,tid,price,amount,type
1505865628,21884427,283.11,1.20221176,0
1505865626,21884424,283.11,6.88480700,0
1505865626,21884422,283.11,0.19519300,0
1505865597,21884376,282.62,1.02726600,1
1505865596,21884374,282.61,1.67422400,1
1505865596,21884372,282.61,2.35296030,1
1505865596,21884371,282.61,0.23000000,1
1505865595,21884370,282.63,0.12836570,1
1505865573,21884338,282.60,8.96924528,1
1505865573,21884337,282.61,4.74000000,1
1505865573,21884336,282.61,0.14556184,1
1505865573,21884335,282.80,0.19519288,1
1505865572,21884334,282.81,0.23000000,1
1505865561,21884317,282.80,5.24000000,1
1505865561,21884316,282.80,1.84521700,1
1505865560,21884313,282.80,5.23478300,1
1505865560,21884312,282.80,0.20041000,1
1505865560,21884311,282.82,0.23000000,1
1505865546,21884294,282.77,1.61521700,1
1505865546,21884293,282.81,0.23000000,1
1505865521,21884267,282.75,0.85353109,1
1505865521,21884266,283.18,0.23000000,1
1505865426,21884212,283.36,0.20000000,1
1505865423,21884210,283.36,0.10000000,0
1505865423,21884209,283.36,0.10000000,0
1505865423,21884207,283.35,0.28030481,0
1505865373,21884183,283.26,0.31512132,1
1505865373,21884182,283.27,0.23000000,1
1505865092,21884108,284.20,0.28686800,1
1505865088,21884107,284.20,1.00000000,1
1505865078,21884103,284.20,0.28636000,1
1505865077,21884102,284.21,2.00000000,1
1505865055,21884099,284.20,1.08291300,1
1505865055,21884098,284.20,1.64361700,1
1505865030,21884094,284.20,5.43638300,1
1505864922,21884066,284.21,4.00000000,1
1505864912,21884062,284.21,2.00140000,1
1505864806,21884040,284.19,1.15738000,1
1505864803,21884037,284.19,0.36995500,1
1505864803,21884036,284.21,0.23000000,1
1505864800,21884031,284.20,9.20000000,1
1505864800,21884030,284.20,0.23000000,1
1505864786,21884011,284.20,0.43878100,1
1505864754,21883994,284.19,5.00000000,1
1505864750,21883993,284.19,0.12216100,1
1505864750,21883992,284.20,0.23000000,1
1505864686,21883958,284.20,0.39987000,1
1505864682,21883948,284.33,0.25791600,1
1505864681,21883945,284.33,0.14208400,1
1505864681,21883944,284.63,0.40000000,1
1505864681,21883943,284.88,0.00008600,1
1505864650,21883930,284.88,0.39991400,1
1505864635,21883924,285.08,0.40000000,1
1505864606,21883918,285.17,0.40000000,0
1505864513,21883882,285.34,0.02332287,0
1505864513,21883881,285.34,10.85000000,0
1505864513,21883880,285.34,9.12667713,0
1505864512,21883879,284.83,0.40000000,1
1505864512,21883878,284.98,0.40000000,1
1505864512,21883877,284.99,0.23000000,1
1505864384,21883840,285.45,0.92320000,0
1505864384,21883839,285.39,0.05000000,0
1505864375,21883836,285.08,1.28436000,1
1505864371,21883830,285.08,0.89757600,1
1505864331,21883811,285.09,0.27854500,1
1505864329,21883809,285.09,1.14712000,1
1505864322,21883805,285.09,0.47413000,1
1505864315,21883798,285.09,0.27915200,1
1505864300,21883780,285.09,0.00051600,1
1505864300,21883779,285.10,0.73724000,1
1505864281,21883767,285.09,0.05000000,0
1505864198,21883753,284.74,0.05000000,0
1505864166,21883732,284.52,0.73876000,1
1505864161,21883729,284.44,0.05000000,0
1505864161,21883728,284.19,0.05000000,0
1505864158,21883724,283.99,0.05000000,0
1505864157,21883722,283.90,0.05000000,1
1505864117,21883694,283.54,1.22000000,1
1505864106,21883689,285.17,2.75240000,0
1505864106,21883688,285.17,1.23649665,0
1505864105,21883687,285.17,1.02231500,0
1505864102,21883685,285.16,6.36500000,0
1505864082,21883680,285.07,0.91413043,1
1505864070,21883677,285.07,3.97000000,1
1505864069,21883676,285.07,1.70000000,1
1505864069,21883675,285.08,2.27000000,1
1505864068,21883674,285.08,3.97000000,1
1505864067,21883673,285.07,3.97000000,1
1505864066,21883672,285.07,2.75000000,1
1505864066,21883671,285.05,1.21760000,0
1505864066,21883670,285.06,1.96240000,1
1505864065,21883669,285.06,0.79000000,1
1505864064,21883668,285.17,3.17713782,0
1505864064,21883667,285.17,0.79796475,0
1505864051,21883664,285.17,2.51203525,0
1505864051,21883663,285.16,2.09092375,0
1505864043,21883660,285.17,3.77000000,0
1505864042,21883659,285.17,7.08000000,0
1505863905,21883617,286.16,0.11500559,0
1505863905,21883616,284.64,2.09092375,1
1505863905,21883615,285.19,0.73876000,1
1505863893,21883614,285.17,0.27850000,1
1505863890,21883612,285.18,6.96221972,1
1505863882,21883605,285.36,1.19386039,1
1505863882,21883604,285.66,0.28886827,1
1505863871,21883596,286.23,10.76434671,1
1505863870,21883595,286.23,0.73609000,1
1505863775,21883550,285.59,0.00180481,1
1505863775,21883549,285.60,0.73609000,1
1505863706,21883537,286.30,6.19972770,0
1505863706,21883536,286.30,0.05000000,0
1505863706,21883535,286.30,0.05000000,0
1505863706,21883534,286.29,0.69000000,0
1505863706,21883533,286.29,0.35000000,0
1505863706,21883532,286.29,0.05000000,0
1505863706,21883531,286.23,0.10000000,0
1505863706,21883530,286.23,0.10000000,0
1505863705,21883529,286.23,0.10000000,0
1505863705,21883528,286.23,0.10000000,0
1505863705,21883527,286.23,0.10000000,0
1505863705,21883526,286.23,0.10000000,0
1505863705,21883525,286.10,0.29738001,0
1505863705,21883524,286.10,0.29737229,0
1505863705,21883523,286.09,0.14000000,0
1505863683,21883512,286.20,0.24727463,1
1505863683,21883511,286.20,0.05000000,0
1505863681,21883510,286.10,0.39999852,0
1505863628,21883502,285.37,0.82519710,1
1505863628,21883501,285.70,0.16642190,1
1505863626,21883497,285.70,1.68990000,1
1505863625,21883494,285.70,8.14367810,1
1505863579,21883480,286.10,0.02142674,0
1505863578,21883479,286.09,0.46677926,0
1505863578,21883478,286.08,0.10000000,0
1505863578,21883477,286.08,0.10000000,0
1505863568,21883472,286.08,0.10000000,0
1505863568,21883471,286.08,0.10000000,0
1505863568,21883470,286.08,0.10000000,0
1505863568,21883469,286.08,0.10000000,0
1505863568,21883468,285.99,0.05000000,0
1505863555,21883462,285.35,0.02512523,1
1505863544,21883461,285.47,1.01599713,1
1505863532,21883453,285.98,1.03723500,0
1505863532,21883452,285.71,0.00097000,0
1505863531,21883450,285.71,1.39000000,0
1505863529,21883448,285.98,1.39001470,0
1505863528,21883447,285.98,1.39000000,0
1505863499,21883436,285.98,7.50875200,0
1505863473,21883432,285.98,1.64094279,0
1505863442,21883417,285.91,1.01056100,0
1505863438,21883415,285.92,0.28871866,0
1505863434,21883414,285.03,0.00000036,0
1505863421,21883412,285.03,1.05489900,0
1505863411,21883411,285.45,2.94878883,0
1505863411,21883410,285.43,0.23000000,0
1505863410,21883409,285.42,0.73628000,0
1505863401,21883406,284.78,2.46918540,1
1505863383,21883402,284.81,2.19897800,0
1505863383,21883401,284.81,2.76881400,0
1505863383,21883400,284.81,4.63910800,0
1505863381,21883398,284.70,5.06601238,0
1505863379,21883397,284.72,0.23000000,1
1505863370,21883390,284.78,1.41709099,1
1505863368,21883389,284.78,5.48290901,0
1505863367,21883388,284.78,2.10686298,1
1505863366,21883387,284.79,6.46521049,1
1505863362,21883384,284.78,2.96615687,1
1505863356,21883378,284.76,3.14588316,1
1505863356,21883377,284.76,6.46101684,1
1505863356,21883376,284.76,6.75135806,1
1505863355,21883373,284.76,0.86864194,1
1505863352,21883365,285.46,0.48743886,1
1505863352,21883364,285.17,0.24884114,0
1505863351,21883362,285.25,0.05000000,1
1505863351,21883361,285.45,0.92878886,1
1505863350,21883360,285.45,2.02000000,1
1505863349,21883358,285.45,3.16819313,1
1505863349,21883356,285.45,1.22763000,1
1505863347,21883349,285.45,0.24516000,1
1505863346,21883347,285.45,4.41290370,1
1505863346,21883343,285.45,2.55604704,1
1505863346,21883342,285.45,1.53445000,1
1505863344,21883338,285.45,2.02000000,1
1505863344,21883336,285.45,5.51380000,1
1505863342,21883326,286.10,4.41290370,1
1505863342,21883324,286.06,0.29015569,0
1505863341,21883323,286.04,0.05000000,0
1505863341,21883322,286.00,0.06198910,0
1505863341,21883321,286.00,4.00000000,0
1505863341,21883320,285.96,0.04559833,0
1505863341,21883318,285.94,0.10000000,0
1505863341,21883316,285.90,0.05000000,0
1505863341,21883315,285.88,0.05000000,0
1505863341,21883314,285.85,0.05000000,0
1505863341,21883313,285.85,0.05000000,0
1505863340,21883312,285.79,0.05000000,0
1505863340,21883310,285.75,0.05000000,0
1505863340,21883308,285.74,0.05000000,0
1505863340,21883307,285.65,0.05000000,0
1505863340,21883306,285.49,0.05000000,0
1505863340,21883304,285.48,0.05000000,0
1505863340,21883303,285.45,10.00000000,0
1505863339,21883302,285.45,10.00000000,0
1505863339,21883301,285.45,0.05000000,0
1505863339,21883300,285.45,0.05000000,0
1505863339,21883299,285.45,0.05000000,0
1505863339,21883297,285.34,0.05000000,0
1505863339,21883296,285.30,0.05000000,0
1505863339,21883295,285.29,0.05000000,0
1505863338,21883293,285.25,0.23935318,0
1505863337,21883290,284.70,1.24567148,1
1505863331,21883280,285.25,0.00001451,1
1505863330,21883277,285.25,0.23935320,1
1505863328,21883275,285.25,0.05000014,0
1505863319,21883265,285.25,0.05000000,0
1505863318,21883263,285.25,2.00000000,0
1505863318,21883262,285.20,0.23000000,0
1505863318,21883261,285.20,0.06198910,0
1505863318,21883260,285.16,0.29106475,0
1505863308,21883251,285.16,0.04559833,0
1505863302,21883250,285.14,0.05000000,0
1505863302,21883249,285.13,0.05000000,0
1505863302,21883248,285.10,0.05000000,0
1505863302,21883247,285.10,0.02926550,0
1505863294,21883246,285.10,0.02073450,0
1505863294,21883245,285.02,0.00000039,0
1505863294,21883244,285.00,0.00000011,0
1505863274,21883232,285.00,6.28318700,0
1505863274,21883229,285.00,0.38594689,0
1505863274,21883228,285.00,5.07876927,0
1505863273,21883226,284.99,1.20441784,0
1505863273,21883223,284.99,2.11116800,0
1505863268,21883200,285.01,10.82998720,1
1505863266,21883191,285.01,6.28318700,0
1505863265,21883190,285.00,1.17878672,1
1505863261,21883184,285.02,2.53598600,0
1505863261,21883183,285.00,0.27960000,0
1505863261,21883181,285.00,0.50000000,0
1505863255,21883169,284.39,7.25738954,1
1505863251,21883161,284.38,9.59877284,1
1505863229,21883142,284.33,4.99986019,1
1505863229,21883141,284.33,0.27960000,1
1505863228,21883140,284.38,0.00010841,1
1505863203,21883095,284.96,7.08000000,0
1505863198,21883089,284.96,19.79843824,0
1505863198,21883088,284.95,0.19446982,0
1505863178,21883074,284.96,0.08693018,0
1505863173,21883064,284.97,6.09329008,0
1505863170,21883056,284.97,26.29191180,0
1505863169,21883054,284.96,0.78669400,0
1505863169,21883053,284.95,2.92139420,0
1505863141,21883026,284.95,19.99639923,0
1505863108,21882996,284.95,14.29697247,0
1505863108,21882995,284.95,29.60000000,0
1505863108,21882994,284.73,0.40000000,0
1505863082,21882982,284.38,0.39989159,1
1505863082,21882980,284.58,0.00006355,1
1505863081,21882977,284.58,0.39993645,1
1505863081,21882976,284.73,0.00003203,1
1505863079,21882973,284.73,0.39996797,1
1505863079,21882972,284.95,3.93188665,0
1505863068,21882970,284.95,2.60234745,0
1505863068,21882969,284.94,10.54000000,0
1505863068,21882968,284.81,2.92216513,0
1505863065,21882965,284.81,3.93188665,0
1505863051,21882933,284.84,30.00000000,0
1505863022,21882914,284.93,26.85848234,0
1505863022,21882913,284.39,0.29015566,0
1505863021,21882912,284.38,0.23000000,0
1505862997,21882902,283.96,10.53984431,1
1505862996,21882899,284.39,0.29015569,1
1505862991,21882888,284.96,0.24280065,1
1505862991,21882886,284.96,0.63186722,1
1505862991,21882885,284.96,0.36526874,1
1505862991,21882883,284.96,0.42142526,1
1505862989,21882879,284.94,0.05000000,0
1505862989,21882878,284.83,0.05000000,0
1505862989,21882877,284.82,0.48000000,0
1505862989,21882876,284.80,0.05000000,0
1505862989,21882875,284.80,0.05000000,0
1505862989,21882874,284.80,0.05000000,0
1505862989,21882873,284.70,0.23000000,0
1505862977,21882861,283.85,5.03456280,1
1505862951,21882841,284.72,26.72000000,0
1505862951,21882840,284.70,3.05000000,0
1505862951,21882839,284.55,0.23000000,0
1505862897,21882831,283.67,0.23000000,0
1505862894,21882830,284.77,15.03167814,0
1505862894,21882829,284.59,0.05000000,0
1505862894,21882828,284.58,0.05000000,0
1505862894,21882827,284.55,0.05000000,0
1505862894,21882826,284.55,0.05000000,0
1505862893,21882825,284.51,0.29173443,0
1505862893,21882824,284.47,0.04559833,0
1505862893,21882823,284.40,0.05000000,0
1505862893,21882822,284.40,0.06198910,0
1505862893,21882821,284.38,0.05000000,0
1505862893,21882820,284.37,13.58900000,0
1505862893,21882819,284.35,0.05000000,0
1505862893,21882818,284.35,0.05000000,0
1505862893,21882817,284.29,0.05000000,0
1505862892,21882816,284.23,0.05000000,0
1505862892,21882815,284.20,0.05000000,0
1505862892,21882814,284.20,0.05000000,0
1505862892,21882813,284.04,0.05000000,0
1505862892,21882812,283.84,0.05000000,0
1505862892,21882811,283.69,0.05000000,0
1505862892,21882810,283.68,0.23000000,0
1505862871,21882805,283.45,1.37136845,1
1505862843,21882797,283.91,1.95000000,0
1505862840,21882788,283.90,0.23000000,0
1505862839,21882787,284.15,2.18971091,0
1505862839,21882786,284.10,0.47291055,0
1505862839,21882785,284.04,2.11237854,0
1505862839,21882784,284.03,24.99500000,0
1505862839,21882783,283.92,0.23000000,0
1505862808,21882776,283.39,5.96053325,1
1505862808,21882775,283.39,0.28140000,1
1505862808,21882774,283.50,0.29106475,1
1505862804,21882771,284.09,5.37105765,1
1505862803,21882770,284.07,1.10447000,0
1505862803,21882769,284.07,0.60447235,0
1505862802,21882768,284.09,0.60447236,1
1505862802,21882766,284.07,5.46552764,0
1505862801,21882764,284.07,0.50000000,0
1505862801,21882762,284.07,0.51000000,1
1505862801,21882760,284.07,0.09447236,1
1505862801,21882757,284.09,5.98000000,0
1505862800,21882755,284.07,0.50000000,1
1505862798,21882748,284.07,5.97552764,1
1505862798,21882744,284.07,0.00000222,1
1505862798,21882743,284.07,0.27999778,1
1505862798,21882741,284.07,0.23000000,1
1505862797,21882740,284.07,0.00000222,1
1505862796,21882734,284.07,6.56859778,1
1505862795,21882732,284.06,0.28140000,0
1505862795,21882731,283.75,0.23000000,0
1505862775,21882717,283.98,1.18789500,0
1505862775,21882716,283.76,0.74068000,0
1505862772,21882713,283.29,1.00000000,1
1505862769,21882707,283.27,4.35280178,1
1505862765,21882706,284.00,11.87254627,0
1505862765,21882705,283.77,0.23000000,0
1505862765,21882704,283.26,0.88169873,0
1505862765,21882703,283.26,1.00000000,0
1505862753,21882697,283.18,0.88178637,1
1505862752,21882694,283.26,2.11820378,1
1505862752,21882693,283.26,0.00000985,1
1505862749,21882685,283.26,0.28139015,1
1505862749,21882684,283.28,0.00000455,1
1505862746,21882679,283.29,0.74068000,1
1505862742,21882676,283.28,8.84668597,1
1505862740,21882669,283.28,12.84898172,1
1505862738,21882662,283.28,13.18332776,1
1505862735,21882649,283.26,3.42521673,0
1505862734,21882647,283.26,10.82000000,0
1505862729,21882639,284.10,1.52708945,0
1505862729,21882637,283.84,0.23000000,0
1505862720,21882633,284.09,0.57996867,1
1505862719,21882631,284.05,0.05000000,0
1505862719,21882630,283.92,0.15988500,0
1505862719,21882629,283.86,0.23000000,0
1505862719,21882628,283.85,0.73922233,0
1505862702,21882611,283.92,0.12181500,0
1505862702,21882610,283.88,0.23000000,0
1505862674,21882589,283.25,0.73922233,1
1505862674,21882587,283.26,0.00000754,1
1505862673,21882582,283.26,0.28169246,1
1505862673,21882581,283.26,10.79490558,1
1505862672,21882579,283.93,0.17904500,0
1505862672,21882575,283.93,22.09723266,0
1505862671,21882573,283.92,2.11327134,0
1505862671,21882571,283.91,0.23000000,0
1505862671,21882568,283.26,11.29275500,1
1505862668,21882555,283.26,16.49333942,1
1505862661,21882551,283.93,1.52951000,0
1505862661,21882550,283.92,0.23000000,0
1505862642,21882545,283.93,0.01000000,0
1505862642,21882544,283.91,0.23000000,0
1505862609,21882530,283.93,1.03020811,0
1505862609,21882529,283.92,0.28160000,0
1505862609,21882528,283.92,0.18000000,0
1505862609,21882527,283.92,0.23000000,0
1505862598,21882517,283.94,0.10880000,0
1505862598,21882516,283.59,0.23000000,0
1505862590,21882515,283.97,0.74667342,0
1505862590,21882514,283.61,0.23000000,0
1505862590,21882513,283.60,0.76270369,0
1505862582,21882510,283.15,0.00001165,1
1505862581,21882508,283.15,0.28158835,1
1505862578,21882498,283.14,16.49198461,1
1505862139,21882342,283.90,19.99992951,0
1505862115,21882334,283.98,14.42271778,0
1505862115,21882333,283.97,0.21000000,0
1505862115,21882332,283.68,5.13721173,0
1505862115,21882331,283.67,0.23000000,0
1505862102,21882330,283.68,4.75718989,0
1505862102,21882329,283.68,0.31000000,0
1505862099,21882326,283.69,1.36998401,0
1505862099,21882325,283.46,0.14864525,0
1505862099,21882324,283.45,0.45000000,0
1505862093,21882320,284.03,30.21835334,0
1505862093,21882319,284.03,0.37000000,1
1505862093,21882315,283.75,0.05000000,0
1505862092,21882312,283.70,0.20000000,0
1505862092,21882311,283.60,0.06198910,0
1505862092,21882310,283.46,21.59868275,1
1505862090,21882309,283.46,0.23000000,0
1505862081,21882299,283.59,10.35870965,0
1505862081,21882298,283.54,0.46000000,0
1505862081,21882297,283.50,0.05000000,0
1505862081,21882295,283.47,9.00900000,0
1505862081,21882293,282.83,0.12221986,0
1505862051,21882265,282.83,0.10778014,0
1505862041,21882248,283.44,0.76000000,0
1505862041,21882247,283.30,0.05000000,0
1505862041,21882246,283.15,0.05000000,0
1505862041,21882245,282.85,0.00000015,0
1505862041,21882244,282.84,0.23000000,0
1505862026,21882223,282.71,3.79909651,1
1505862026,21882221,282.71,1.20090349,1
1505862024,21882217,282.70,0.00003664,1
1505862024,21882216,282.70,3.99996336,1
1505862018,21882214,282.36,0.16875982,1
1505862018,21882213,282.74,0.00001018,1
1505862012,21882205,282.74,0.39998982,1
1505861979,21882174,282.85,1.20445043,0
1505861979,21882173,282.80,0.06198920,0
1505861979,21882172,282.70,0.74064437,0
1505861978,21882171,282.42,0.05000000,0
1505861894,21882082,282.35,27.38434800,1
1505861893,21882075,282.35,7.53405900,1
1505861892,21882073,282.35,14.42848132,1
1505861890,21882062,282.33,6.11063111,0
1505861889,21882052,282.33,6.49167231,1
1505861888,21882049,282.34,2.12471769,1
1505861887,21882039,282.33,2.46204900,1
1505861885,21882031,282.33,14.41280100,1
1505861881,21882009,282.31,22.98441147,1
1505861869,21882002,282.29,3.63509151,1
1505861864,21881996,282.28,5.36998718,1
1505861859,21881991,282.27,2.05712559,1
1505861856,21881988,282.24,0.74064437,1
1505861855,21881987,282.38,0.00003725,1
1505861843,21881962,282.39,10.80999665,0
1505861783,21881948,282.38,0.39996275,1
1505861739,21881934,282.49,15.75400385,0
1505861738,21881933,282.48,1.89000000,0
1505861738,21881932,282.23,0.30532566,0
1505861738,21881931,282.22,0.23000000,0
1505861733,21881929,282.23,1.82060000,0
1505861723,21881928,282.50,1.82060000,0
1505861714,21881926,282.52,19.12192346,0
1505861714,21881925,282.48,0.39999289,0
1505861714,21881924,282.45,0.17808365,0
1505861713,21881923,282.42,0.10000000,0
1505861713,21881922,282.39,0.05000000,0
1505861713,21881921,282.14,0.05000000,0
1505861713,21881920,281.94,0.05000000,0
1505861713,21881919,281.79,0.05000000,0
1505861608,21881891,281.39,0.16878000,1
1505861466,21881826,281.49,0.05000000,0
1505861466,21881824,281.48,0.74266000,0
1505861466,21881823,281.47,0.23000000,0
1505861454,21881820,281.19,0.05000000,0
1505861371,21881796,281.15,0.23000000,0
1505861371,21881795,281.15,0.28298964,0
1505861337,21881788,281.08,0.05000000,1
1505861337,21881787,281.08,0.05000000,1
1505861336,21881786,281.09,0.05000000,1
1505861237,21881767,280.29,59.62119663,1
1505861237,21881766,281.35,0.67563165,1
1505861224,21881761,281.98,11.00000000,0
1505861147,21881744,281.35,0.32436835,1
1505861147,21881743,281.46,2.36109500,1
1505861147,21881742,281.89,0.17808365,1
1505861012,21881681,281.86,1.81129700,0
1505861010,21881680,281.86,62.12270300,0
1505861008,21881677,281.89,21.96600000,1
1505861008,21881676,281.89,0.10000000,1
1505860989,21881651,282.48,0.00000711,1
1505860986,21881647,282.48,0.39999289,1
1505860986,21881643,282.63,0.40000000,1
1505860848,21881620,282.74,26.28000000,0
1505860848,21881619,282.73,3.72000000,0
1505860802,21881572,282.81,30.00000000,0
1505860777,21881561,282.50,1.02506000,1
1505860777,21881560,282.51,0.23000000,1
1505860764,21881554,282.50,8.97494000,1
1505860764,21881553,282.51,0.23000000,1
1505860764,21881552,282.52,0.74266000,1
1505860764,21881551,282.52,0.28240000,1
1505860698,21881535,282.85,0.28201036,0
1505860698,21881534,282.83,0.17748964,0
1505860698,21881533,282.78,0.73950000,0
1505860684,21881530,282.77,0.59260000,0
1505860684,21881529,282.77,0.74079999,0
1505860684,21881528,282.76,0.05000000,0
1505860684,21881527,282.76,0.05000000,0
1505860684,21881526,282.61,0.05000000,0
1505860684,21881525,282.51,0.05000000,0
1505860623,21881517,282.31,0.05000000,0
1505860621,21881515,282.16,0.05000000,1
1505860460,21881478,281.86,0.41725997,1
1505860426,21881439,281.76,0.16377600,1
1505860425,21881438,281.76,0.76330000,1
1505860425,21881437,282.31,0.23000000,1
1505860418,21881436,282.05,0.05000000,1
1505860418,21881435,282.27,0.17748964,1
1505860418,21881434,282.30,0.05000000,1
1505860413,21881429,282.31,0.23000000,1
1505860403,21881428,282.31,0.73950000,1
1505860403,21881427,282.50,0.05000000,1
1505860403,21881426,282.51,0.23000000,1
1505860392,21881421,282.65,0.05000000,1
1505860372,21881414,282.27,2.71211854,1
1505860372,21881413,282.76,0.23000000,1
1505860356,21881410,282.76,0.23000000,1
1505860285,21881376,282.66,1.20445058,1
1505860236,21881344,282.62,0.09677258,1
1505860226,21881336,282.61,0.23000000,1
1505860212,21881324,283.42,7.99739400,0
1505860208,21881321,283.44,6.80014634,0
1505860208,21881320,283.30,0.05000000,0
1505860208,21881319,283.18,0.17692226,0
1505860208,21881318,283.00,0.74032540,0
1505860204,21881313,282.98,0.23000000,0
1505860192,21881305,282.48,0.16629269,1
1505860192,21881304,282.54,0.05000000,1
1505860192,21881303,282.74,0.05000000,1
1505860192,21881301,282.89,0.05000000,1
1505860171,21881286,283.00,1.31228030,0
1505860170,21881285,282.99,0.23000000,0
1505860170,21881284,282.95,0.74032570,0
1505860161,21881279,282.96,2.88773100,0
1505860155,21881274,283.00,0.00309946,0
1505860154,21881273,282.95,0.61679164,1
1505860152,21881267,283.00,7.94429484,0
1505860152,21881266,282.96,0.05000000,0
1505860152,21881265,282.95,2.05570516,0
1505860149,21881263,282.84,1.25000000,0
1505860149,21881262,282.81,0.50000000,0
1505860149,21881261,282.62,0.06464539,0
1505860149,21881260,282.59,0.23000000,0
1505860084,21881208,282.27,0.55000000,1
1505860084,21881206,282.27,6.53788146,1
1505860083,21881204,282.28,0.54211854,1
1505860057,21881160,282.28,0.19820146,1
1505860057,21881159,282.28,0.30179854,1
1505860048,21881155,282.28,0.50000000,1
1505860038,21881154,282.28,0.50000000,1
1505860027,21881150,282.28,0.50000000,1
1505860017,21881146,282.28,0.21740000,1
1505860017,21881145,282.28,0.28260000,1
1505860006,21881139,282.32,0.50000000,1
1505859955,21881117,282.60,3.63775697,1
1505859955,21881116,282.60,7.08000000,0
1505859955,21881115,282.59,0.05000000,0
1505859955,21881114,282.44,0.05000000,0
1505859955,21881113,282.28,0.29403543,0
1505859954,21881112,282.27,0.23000000,0
1505859915,21881097,282.14,5.13404713,0
1505859915,21881096,282.14,1.20667137,0
1505859915,21881095,281.82,0.06450925,0
1505859914,21881094,281.82,0.06450925,0
1505859825,21881049,281.34,0.31662431,1
1505859808,21881028,281.72,5.34569850,0
1505859808,21881027,281.71,0.10098150,0
1505859808,21881026,281.71,0.12901850,0
1505859801,21881023,281.72,1.41332500,0
1505859801,21881022,281.72,0.22667000,0
1505859798,21881018,281.76,2.58293000,1
1505859798,21881017,281.76,4.27040000,1
1505859798,21881016,281.54,0.23000000,0
1505859794,21881011,281.76,1.63667033,0
1505859794,21881010,281.58,0.05000000,0
1505859794,21881008,281.56,0.00000500,0
1505859793,21881007,281.55,0.00008467,0
1505859780,21881001,281.55,0.22991533,0
1505859774,21881000,281.53,0.46230400,0
1505859771,21880996,281.53,0.27999030,0
1505859771,21880995,281.53,0.00008463,0
1505859770,21880992,281.53,0.22991537,0
1505859767,21880989,281.54,2.26076038,0
1505859766,21880987,281.54,0.50920000,0
1505859763,21880981,281.54,0.46310000,0
1505859746,21880978,281.56,0.49999500,0
1505859737,21880975,281.37,1.86392800,0
1505859737,21880973,281.36,0.23000000,0
1505859726,21880953,281.41,0.86577946,0
1505859726,21880952,281.38,0.05000000,0
1505859726,21880951,281.23,0.05000000,0
1505859671,21880920,280.93,0.57000000,0
1505859588,21880900,281.66,0.44110400,0
1505859577,21880893,281.71,2.09002854,0
1505859576,21880892,281.42,0.05000000,0
1505859576,21880891,281.17,0.05000000,0
1505859576,21880890,280.96,0.25600000,0
1505859576,21880889,280.91,0.28390000,0
1505859503,21880872,281.15,5.51593530,0
1505859502,21880871,280.98,0.05000000,0
1505859502,21880870,280.83,0.05000000,0
1505859497,21880864,280.47,0.70743000,0
1505859496,21880862,280.75,0.25600000,1
1505859495,21880859,280.80,0.74230000,1
1505859459,21880840,280.53,0.28390000,1
1505859459,21880839,280.64,0.29403543,1
1505859459,21880838,280.77,0.05000000,1
1505859459,21880837,281.20,0.06450925,1
1505859444,21880820,281.68,2.09489491,1
1505859444,21880819,281.02,0.06455064,0
1505859443,21880818,280.96,0.59235859,0
1505859419,21880816,280.96,0.36325541,0
1505859419,21880815,280.93,0.05000000,0
1505859419,21880814,280.91,0.05000000,0
1505859407,21880812,280.84,2.02995800,0
1505859407,21880811,280.78,0.05000000,0
1505859179,21880740,280.48,14.15438625,0
1505859179,21880739,280.47,0.05000000,0
1505859179,21880738,280.30,15.79561375,0
1505859162,21880732,280.30,5.70932200,0
1505859138,21880703,280.45,8.65040000,1
1505859135,21880698,280.36,16.48126600,0
1505859135,21880697,280.35,0.69493400,0
1505859135,21880696,280.35,4.17000000,0
1505859135,21880695,280.34,8.65380000,0
1505859081,21880666,280.02,0.40210400,1
1505859079,21880663,280.00,0.45102500,1
1505859064,21880644,280.00,32.44506378,1
1505859062,21880643,280.46,0.45000000,0
1505859062,21880642,280.32,0.05000000,0
1505859058,21880640,280.00,2.18278600,1
1505859050,21880636,280.01,2.00000000,1
1505859050,21880635,280.04,3.89712591,1
1505859035,21880634,280.00,20.00000000,1
1505859034,21880633,280.00,1.88391152,1
1505859034,21880632,280.01,5.03564548,1
1505859019,21880622,280.02,1.00000000,1
1505858951,21880591,280.00,3.03360700,1
1505858947,21880590,280.00,12.57529200,1
1505858939,21880583,280.01,3.09000000,1
1505858938,21880582,280.02,8.65380000,1
1505858878,21880547,280.91,0.50000000,0
1505858861,21880543,280.95,0.25600000,0
1505858851,21880541,280.00,43.72544936,1
1505858851,21880540,280.00,6.78000000,1
1505858851,21880539,280.01,3.42000000,1
1505858851,21880538,280.01,2.00000000,1
1505858851,21880537,280.04,60.62700000,1
1505858851,21880536,280.05,0.05000000,1
1505858851,21880535,280.35,0.05000000,1
1505858851,21880534,280.40,0.06455064,1
1505858850,21880533,280.60,0.05000000,1
1505858850,21880532,280.62,13.11300000,1
1505858850,21880531,280.80,0.05000000,1
1505858850,21880530,280.95,0.05000000,1
1505858821,21880518,280.97,1.00000100,1
1505858780,21880498,281.06,1.90869800,1
1505858772,21880480,281.11,0.05045775,1
1505858771,21880478,281.20,0.06450925,1
1505858771,21880477,281.35,1.00000000,1
1505858771,21880476,281.55,0.50000000,1
1505858771,21880475,281.56,0.29346000,1
1505858719,21880443,281.87,0.70777309,1
1505858636,21880404,281.59,0.44937000,1
1505858627,21880398,281.58,2.09894000,1
1505858545,21880375,281.63,0.38169900,1
1505858519,21880343,282.22,3.73963400,0
1505858519,21880342,282.05,0.05000000,0
1505858511,21880340,282.00,5.00000000,0
1505858511,21880339,281.97,0.74180000,0
1505858511,21880338,281.96,2.71875028,0
1505858511,21880337,281.92,0.28360000,0
1505858511,21880336,281.90,0.05000000,0
1505858511,21880335,281.82,0.06436700,0
1505858431,21880302,281.76,0.12251200,0
1505858405,21880291,281.78,0.02129321,0
1505858374,21880278,281.07,3.81674969,1
1505858374,21880277,281.14,0.05000000,1
1505858374,21880276,281.20,0.06436700,1
1505858373,21880275,281.27,0.28360000,1
1505858373,21880274,281.34,0.05000000,1
1505858373,21880272,281.49,0.05000000,1
1505858371,21880270,281.50,0.47528331,1
1505858274,21880232,281.60,0.03020300,1
1505858274,21880231,281.61,0.04948100,1
1505858271,21880227,281.61,0.69231900,1
1505858271,21880226,281.74,0.05000000,1
1505858219,21880204,282.13,0.47432959,0
1505858218,21880203,282.18,6.08966500,0
1505858218,21880202,282.15,0.05000000,0
1505858218,21880201,282.14,1.73330000,0
1505858218,21880200,282.08,0.74055000,0
1505858091,21880139,281.85,0.92315759,0
1505858090,21880138,281.87,7.63000000,1
1505858090,21880137,282.00,0.06464539,1
1505858089,21880136,282.02,0.74055000,0
1505858088,21880135,282.02,0.25600000,1
1505858062,21880125,282.70,1.59869119,0
1505857982,21880101,282.46,0.30666289,1
1505857980,21880099,282.36,0.05000000,0
1505857977,21880097,282.01,0.69213858,1
1505857959,21880092,282.23,2.97717900,0
1505857959,21880091,282.22,0.44882800,0
1505857959,21880090,282.17,0.44882800,0
1505857955,21880089,282.12,0.07047200,0
1505857944,21880088,282.18,0.29414004,0
1505857944,21880087,282.06,0.05000000,0
1505857944,21880086,281.82,0.06468706,0
1505857944,21880085,281.81,0.05000000,0
1505857935,21880081,281.63,0.23000000,0
1505857935,21880080,281.63,0.62623323,0
1505857935,21880079,281.61,0.05000000,0
1505857935,21880078,281.46,0.05000000,0
1505857861,21880060,281.16,0.64884763,0
1505857858,21880055,281.16,0.34809749,0
1505857858,21880054,281.16,0.91028185,0
1505857853,21880050,281.63,2.18425300,0
1505857851,21880048,281.63,5.01178852,0
1505857846,21880043,280.94,0.06708299,1
1505857841,21880039,281.63,2.99889800,0
1505857831,21880031,281.63,0.88026000,0
1505857826,21880029,281.62,1.88000000,1
1505857823,21880027,281.00,0.74326000,1
1505857822,21880025,281.63,0.20704825,0
1505857822,21880024,281.62,0.12000000,0
1505857822,21880023,281.20,3.00000000,0
1505857820,21880022,281.02,0.25700000,0
1505857820,21880021,281.00,1.60000000,0
1505857820,21880020,281.00,3.00000000,0
1505857809,21880016,280.57,0.68059526,1
1505857809,21880015,280.57,0.10651140,1
1505857800,21880007,280.60,1.00000000,1
1505857788,21880004,280.67,2.00000000,1
1505857788,21880003,280.68,0.63099396,1
1505857779,21880002,280.80,2.13676069,1
1505857766,21879944,280.76,0.05000000,1
1505857766,21879943,280.81,0.25700000,1
1505857766,21879942,280.91,0.05000000,1
1505857766,21879941,280.92,0.23000000,1
1505857757,21879940,280.92,6.10000000,0
1505857756,21879938,280.96,0.74326000,1
1505857756,21879937,280.99,0.23000000,1
1505857743,21879934,281.63,2.98604000,0
1505857729,21879922,281.47,2.13166590,0
1505857729,21879921,281.47,0.05000000,0
1505857729,21879920,281.39,0.74212000,0
1505857729,21879919,281.32,0.05000000,0
1505857720,21879915,281.02,5.00000000,0
1505857720,21879914,281.00,2.21517452,0
1505857711,21879912,281.00,0.21824700,0
1505857707,21879910,281.00,0.56657848,1
1505857680,21879903,281.00,0.20346400,1
1505857680,21879902,281.02,0.23000000,1
1505857680,21879901,281.03,0.74212000,1
1505857666,21879900,281.02,0.23000000,1
1505857658,21879896,281.02,2.13625803,1
1505857657,21879895,281.02,0.23000000,1
1505857628,21879887,281.05,0.96798493,0
1505857612,21879868,281.54,7.33200993,1
1505857612,21879867,281.54,0.06111000,1
1505857612,21879865,281.54,2.13219616,1
1505857611,21879864,281.63,0.54042331,0
1505857611,21879863,281.54,0.74077000,0
1505857599,21879848,281.35,0.05000000,0
1505857575,21879832,281.02,5.87164300,1
1505857543,21879822,281.00,0.40000500,1
1505857529,21879814,281.20,0.05000000,0
1505857516,21879803,281.00,3.67007200,1
1505857516,21879802,281.02,0.23000000,1
1505857508,21879792,281.00,0.77000000,1
1505857508,21879791,281.01,0.23000000,1
1505857492,21879777,281.00,3.33130400,1
1505857492,21879776,281.01,0.23000000,1
1505857483,21879770,281.00,0.77000000,1
1505857482,21879769,281.03,0.23000000,1
1505857403,21879729,280.90,4.71679700,1
1505857403,21879728,280.91,0.23000000,1
1505857393,21879721,280.91,2.12995488,0
1505857393,21879720,281.20,0.06468706,1
1505857393,21879719,281.23,0.68657600,1
1505857392,21879718,281.24,0.23000000,1
1505857382,21879712,281.23,0.05419400,1
1505857382,21879711,281.23,0.23000000,1
1505857364,21879704,281.22,0.06111000,1
1505857364,21879703,281.55,0.41000000,1
1505857345,21879689,281.55,0.05000000,0
1505857339,21879686,281.33,4.10000000,1
1505857333,21879684,281.33,6.93413046,0
1505857333,21879683,281.20,0.05000000,0
1505857333,21879681,281.02,0.06472896,0
1505857333,21879680,280.90,0.05000000,0
1505857332,21879679,280.88,2.13614355,0
1505857332,21879677,280.71,0.22980600,0
1505857310,21879653,280.65,0.05000000,0
1505857275,21879634,280.46,0.01921453,0
1505857269,21879618,280.49,11.93881500,0
1505857265,21879612,280.51,0.15712042,0
1505857265,21879611,280.45,0.05000000,0
1505857265,21879610,280.44,0.74287958,0
1505857265,21879609,280.30,0.05000000,0
1505857263,21879606,280.00,13.00000000,1
1505857234,21879582,280.54,0.50000000,0
1505857214,21879571,280.00,0.22000000,1
1505857213,21879567,280.01,3.99000000,1
1505857211,21879566,280.65,5.00000000,1
1505857172,21879557,280.08,0.22128203,1
1505857172,21879556,280.26,0.05000000,1
1505857172,21879555,280.40,0.06472896,1
1505857163,21879552,280.71,0.77019400,0
1505857134,21879531,281.02,0.36273458,0
1505857100,21879506,280.45,4.63643696,1
1505857100,21879504,280.54,0.29414004,1
1505857100,21879503,280.61,0.05000000,1
1505857099,21879502,280.91,0.05000000,1
1505857073,21879481,281.00,3.21753117,1
1505857072,21879477,281.00,1.83850962,1
1505857072,21879476,281.00,23.68535138,1
1505857069,21879468,281.01,0.29753100,1
1505857068,21879465,281.00,0.25600000,1
1505857067,21879461,281.01,3.54505569,0
1505857064,21879453,281.00,2.92000000,1
1505857063,21879452,281.00,70.95935400,1
1505857059,21879443,281.01,2.00000000,1
1505857058,21879441,281.03,7.08000000,1
1505857058,21879440,281.13,0.23000000,1
1505857057,21879437,281.11,7.08000000,1
1505857051,21879429,281.09,2.00000000,1
1505857051,21879428,281.10,6.29127000,1
1505857050,21879426,281.11,0.79000000,0
1505857047,21879420,281.10,0.78873000,1
1505857047,21879419,281.16,0.05000000,1
1505857047,21879418,281.36,0.05000000,1
1505857047,21879416,281.51,0.05000000,1
1505857039,21879408,281.62,15.43494431,1
1505857039,21879407,281.63,0.23000000,1
1505857038,21879406,281.62,5.50000000,1
1505857037,21879405,281.62,4.84000000,1
1505857035,21879403,281.62,1.38810000,1
1505857034,21879402,281.62,20.46886365,1
1505857034,21879401,281.63,0.35043635,1
1505857029,21879398,281.63,0.13000000,1
1505857028,21879397,281.64,0.23000000,1
1505857025,21879394,281.97,0.16690000,0
1505857025,21879393,281.97,0.28310000,0
1505857025,21879392,281.92,0.05000000,0
1505857024,21879390,281.63,0.02000000,1
1505857024,21879389,281.64,0.23000000,1
1505856991,21879306,281.62,3.92772328,1
1505856991,21879304,281.63,0.26900000,1
1505856991,21879303,281.63,0.23000000,1
1505856972,21879281,281.62,18.13736876,1
1505856972,21879280,281.63,0.28310000,1
1505856972,21879279,281.63,1.03650000,1
1505856972,21879278,281.77,0.05000000,1
1505856972,21879277,281.97,0.25600000,1
1505856972,21879276,282.20,0.00000036,1
1505856972,21879275,282.21,0.23000000,1
1505856895,21879210,282.37,2.00000000,0
1505856864,21879185,282.26,0.50000000,0
1505856844,21879156,282.20,4.09240000,1
1505856837,21879155,282.20,0.90759964,0
1505856820,21879148,282.20,0.25600000,0
1505856820,21879147,282.18,0.51720000,0
1505856819,21879146,282.17,0.51720000,0
1505856819,21879145,282.15,10.78000000,0
1505856735,21879108,282.10,35.50923398,1
1505856735,21879107,282.11,10.78000000,1
1505856735,21879106,282.12,0.51720000,1
1505856735,21879105,282.13,0.23000000,1
1505856705,21879093,282.28,0.05000000,0
1505856672,21879082,282.34,0.21830000,0
1505856672,21879081,282.31,0.28170000,0
1505856624,21879060,282.48,0.51662183,0
1505856607,21879042,281.91,1.63720200,1
1505856607,21879040,281.92,0.23000000,1
1505856605,21879037,281.91,3.10559600,1
1505856599,21879033,281.91,1.81720200,1
1505856599,21879032,282.10,0.05000000,1
1505856597,21879030,282.25,0.05000000,1
1505856596,21879029,282.33,9.38680000,1
1505856524,21879001,282.36,0.05000000,1
1505856459,21878969,282.35,0.20334884,1
1505856459,21878968,282.35,6.39112090,1
1505856459,21878967,282.36,0.23000000,1
1505856458,21878966,282.37,0.25600000,1
1505856448,21878964,282.35,0.68887910,1
1505856447,21878963,282.35,0.05000000,1
1505856447,21878962,282.36,0.30077714,1
1505856447,21878961,282.50,0.05000000,1
1505856447,21878960,282.60,0.17650389,1
1505856446,21878959,282.61,0.17692226,1
1505856427,21878941,283.24,0.30000000,0
1505856427,21878940,283.06,0.05000000,0
1505856427,21878939,282.91,0.05000000,0
1505856427,21878938,282.90,0.10000000,0
1505856329,21878877,282.61,0.15823920,1
1505856323,21878874,282.79,14.46398602,1
1505856323,21878873,283.30,0.06455000,1
1505856323,21878871,283.30,0.28170000,1
1505856316,21878867,283.29,0.50000000,1
1505856315,21878866,283.29,2.00000000,1
1505856315,21878865,283.29,0.04999452,1
1505856291,21878852,283.33,0.24490000,1
1505856227,21878800,283.74,0.06446042,0
1505856200,21878780,283.60,14.06170269,1
1505856175,21878773,283.60,0.05000000,0
1505856055,21878732,283.30,1.20667137,1
1505856054,21878731,283.37,0.50000000,1
1505856054,21878730,283.37,0.74209000,1
1505856054,21878729,283.41,0.05000000,1
1505856054,21878728,283.56,0.01000000,1
1505855943,21878657,283.98,16.80380522,0
1505855943,21878656,283.97,0.05000000,0
1505855911,21878624,283.56,0.04000000,1
1505855898,21878611,283.98,0.04188609,0
1505855898,21878610,283.87,0.04559833,0
1505855898,21878609,283.80,12.44382330,0
1505855882,21878603,283.80,1.27870559,0
1505855882,21878601,283.80,9.61560056,0
1505855882,21878600,283.74,4.58000000,0
1505855882,21878599,283.73,4.52216973,0
1505855865,21878587,283.67,5.06363027,0
1505855837,21878558,283.29,0.84488858,0
1505855837,21878556,283.29,0.36181790,0
1505855813,21878528,283.25,0.36355330,0
1505855804,21878519,283.25,0.28180000,0
1505855804,21878517,283.14,0.05000000,0
1505855804,21878516,282.86,0.00000527,0
1505855803,21878514,282.86,0.74331100,0
1505855563,21878370,282.84,2.07269768,0
1505855563,21878369,282.84,0.35470232,0
1505855496,21878327,282.27,4.58435242,0
1505855496,21878326,282.44,0.05000000,1
1505855496,21878325,282.66,0.50000000,0
1505855495,21878324,282.69,0.05000000,1
1505855495,21878323,282.89,0.05000000,1
1505855495,21878322,283.00,2.61974900,1
1505855493,21878321,283.01,0.84488858,1
1505855488,21878312,283.01,0.36181790,1
1505855467,21878297,283.00,13.10793300,1
1505855467,21878296,283.00,2.77231800,1
1505855467,21878295,283.04,0.05000000,1
1505855391,21878246,283.15,0.74331627,1
1505855383,21878239,283.14,0.61100317,1
1505855383,21878238,283.14,2.62064200,1
1505855380,21878236,283.13,6.35415483,0
1505855380,21878235,283.79,26.13989217,1
1505855380,21878234,283.43,2.56413900,0
1505855379,21878233,283.26,1.20565044,0
1505855379,21878232,283.15,2.52000000,0
1505855378,21878229,283.13,6.72673332,1
1505855378,21878228,283.13,23.95300000,1
1505855377,21878227,283.13,7.28897500,0
1505855374,21878225,282.93,2.29885000,0
1505855374,21878224,282.92,1.66000000,0
1505855374,21878223,282.92,3.29580000,0
1505855374,21878222,282.42,0.74535000,0
1505855292,21878187,282.27,17.68700180,1
1505855292,21878186,282.30,0.50000000,1
1505855291,21878185,282.33,0.05000000,1
1505855280,21878169,282.36,0.74535000,1
1505855280,21878168,282.38,4.13610000,1
1505855280,21878167,282.45,2.92164984,1
1505855278,21878166,282.39,3.29580000,1
1505855273,21878164,283.24,4.82623493,1
1505855273,21878163,283.24,0.74302000,1
1505855273,21878162,283.24,7.42979181,1
1505855273,21878161,283.23,4.58350430,1
1505855271,21878160,282.35,4.02924200,1
1505855270,21878159,282.35,1.42248300,1
1505855270,21878158,282.44,0.50000000,1
1505855257,21878152,282.81,1.20565044,1
1505855246,21878130,282.80,0.74302000,1
1505855246,21878129,282.80,0.28180000,1
1505855243,21878115,282.81,0.02257900,1
1505855236,21878108,283.78,8.55063781,0
1505855236,21878107,283.64,0.05000000,0
1505855236,21878106,283.40,0.04559833,0
1505855235,21878105,283.34,0.05000000,0
1505855235,21878104,283.09,0.05000000,0
1505855234,21878103,283.00,1.13761562,0
1505855234,21878102,283.00,0.23000000,1
1505855234,21878101,282.99,0.05000000,0
1505855234,21878100,282.99,0.06722891,0
1505855233,21878097,282.98,0.23000000,0
1505855233,21878096,282.89,0.05000000,0
1505855231,21878094,282.74,0.05000000,0
1505855209,21878084,282.66,3.42230879,0
1505855209,21878083,282.63,3.82891318,0
1505855208,21878082,282.46,2.02445097,0
1505855208,21878081,282.44,0.19466506,0
1505855195,21878077,282.44,0.03533494,0
1505855170,21878070,282.44,0.07766000,0
1505855161,21878058,282.45,0.03533369,0
1505855161,21878057,282.45,0.03533369,0
1505855160,21878054,282.25,0.00037126,1
1505855160,21878053,282.35,0.48000000,1
1505855160,21878051,282.35,0.04980874,1
1505855157,21878048,282.45,0.37868290,0
1505855153,21878038,282.45,5.00000000,0
1505855149,21878024,282.35,0.43019126,1
1505855144,21878001,282.45,0.30000000,0
1505855142,21877996,282.45,0.00405800,0
1505855142,21877994,282.35,0.48000000,0
1505855141,21877993,282.17,0.12122800,1
1505855141,21877992,282.33,0.08800000,1
1505855141,21877991,282.33,0.08800000,1
1505855140,21877990,282.33,0.08800000,1
1505855140,21877989,282.33,0.08800000,1
1505855140,21877987,282.33,0.08800000,1
1505855140,21877986,282.33,0.08800000,1
1505855140,21877985,282.33,0.08800000,1
1505855140,21877984,282.33,0.08800000,1
1505855137,21877972,282.20,0.08800104,0
1505855134,21877966,282.20,0.23220388,1
1505855133,21877964,282.20,0.26779612,0
1505855132,21877959,282.20,0.15864311,1
1505855132,21877956,282.20,1.07325689,1
1505855132,21877950,282.20,4.31000000,1
1505855127,21877944,282.19,0.17979506,1
1505855116,21877918,282.18,0.97692344,1
1505855069,21877868,282.21,0.62996300,1
1505855066,21877866,282.19,0.81187800,1
1505855065,21877862,282.46,0.09169200,0
1505855064,21877858,282.46,1.11346100,0
1505855062,21877855,282.46,0.00869602,0
1505855062,21877854,282.45,0.80476498,0
1505855059,21877843,282.44,0.61014369,0
1505855059,21877842,282.00,0.50331731,0
1505855057,21877834,282.00,0.93807500,0
1505855055,21877825,282.00,0.05000000,1
1505855055,21877823,282.00,0.05000000,1
1505855055,21877822,282.02,2.95383469,1
1505855054,21877821,282.02,0.00477300,1
1505855054,21877820,282.03,0.50000000,1
1505855053,21877810,282.32,1.38191961,0
1505855053,21877808,282.31,0.93800000,0
1505855051,21877806,282.02,0.79999200,1
1505855049,21877804,282.46,1.63354302,1
1505855048,21877800,282.46,0.79999200,1
1505855047,21877795,282.37,0.80476498,0
1505855046,21877788,282.45,5.40000000,0
1505855046,21877786,282.45,3.23840000,0
1505855042,21877780,282.22,0.05000000,0
1505855042,21877779,282.02,0.05000000,0
1505855003,21877736,281.87,0.05000000,0
1505854968,21877708,281.57,2.93478062,0
1505854968,21877707,281.57,0.20823613,0
1505854968,21877706,281.77,0.50000000,1
1505854966,21877705,281.80,9.57640000,1
1505854937,21877687,282.28,0.46000000,0
1505854922,21877663,282.30,1.00000000,0
1505854912,21877649,282.30,0.05000000,1
1505854898,21877637,282.54,8.87670000,0
1505854898,21877635,282.48,0.23000000,0
1505854859,21877597,282.54,0.41620100,1
1505854858,21877595,282.30,0.05000000,0
1505854849,21877585,281.90,0.20136400,0
1505854829,21877552,282.10,0.05000000,0
1505854828,21877551,282.07,0.33729556,0
1505854828,21877550,281.95,0.05000000,0
1505854828,21877549,281.85,0.23000000,0
1505854820,21877534,281.86,1.06465983,0
1505854820,21877531,281.86,6.66321400,0
1505854818,21877529,281.88,0.10629500,1
1505854818,21877527,281.50,0.00000500,0
1505854810,21877511,281.50,0.20501400,0
1505854806,21877497,281.50,0.79454000,0
1505854806,21877496,281.49,0.20501400,0
1505854803,21877486,281.49,0.39748600,0
1505854794,21877465,281.15,1.35619991,1
1505854794,21877464,281.18,0.50000000,1
1505854793,21877463,281.19,0.05000000,1
1505854780,21877444,281.49,0.09400000,0
1505854778,21877442,281.39,0.05000000,1
1505854775,21877438,281.49,0.05000000,0
1505854703,21877372,281.65,0.00003731,0
1505854703,21877371,281.65,4.76996269,1
1505854701,21877368,281.55,0.23000000,0
1505854696,21877367,281.28,0.28711600,1
1505854640,21877335,281.43,1.68164011,0
1505854640,21877334,281.42,1.69135989,0
1505854640,21877333,281.39,0.28360000,0
1505854632,21877328,281.41,0.28360000,0
1505854630,21877325,281.43,0.22980039,1
1505854630,21877324,281.38,2.18809961,0
1505854630,21877323,281.38,2.09150839,1
1505854629,21877322,281.43,0.23000000,1
1505854623,21877309,281.39,5.46644839,1
1505854620,21877305,281.38,2.73557909,1
1505854599,21877291,281.37,0.22998287,1
1505854599,21877290,281.41,0.00001713,1
1505854594,21877283,281.41,1.07419087,1
1505854591,21877280,281.36,3.63177460,1
1505854590,21877277,281.35,1.16000089,1
1505854544,21877247,281.34,0.02362505,1
1505854506,21877231,281.35,0.22873562,1
1505854505,21877228,281.34,0.20625998,1
1505854503,21877224,281.35,0.23000000,1
1505854436,21877189,281.39,0.30477374,0
1505854436,21877188,281.40,0.23000000,1
1505854426,21877173,281.91,0.50000000,0
1505854426,21877171,281.88,0.05000000,0
1505854426,21877169,281.73,0.05000000,0
1505854426,21877167,281.72,2.86302518,0
1505854425,21877166,281.72,1.13135900,0
1505854425,21877165,281.51,0.23000000,0
1505854419,21877159,281.36,2.00000000,1
1505854380,21877096,281.38,3.93540591,0
1505854379,21877091,281.51,0.00115000,1
1505854378,21877085,281.51,0.22885000,1
1505854371,21877067,281.71,0.17700400,0
1505854340,21877044,281.70,1.38109600,0
1505854337,21877042,281.71,7.97700000,0
1505854302,21876993,281.43,8.96023871,1
1505854279,21876962,281.58,2.99351413,0
1505854279,21876961,281.57,0.28269665,0
1505854279,21876960,281.39,0.00000022,0
1505854273,21876953,281.39,3.42997300,0
1505854273,21876952,281.39,5.19958000,0
1505854270,21876946,281.58,0.02685533,1
1505854270,21876943,281.58,8.61914902,1
1505854269,21876942,281.58,1.20543442,1
1505854268,21876935,281.58,1.19756123,1
1505854247,21876919,282.54,3.27000000,0
1505854247,21876918,282.53,0.23000000,0
1505854247,21876916,281.65,1.20648994,1
1505854212,21876896,281.59,0.36069300,1
1505854210,21876894,281.59,0.36069300,1
1505854209,21876893,281.59,0.36069300,1
1505854207,21876891,281.58,0.36069300,1
1505854205,21876884,281.60,0.36069300,1
1505854203,21876881,281.59,1.14530000,1
1505854188,21876872,282.71,0.05560461,0
1505854188,21876871,282.05,0.23000000,0
1505854178,21876868,282.08,0.49999962,0
1505854178,21876867,282.07,1.88260138,0
1505854166,21876848,281.68,0.28269665,1
1505854163,21876830,282.95,16.00996642,0
1505854162,21876829,282.94,0.34000000,0
1505854162,21876828,282.77,0.05000000,0
1505854162,21876827,282.76,2.76000000,0
1505854162,21876826,282.76,2.71185380,1
1505854161,21876825,282.57,0.05000000,0
1505854161,21876824,282.42,0.05000000,0
1505854160,21876823,282.00,4.46669000,0
1505854160,21876822,282.00,0.23000000,1
1505854160,21876821,281.99,0.58030000,1
1505854159,21876820,281.84,0.58030000,0
1505854159,21876819,281.82,0.58030000,0
1505854159,21876818,281.80,0.58030000,1
1505854157,21876817,281.64,0.23000000,0
1505854146,21876814,281.40,9.61560056,1
1505854146,21876813,281.41,0.05000000,1
1505854136,21876806,281.51,2.12500015,1
1505854125,21876795,281.58,12.00000000,1
1505854125,21876794,281.60,0.58030000,1
1505854125,21876793,281.66,0.05000000,1
1505854125,21876792,281.86,0.05000000,1
1505854125,21876791,281.87,0.74650000,1
1505854125,21876790,282.01,0.05000000,1
1505854098,21876778,282.37,0.40139493,0
1505854098,21876777,282.11,0.23000000,0
1505854093,21876774,282.12,0.34903588,0
1505854080,21876759,282.12,2.12675457,0
1505854071,21876750,281.74,0.18578633,0
1505854071,21876749,281.74,3.11241928,0
1505854071,21876748,281.74,0.23000000,0
1505854019,21876717,281.81,0.34641500,0
1505854018,21876716,281.82,0.34641500,0
1505854016,21876714,281.75,0.16975896,0
1505854016,21876713,281.74,0.17665604,0
1505854012,21876707,281.73,0.40339000,0
1505854012,21876706,281.70,0.05000000,0
1505854012,21876705,281.50,0.05000000,0
1505854012,21876704,281.35,0.05000000,0
1505854012,21876703,281.34,0.23000000,0
1505853947,21876607,281.33,0.74792900,0
1505853932,21876581,281.00,0.33701000,1
1505853929,21876576,281.00,0.05000000,1
1505853893,21876541,281.01,1.03029000,0
1505853893,21876540,281.16,0.42871000,1
1505853893,21876538,281.18,0.23000000,1
1505853885,21876525,281.04,2.26482247,1
1505853876,21876510,281.13,0.50000000,1
1505853875,21876509,281.14,0.58010000,1
1505853875,21876508,281.16,0.23000000,1
1505853869,21876503,281.80,0.62810940,1
1505853866,21876494,281.79,0.23000000,0
1505853836,21876464,281.05,0.12181520,0
1505853834,21876461,281.47,0.50000000,1
1505853831,21876457,281.36,0.06218170,1
1505853831,21876456,281.50,0.50000000,1
1505853831,21876455,281.70,2.35582976,1
1505853819,21876452,281.70,0.15733046,1
1505853802,21876442,281.70,2.09890942,1
1505853791,21876430,281.75,0.28321436,1
1505853775,21876416,281.70,1.69215471,1
1505853743,21876399,281.61,0.15445900,1
1505853743,21876398,282.00,0.17437600,1
1505853729,21876379,282.00,0.32562400,1
1505853716,21876367,281.56,0.32121500,1
1505853713,21876364,281.51,0.31921900,1
1505853713,21876363,282.06,0.57810000,0
1505853712,21876360,282.06,0.57814800,0
1505853712,21876358,282.06,6.28272608,0
1505853712,21876357,282.06,0.57815396,0
1505853712,21876356,282.05,0.57815396,0
1505853710,21876353,281.51,0.31921900,1
1505853698,21876338,282.11,1.38220000,0
1505853698,21876336,282.11,4.42514800,0
1505853698,21876335,282.10,8.60000000,0
1505853697,21876334,282.09,0.35618700,0
1505853697,21876332,282.09,0.38964800,0
1505853697,21876331,281.95,0.05000000,0
1505853693,21876325,281.50,0.17863300,1
1505853693,21876324,281.54,0.13850000,1
1505853685,21876320,281.50,0.31474800,1
1505853680,21876313,281.50,0.08236200,1
1505853680,21876311,281.52,0.23000000,1
1505853657,21876282,281.51,0.30690900,1
1505853654,21876277,281.83,0.44489804,0
1505853654,21876276,281.80,0.05000000,0
1505853653,21876274,281.52,0.08273996,0
1505853647,21876270,281.51,0.07109999,0
1505853635,21876269,281.50,0.30108400,1
1505853633,21876266,281.50,0.30107900,1
1505853630,21876260,281.50,0.30108400,1
1505853615,21876230,281.50,3.91739500,1
1505853615,21876229,281.51,0.07110000,1
1505853602,21876205,281.50,1.72600254,1
1505853602,21876203,281.52,0.10755746,1
1505853601,21876200,281.52,0.63827254,1
1505853577,21876185,281.51,0.21062600,1
1505853574,21876182,281.51,0.29591700,1
1505853572,21876179,281.50,0.29591700,1
1505853531,21876146,281.83,0.74502500,0
1505853521,21876135,281.49,0.50000000,1
1505853521,21876134,281.54,0.35518932,1
1505853489,21876116,281.67,0.00001045,0
1505853489,21876115,281.67,0.05270000,0
1505853484,21876106,281.72,0.22998955,1
1505853484,21876105,281.68,1.86781045,0
1505853482,21876100,281.68,0.23000000,0
1505853480,21876098,281.68,0.05000000,1
1505853446,21876084,281.80,0.04730000,0
1505853443,21876075,281.80,0.50000000,0
1505853442,21876074,281.88,0.05000000,1
1505853442,21876073,282.03,0.05000000,1
1505853442,21876072,282.05,0.28270000,1
1505853412,21876054,281.93,0.40000000,1
1505853408,21876049,282.14,0.22999500,0
1505853401,21876042,282.15,0.06914000,0
1505853270,21875952,282.03,0.10000000,1
1505853270,21875951,282.04,0.74503000,1
1505853270,21875950,282.04,0.23000000,1
1505853258,21875945,282.08,0.50000000,1
1505853251,21875942,282.28,0.10000000,1
1505853251,21875940,282.30,0.10000000,1
1505853251,21875939,282.30,0.10000000,1
1505853251,21875938,282.48,0.10000000,1
1505853223,21875876,282.55,0.10000000,1
1505853211,21875869,282.55,0.10000000,1
1505853211,21875868,282.63,0.10000000,1
1505853211,21875867,282.75,0.10000000,1
1505853211,21875866,282.75,0.10000000,1
1505853211,21875865,282.79,0.05000000,1
1505853180,21875825,282.90,0.10000000,1
1505853180,21875824,282.90,0.10000000,1
1505853171,21875799,283.05,0.10371800,0
1505853169,21875798,283.05,0.64983189,1
1505853168,21875797,283.05,0.35101602,0
1505853164,21875794,283.05,0.23000000,0
1505853153,21875777,283.07,0.33613951,1
1505853149,21875776,283.07,0.50000000,1
1505853140,21875769,283.07,1.03623500,1
1505853133,21875734,283.05,25.00482316,1
1505853090,21875695,282.73,2.49530419,1
1505853082,21875683,282.69,28.60378100,1
1505853073,21875671,283.00,3.62359600,0
1505853072,21875668,283.00,1.20124600,0
1505853072,21875667,282.99,0.59355700,1
1505853072,21875666,282.99,0.22999500,1
1505853071,21875665,282.99,0.35336938,1
1505853071,21875664,282.99,2.78394996,1
1505853062,21875653,283.00,8.37488100,0
1505853062,21875652,283.00,8.19649600,0
1505853062,21875651,282.99,0.23000000,0
1505853031,21875624,283.22,0.37257000,0
1505853031,21875622,283.00,0.85548559,0
1505853026,21875618,282.30,0.12218170,1
1505853023,21875616,283.00,0.23000000,1
1505853015,21875602,283.22,0.36937000,0
1505853015,21875601,283.22,6.93000000,0
1505853015,21875600,283.21,0.23000000,0
1505853002,21875573,283.10,0.50000000,0
1505853002,21875570,283.06,0.04559833,0
1505853002,21875568,282.99,2.67000000,0
1505853002,21875566,282.16,2.72995855,0
1505852992,21875551,282.06,0.56654242,1
1505852985,21875539,282.16,0.06218150,1
1505852973,21875503,282.80,0.06218150,0
1505852973,21875502,282.78,6.93000000,0
1505852973,21875501,282.77,0.23000000,0
1505852973,21875500,282.75,0.84883803,0
1505852973,21875499,282.74,2.95588233,0
1505852965,21875471,281.93,2.95588233,0
1505852955,21875454,282.16,0.74194000,1
1505852955,21875453,282.18,0.50000000,1
1505852941,21875421,282.72,0.23000000,0
1505852935,21875413,282.73,0.76366197,0
1505852932,21875405,282.48,6.19606300,0
1505852931,21875403,282.47,0.03000000,0
1505852921,21875387,282.47,0.20000000,0
1505852906,21875350,282.00,0.06218170,0
1505852906,21875348,281.99,0.06000000,0
1505852898,21875327,281.99,0.17000000,0
1505852891,21875292,281.99,0.23000000,0
1505852880,21875241,281.98,6.22216400,0
1505852879,21875239,281.98,0.25216400,0
1505852879,21875238,281.97,0.23000000,0
1505852875,21875225,281.98,0.24783600,0
1505852875,21875224,281.41,0.23000000,0
1505852868,21875205,281.42,2.60848000,0
1505852867,21875204,281.42,4.28984000,0
1505852866,21875199,281.58,4.10812100,0
1505852866,21875197,281.42,0.08273997,0
1505852865,21875193,281.41,6.89329310,0
1505852865,21875192,280.96,0.92829830,0
1505852861,21875188,280.96,0.07200000,0
1505852859,21875177,281.33,0.09807900,0
1505852859,21875176,281.01,0.50000000,0
1505852858,21875175,280.96,0.28490000,0
1505852858,21875174,280.66,0.00000500,0
1505852851,21875165,280.66,0.45999500,0
1505852837,21875147,280.65,0.30626401,1
1505852836,21875145,280.65,3.00222700,0
1505852835,21875143,279.99,1.21075903,1
1505852834,21875141,279.97,15.79682859,1
1505852834,21875139,279.98,10.72000000,1
1505852834,21875136,279.99,6.22627877,1
1505852833,21875130,279.97,1.21097124,1
1505852832,21875127,279.97,7.59104178,1
1505852804,21875096,280.59,6.93000000,0
1505852804,21875095,280.55,0.05000000,0
1505852804,21875094,280.35,0.05000000,0
1505852804,21875093,280.20,0.05000000,0
1505852796,21875092,279.75,1.81106200,1
1505852796,21875091,279.76,0.28490000,1
1505852782,21875066,279.79,0.05000000,1
1505852744,21875026,280.63,0.62181520,0
1505852740,21875018,280.63,0.25807000,0
1505852729,21875012,280.42,0.05000000,0
1505852729,21875010,280.22,0.05000000,0
1505852715,21874992,280.21,0.06587983,0
1505852715,21874991,280.07,0.05000000,0
1505852714,21874990,280.00,1.00000012,0
1505852698,21874965,280.00,0.10512300,0
1505852698,21874964,279.91,1.00000000,0
1505852697,21874963,279.90,0.17835631,0
1505852697,21874962,279.90,1.00000000,0
1505852646,21874918,279.90,3.16000000,0
1505852645,21874915,279.90,49.40289931,0
1505852645,21874914,279.89,0.59710069,0
1505852640,21874901,279.90,1.77135500,0
1505852631,21874891,279.90,9.35318200,0
1505852631,21874890,279.90,13.82798622,0
1505852631,21874889,279.90,1.00000000,0
1505852630,21874888,279.90,1.10512300,0
1505852629,21874884,279.90,0.99999500,0
1505852629,21874879,279.90,0.64851733,1
1505852618,21874863,279.90,2.14362272,0
1505852596,21874841,279.68,1.13971600,1
1505852583,21874829,279.68,1.21088900,1
1505852581,21874825,279.68,1.43939000,1
1505852571,21874817,279.91,2.80395000,0
1505852569,21874814,279.91,6.93000000,0
1505852564,21874808,279.92,8.22154700,0
1505852564,21874807,279.91,2.80395500,0
1505852560,21874799,279.91,1.36604500,0
1505852553,21874793,279.92,0.11752400,0
1505852552,21874791,279.91,10.72000000,0
1505852510,21874744,280.00,0.07490250,1
1505852420,21874640,279.77,0.15092931,0
1505852419,21874639,279.42,0.06456241,0
1505852419,21874638,279.41,0.25900000,0
1505852419,21874637,279.41,0.27504024,0
1505852418,21874634,279.41,0.08000000,0
1505852407,21874612,278.43,0.97327834,0
1505852407,21874608,278.80,0.06456241,1
1505852406,21874604,278.82,0.11000000,0
1505852406,21874602,278.82,6.93000000,0
1505852406,21874598,279.16,5.77540991,1
1505852406,21874595,279.16,7.61659009,1
1505852405,21874590,279.19,2.01000000,1
1505852405,21874583,279.60,0.06587983,1
1505852398,21874550,279.62,55.86502147,1
1505852396,21874549,279.79,0.35741092,1
1505852374,21874511,279.99,0.49999967,1
1505852374,21874509,279.99,1.32557533,1
1505852371,21874499,279.99,0.27752700,1
1505852370,21874493,279.99,0.27752700,1
1505852366,21874488,279.99,0.27746800,1
1505852360,21874482,279.99,0.27578400,1
1505852337,21874424,279.99,6.11053188,1
1505852336,21874423,279.99,5.86000000,1
1505852336,21874422,280.00,0.50000000,1
1505852336,21874421,280.00,0.83510812,1
1505852335,21874419,280.00,0.27001500,1
1505852331,21874412,280.00,3.52470794,1
1505852321,21874392,280.00,1.68865200,1
1505852309,21874366,280.00,0.26218900,1
1505852297,21874362,280.00,0.25892700,1
1505852295,21874357,280.00,0.25892700,1
1505852282,21874339,280.01,0.42633098,1
1505852281,21874338,280.05,0.41000000,1
1505852271,21874331,280.04,0.15706800,1
1505852271,21874330,280.09,0.05000000,1
1505852271,21874329,280.34,0.05000000,1
1505852251,21874307,280.54,0.05000000,1
1505852251,21874306,280.55,0.18786219,1
1505852247,21874302,280.55,0.25477500,1
1505852245,21874299,280.55,1.72247347,1
1505852245,21874298,280.55,0.72932553,1
1505852235,21874291,280.61,0.11507000,0
1505852228,21874286,280.62,0.05000000,0
1505852223,21874270,280.03,4.93142345,1
1505852223,21874269,280.04,2.33611655,1
1505852213,21874240,280.80,0.00631800,1
1505852212,21874238,280.80,0.24681600,1
1505852210,21874225,280.80,0.24686600,1
1505852208,21874222,280.80,0.24686600,1
1505852198,21874214,280.13,2.16511100,1
1505852195,21874204,280.80,2.11074200,1
1505852195,21874202,280.80,0.50000000,1
1505852185,21874184,280.80,0.29556113,1
1505852132,21874153,280.80,0.75358036,1
1505852132,21874152,280.81,2.13178769,1
1505852132,21874151,280.82,0.50000000,1
1505852132,21874150,280.84,0.74803000,1
1505852131,21874149,280.85,0.23000000,1
1505852084,21874092,280.79,2.13682823,0
1505852078,21874088,280.80,2.90663811,0
1505852078,21874087,280.80,6.41268589,0
1505852078,21874086,280.79,3.64802211,0
1505852072,21874077,280.80,0.68067600,0
1505852071,21874076,280.79,0.23000000,0
1505852071,21874075,280.78,0.74818000,0
1505852059,21874065,280.79,0.96302359,0
1505852056,21874061,280.00,4.00659706,1
1505852055,21874060,280.24,0.05000000,1
1505852055,21874059,280.29,1.00000000,1
1505852055,21874058,280.50,1.00000000,1
1505852054,21874056,280.54,0.05000000,1
1505852054,21874055,280.56,0.04654976,1
1505852054,21874054,280.57,1.00000000,1
1505852053,21874052,280.79,0.05000000,1
1505852053,21874051,280.81,0.25900000,1
1505852053,21874050,280.96,1.00000000,1
1505852052,21874049,280.97,1.00000000,1
1505852052,21874048,280.99,0.05000000,1
1505852052,21874047,280.99,1.00000000,1
1505852052,21874046,280.99,1.00000000,1
1505852051,21874044,281.00,0.50000000,1
1505852050,21874043,281.00,11.48785318,1
1505852033,21874015,281.00,8.51214682,1
1505852033,21874014,281.00,1.00000000,1
1505852033,21874012,281.00,0.22185318,1
1505852033,21874010,281.14,0.05000000,1
1505851925,21873906,281.25,10.02236444,0
1505851842,21873843,281.00,0.50170141,1
1505851842,21873842,281.07,0.05000000,1
1505851842,21873841,281.09,0.50000000,1
1505851842,21873840,281.22,0.05000000,1
1505851776,21873785,281.00,9.27644541,1
1505851776,21873784,281.01,0.36456800,1
1505851776,21873783,281.01,3.17814971,1
1505851776,21873782,281.02,2.75262188,1
1505851695,21873656,281.33,0.35192100,0
1505851639,21873600,281.05,4.11104570,1
1505851632,21873595,281.29,1.57000000,0
1505851632,21873591,281.28,0.25800000,0
1505851618,21873556,281.04,2.03098600,1
1505851613,21873549,281.01,2.04064445,1
1505851613,21873547,281.16,0.05000000,1
1505851612,21873543,281.34,0.23000000,1
1505851608,21873537,281.29,1.00000000,1
1505851601,21873524,281.41,0.05000000,1
1505851601,21873523,281.56,0.25800000,1
1505851600,21873522,281.61,0.05000000,1
1505851600,21873520,281.76,0.05000000,1
1505851600,21873518,281.86,0.50000012,1
1505851577,21873497,281.86,3.63285500,1
1505851570,21873490,281.86,2.50036614,1
1505851570,21873489,281.87,0.23000000,1
1505851569,21873488,281.86,22.71000000,1
1505851568,21873487,281.87,0.50000000,1
1505851563,21873475,281.86,11.38677874,1
1505851563,21873474,281.90,0.75661626,1
1505851563,21873473,281.91,0.23000000,1
1505851551,21873455,281.87,0.12695000,1
1505851551,21873453,281.88,0.23000000,1
1505851524,21873413,281.87,0.76750000,1
1505851524,21873412,281.88,0.23000000,1
1505851518,21873398,281.88,2.73036614,1
1505851517,21873397,281.88,0.74818000,1
1505851517,21873395,281.88,0.23000000,1
1505851491,21873336,282.02,2.75800123,0
1505851491,21873335,282.00,0.00000570,0
1505851486,21873330,281.87,0.41202800,1
1505851466,21873286,281.91,0.00002585,0
1505851466,21873285,281.91,0.44076900,0
1505851402,21873177,282.00,3.25295700,0
1505851398,21873169,282.00,4.11014184,0
1505851394,21873162,282.00,4.11007091,0
1505851391,21873160,282.00,0.83957446,0
1505851373,21873127,282.00,6.93000000,0
1505851372,21873126,282.00,6.93000000,0
1505851371,21873122,282.00,6.93000000,0
1505851363,21873114,282.00,1.21054169,0
1505851362,21873110,282.17,0.05000000,1
1505851362,21873109,282.18,0.05000000,1
1505851362,21873108,282.23,1.88000000,1
1505851361,21873106,282.24,0.23000000,1
1505851355,21873091,282.37,0.05000000,0
1505851355,21873090,282.37,0.05000000,0
1505851349,21873070,282.43,0.05000000,1
1505851338,21873051,282.63,0.01477414,1
1505851334,21873040,282.63,0.03522586,1
1505851330,21873034,282.64,1.31454951,0
1505851317,21872981,282.78,0.05000000,1
1505851264,21872947,282.89,0.11629962,0
1505851257,21872933,282.54,0.07017000,1
1505851257,21872932,282.69,0.56800000,1
1505851256,21872927,282.69,6.36200000,1
1505851224,21872909,282.67,0.33440000,1
1505851224,21872908,282.68,1.61250000,1
1505851224,21872907,282.84,0.05000000,1
1505851209,21872887,283.04,0.05000000,1
1505851200,21872873,283.18,7.94725600,1
1505851200,21872872,283.19,0.03520000,1
1505851194,21872870,283.20,5.07394067,0
1505851192,21872869,283.17,2.28077902,0
1505851153,21872856,283.19,7.29111197,0
1505851118,21872808,283.21,0.05167914,0
1505851072,21872768,283.16,0.05000000,0
1505851015,21872744,283.30,0.16777682,0
1505851005,21872739,283.22,0.05000000,0
1505851005,21872738,283.21,0.05000000,0
1505851005,21872737,283.18,0.23000000,0
1505850996,21872731,282.99,0.23000000,0
1505850979,21872722,282.97,0.05000000,0
1505850979,21872721,282.96,0.05000000,0
1505850979,21872720,282.77,0.05000000,0
1505850979,21872719,282.76,0.05000000,0
1505850978,21872717,282.73,0.23000000,0
1505850978,21872716,282.73,1.12042411,0
1505850975,21872714,282.73,0.27636800,0
1505850974,21872713,282.74,1.64850200,0
1505850951,21872645,282.75,0.22999500,0
1505850945,21872629,282.75,2.57727559,1
1505850944,21872627,282.62,0.05000000,0
1505850944,21872626,282.61,0.05000000,0
1505850944,21872625,282.53,0.00000500,0
1505850944,21872624,282.50,0.00007741,0
1505850943,21872622,282.50,2.07741640,0
1505850941,21872621,282.50,0.04640000,0
1505850940,21872620,282.53,0.22999500,0
1505850935,21872616,282.54,0.22999500,0
1505850923,21872602,282.33,0.22885000,0
1505850923,21872601,282.30,0.23000000,0
1505850922,21872598,282.30,0.51705763,0
1505850922,21872597,282.29,0.23000000,0
1505850894,21872567,281.86,9.27000000,1
1505850894,21872566,281.87,0.50000000,1
1505850894,21872565,281.88,0.23000000,1
1505850885,21872547,281.87,0.96085146,1
1505850885,21872546,281.92,0.50000000,1
1505850885,21872545,281.93,0.23000000,1
1505850880,21872541,281.93,5.10900000,1
1505850850,21872510,281.93,0.95094340,0
1505850850,21872509,282.05,0.05000000,1
1505850850,21872508,282.20,0.05000000,1
1505850789,21872445,282.31,6.36700789,0
1505850757,21872426,282.21,0.00104875,1
1505850756,21872424,282.32,1.26522522,1
1505850734,21872392,282.32,0.64230536,1
1505850716,21872368,282.32,2.28251000,1
1505850713,21872362,282.32,0.25800000,1
1505850707,21872343,282.33,0.00115000,1
1505850706,21872334,282.33,0.22885000,1
1505850675,21872308,282.34,6.25700000,1
1505850675,21872307,282.36,0.23000000,1
1505850645,21872281,282.33,0.20641000,1
1505850630,21872274,282.32,1.12807500,1
1505850621,21872267,282.32,0.26128700,1
1505850611,21872263,282.32,0.58907900,1
1505850589,21872242,282.32,5.19704900,1
1505850589,21872241,282.33,0.23000000,1
1505850581,21872237,283.00,2.68093509,1
1505850571,21872227,282.54,2.12042754,1
1505850571,21872226,282.59,0.50000000,1
1505850571,21872225,282.70,0.25800000,1
1505850502,21872182,283.01,6.07127660,0
1505850500,21872180,283.01,0.50000000,1
1505850470,21872174,283.66,1.17971100,0
1505850435,21872156,282.89,0.31537450,1
1505850435,21872155,282.90,0.81815046,1
1505850435,21872154,282.90,0.05184954,1
1505850427,21872150,282.71,0.05000000,1
1505850426,21872149,283.00,0.47233214,1
1505850426,21872148,283.01,0.05000000,1
1505850426,21872147,283.07,0.50000000,1
1505850424,21872143,283.10,0.28170000,1
1505850424,21872142,283.26,0.05000000,1
1505850424,21872141,283.27,0.26759800,1
1505850416,21872129,283.34,1.21978315,1
1505850416,21872128,283.34,1.78373759,1
1505850414,21872126,283.33,0.50000000,1
1505850414,21872124,283.46,0.05000000,1
1505850410,21872113,283.52,0.03166876,0
1505850409,21872111,283.51,3.90421518,1
1505850406,21872109,283.51,1.09578482,1
1505850404,21872104,283.52,0.23000000,0
1505850403,21872102,283.52,3.45000000,1
1505850403,21872100,283.54,0.50000000,1
1505850403,21872099,283.61,0.05000000,1
1505850403,21872098,283.67,1.78231748,1
1505850397,21872093,284.28,0.93439567,1
1505850397,21872092,284.30,4.23506651,1
1505850395,21872089,284.30,4.10454000,1
1505850394,21872088,284.30,1.66039349,1
1505850389,21872084,284.27,0.23000000,1
1505850389,21872083,284.27,1.67285600,1
1505850389,21872082,284.26,6.93000000,0
1505850389,21872081,284.20,0.28140000,0
1505850388,21872080,283.71,0.15438420,0
1505850377,21872066,283.72,0.20000000,1
1505850360,21872054,283.73,0.35244775,1
1505850360,21872053,283.73,0.73826000,1
1505850343,21872047,284.28,0.76799994,0
1505850296,21872014,284.27,1.80804371,0
1505850295,21872013,284.25,0.05000000,0
1505850295,21872012,284.23,0.05000000,0
1505850295,21872011,284.02,0.18000000,0
1505850294,21872010,284.02,0.77927000,0
1505850294,21872009,284.00,0.23000000,0
1505850290,21872006,284.02,0.27073000,0
1505850290,21872005,284.01,0.23000000,0
1505850231,21871915,284.02,1.77000000,0
1505850231,21871914,284.01,0.23000000,0
1505850226,21871905,284.01,0.23000000,0
1505850200,21871863,283.77,0.04926745,1
1505850186,21871850,283.77,2.70183379,1
1505850181,21871842,283.54,0.20526557,1
1505850174,21871826,283.77,2.11438800,0
1505850165,21871803,284.19,3.00892500,0
1505850165,21871802,283.98,0.05000000,0
1505850165,21871801,283.95,0.05000000,0
1505850165,21871800,283.95,0.05000000,0
1505850165,21871799,283.95,0.05000000,0
1505850165,21871798,283.95,0.05000000,0
1505850165,21871797,283.54,0.02999500,0
1505850164,21871796,283.54,0.20000500,0
1505850163,21871791,283.78,6.72999500,0
1505850163,21871789,283.78,0.05000000,0
1505850162,21871787,283.70,0.05000000,0
1505850162,21871786,283.63,0.05000000,0
1505850162,21871785,283.60,0.05000000,0
1505850162,21871784,283.55,0.05000000,0
1505850156,21871770,283.32,0.20526965,1
1505850149,21871765,283.50,0.37821429,1
1505850149,21871761,283.50,0.01084624,1
1505850149,21871760,283.51,0.28140000,1
1505850138,21871723,283.50,0.83000000,1
1505850138,21871721,283.50,6.10000000,1
1505850138,21871719,283.50,0.83000000,1
1505850136,21871713,283.50,6.09620000,1
1505850136,21871712,283.51,0.83380000,1
1505850134,21871708,283.51,6.93000000,1
1505850134,21871706,283.50,0.23000000,1
1505850134,21871704,283.50,6.93000000,1
1505850133,21871700,283.50,6.93000000,1
1505850132,21871699,283.50,0.05000000,0
1505850132,21871698,283.31,13.50570754,0
1505850132,21871697,283.31,0.23000000,0
1505850121,21871688,283.33,6.46095354,0
1505850121,21871687,283.32,0.77504646,0
1505850115,21871684,283.33,0.23000000,1
1505850106,21871682,282.92,0.12490846,1
1505850097,21871675,283.36,0.65013300,0
1505850063,21871632,283.47,0.30814548,0
1505850063,21871631,283.30,0.05000000,0
1505850061,21871628,282.89,0.23000000,0
1505850030,21871596,282.90,0.74043832,0
1505850010,21871587,282.53,0.23516000,1
1505850009,21871586,282.53,0.74419000,1
1505850005,21871584,283.08,2.55200000,0
1505850004,21871583,283.00,0.23000000,0
1505849995,21871567,283.05,0.05000000,0
1505849995,21871566,283.01,0.23000000,0
1505849970,21871541,283.04,4.57336200,0
1505849960,21871530,283.00,0.28220000,0
1505849960,21871529,282.85,0.05000000,0
1505849960,21871528,282.70,0.05000000,0
1505849960,21871527,282.69,0.23000000,0
1505849947,21871518,282.50,0.00504595,0
1505849937,21871511,282.50,0.05000000,0
1505849930,21871504,282.48,0.23000000,1
1505849930,21871503,282.48,0.74935000,0
1505849891,21871474,282.40,4.82999962,1
1505849891,21871473,282.46,0.50000000,1
1505849891,21871471,282.47,0.28220000,1
1505849891,21871470,282.48,7.77550000,1
1505849891,21871469,282.49,11.01307338,1
1505849868,21871449,282.47,0.50000000,1
1505849868,21871448,282.48,0.74935000,1
1505849852,21871410,282.50,1.91381300,0
1505849849,21871403,282.50,0.05504600,0
1505849847,21871401,282.50,0.48519800,0
1505849835,21871367,282.50,0.68840579,0
1505849831,21871356,282.50,8.34356102,0
1505849830,21871352,282.50,8.33762300,0
1505849828,21871350,282.50,2.26500500,0
1505849828,21871349,282.49,0.74934000,0
1505849818,21871335,282.50,3.19634690,0
1505849818,21871333,282.49,0.28160000,0
1505849815,21871330,282.50,11.14740800,0
1505849813,21871326,282.50,0.71972381,0
1505849813,21871325,282.49,1.51766552,0
1505849813,21871324,282.43,0.00008470,0
1505849813,21871323,282.42,0.25800000,0
1505849810,21871318,282.43,1.40910156,0
1505849808,21871316,282.51,1.35443400,1
1505849732,21871271,282.36,1.51766552,1
1505849730,21871268,282.37,0.30819038,1
1505849725,21871267,282.46,0.74934000,1
1505849717,21871259,282.45,1.23676926,1
1505849717,21871258,282.46,0.28160000,1
1505849713,21871254,283.48,6.13168477,0
1505849712,21871253,283.35,0.05000000,0
1505849712,21871252,283.20,0.05000000,0
1505849710,21871251,282.95,0.50000000,0
1505849705,21871240,282.59,0.05000000,1
1505849705,21871239,282.72,0.25800000,1
1505849705,21871238,282.79,0.05000000,1
1505849705,21871236,282.94,0.05000000,1
1505849668,21871218,283.05,0.50000000,0
1505849667,21871217,282.92,0.37514800,0
1505849650,21871199,282.97,0.10000000,0
1505849648,21871195,282.24,3.14272226,1
1505849639,21871188,282.99,1.83165200,0
1505849639,21871187,282.90,0.05000000,0
1505849639,21871186,282.65,0.05000000,0
1505849635,21871182,282.57,1.00000000,0
1505849634,21871181,282.50,1.00000000,0
1505849624,21871174,282.30,2.56362026,1
1505849624,21871173,282.30,0.20000000,0
1505849608,21871147,282.29,1.00000000,0
1505849608,21871146,282.29,1.00000000,0
1505849554,21871082,282.28,3.83113400,1
1505849553,21871080,282.28,0.70066600,0
1505849553,21871079,282.25,5.46820000,0
1505849542,21871070,282.28,1.00000000,0
1505849534,21871059,282.64,15.77636042,0
1505849534,21871058,282.45,0.05000000,0
1505849534,21871057,282.30,0.05000000,0
1505849530,21871055,281.77,0.32849645,1
1505849530,21871053,281.77,0.50000000,1
1505849529,21871052,281.78,2.99330355,1
1505849529,21871050,281.80,10.71000000,1
1505849529,21871049,281.81,5.46820000,1
1505849522,21871027,282.00,1.00000000,1
1505849521,21871024,282.00,1.11000000,1
1505849520,21871022,282.00,1.00000000,0
1505849520,21871021,282.00,5.35846949,0
1505849519,21871015,282.00,7.67004800,0
1505849519,21871012,282.00,66.82600000,0
1505849518,21871011,282.00,4.97741134,0
1505849511,21871000,282.00,6.57127660,0
1505849508,21870997,282.00,8.57334100,0
1505849508,21870996,281.99,1.32000000,0
1505849501,21870941,282.00,1.33200000,0
1505849496,21870938,282.00,39.24942300,0
1505849496,21870937,281.99,1.56000000,0
1505849494,21870933,281.90,14.15000000,1
1505849486,21870925,282.00,33.63770000,0
1505849485,21870922,282.00,51.58879400,0
1505849483,21870920,282.00,8.34430376,0
1505849483,21870919,281.99,1.86000000,0
1505849483,21870918,281.89,1.75052924,0
1505849483,21870917,281.89,8.10000000,0
1505849478,21870911,281.89,7.24415600,0
1505849476,21870910,281.89,0.05000000,1
1505849473,21870904,282.00,37.10600000,0
1505849472,21870901,282.00,35.00000000,0
1505849471,21870898,282.00,43.70338900,0
1505849471,21870897,281.99,8.17000000,0
1505849471,21870896,281.99,2.21000000,0
1505849468,21870895,282.00,77.70000000,0
1505849463,21870891,282.00,10.57800000,0
1505849458,21870884,282.00,64.88000000,0
1505849458,21870882,281.99,0.12000000,0
1505849457,21870877,281.99,1.50000000,0
1505849456,21870876,281.99,1.00000000,0
1505849453,21870864,282.00,60.00000000,0
1505849452,21870863,281.99,2.53063100,0
1505849452,21870860,282.00,72.93675465,0
1505849451,21870859,282.00,4.76324535,0
1505849450,21870854,282.00,12.20033100,0
1505849443,21870851,282.00,13.11786102,0
1505849443,21870850,281.99,3.12000000,0
1505849443,21870849,281.99,1.00000000,0
1505849443,21870848,281.97,1.00000000,0
1505849443,21870847,281.96,1.00000000,0
1505849442,21870846,281.95,10.56720098,0
1505849402,21870816,281.99,0.69398304,0
1505849402,21870814,281.99,0.86987400,0
1505849375,21870786,282.00,0.25330000,0
1505849375,21870785,281.95,0.75070000,0
1505849370,21870783,282.00,6.44726950,0
1505849369,21870782,281.95,0.41554660,0
1505849355,21870763,281.52,0.05000000,1
1505849354,21870762,281.72,0.05000000,1
1505849354,21870761,281.87,0.05000000,1
1505849348,21870751,282.58,5.03875340,0
1505849348,21870750,282.43,0.05000000,0
1505849348,21870749,282.28,0.05000000,0
1505849348,21870748,282.27,1.83978700,0
1505849345,21870741,280.00,21.29055209,0
1505849345,21870739,280.00,1.06168174,0
1505849344,21870737,280.00,7.10636617,1
1505849344,21870736,281.32,0.75070000,1
1505849344,21870735,281.35,0.40470000,1
1505849344,21870734,281.36,69.38600000,1
1505849331,21870716,281.98,1.14852700,0
1505849325,21870714,281.96,3.89678504,1
1505849325,21870713,281.96,0.74898000,0
1505849324,21870710,281.94,5.05000000,0
1505849306,21870689,281.21,15.07671398,0
1505849306,21870688,281.21,45.11000000,0
1505849306,21870686,281.21,10.70000000,0
1505849305,21870685,281.21,1.62830000,0
1505849305,21870684,281.21,8.02100000,0
1505849305,21870683,281.21,14.46398602,1
1505849292,21870658,281.99,0.57546530,0
1505849285,21870644,281.99,1.99601919,0
1505849285,21870643,281.99,4.27000000,0
1505849281,21870630,281.00,3.82553496,0
1505849279,21870626,281.00,6.89929200,0
1505849277,21870611,281.00,5.51424800,0
1505849277,21870607,281.00,14.90266400,0
1505849277,21870605,281.00,19.00246300,0
1505849276,21870598,281.00,3.03790355,0
1505849275,21870594,281.20,0.05000000,1
1505849269,21870578,281.99,1.12616487,0
1505849259,21870565,282.17,3.66219928,0
1505849232,21870518,282.54,0.09907956,0
1505849212,21870429,281.33,0.14806711,0
1505849211,21870420,281.33,0.50000000,1
1505849207,21870417,281.34,1.66094805,1
1505849196,21870381,281.30,5.39985434,1
1505849196,21870380,281.60,0.05000000,1
1505849195,21870378,282.12,0.26396000,1
1505849195,21870377,282.17,0.50000000,1
1505849195,21870376,282.41,2.12457917,1
1505849189,21870359,282.93,2.60782400,0
1505849181,21870342,282.53,0.48502000,1
1505849178,21870336,283.00,0.48112513,0
1505849174,21870327,283.00,1.28676936,0
1505849172,21870321,284.09,0.91000000,0
1505849172,21870320,283.86,0.05000000,0
1505849172,21870319,283.61,0.05000000,0
1505849172,21870318,283.41,0.05000000,0
1505849172,21870316,283.26,0.05000000,0
1505849170,21870312,283.25,4.57000000,0
1505849169,21870303,282.94,1.66457687,1
1505849168,21870301,282.84,0.64222313,0
1505849167,21870300,282.84,0.45905887,0
1505849167,21870299,281.91,2.12833883,0
1505849163,21870290,282.00,2.60010438,0
1505849163,21870289,281.96,0.75010000,0
1505849162,21870280,282.00,8.86537164,0
1505849162,21870279,281.90,0.00000036,0
1505849162,21870274,281.90,5.23726200,0
1505849152,21870252,281.92,0.23170000,0
1505849138,21870228,281.95,0.05000000,1
1505849136,21870220,281.96,0.10000000,0
1505849134,21870216,281.96,1.97213388,0
1505849127,21870202,281.98,0.14128744,0
1505849126,21870200,281.98,0.14128744,0
1505849124,21870191,281.99,0.05000000,0
1505849124,21870189,281.99,0.05000000,0
1505849124,21870188,281.99,0.05000000,0
1505849123,21870187,281.99,0.05000000,0
1505849116,21870184,282.00,0.14128744,0
1505849116,21870183,281.99,5.31552582,0
1505849102,21870159,282.96,0.29173443,0
1505849099,21870153,282.99,0.69793117,0
1505849098,21870152,282.99,1.31682833,0
1505849097,21870150,282.98,0.70359466,0
1505849094,21870147,280.00,1.77331742,0
1505849094,21870145,280.00,1.27753600,0
1505849093,21870141,280.00,0.16053142,0
1505849092,21870136,280.00,0.08020875,0
1505849092,21870133,280.00,2.67263700,0
1505849092,21870129,280.00,1.20000000,0
1505849091,21870125,280.00,1.19070354,0
1505849090,21870121,280.00,1.39000000,0
1505849090,21870119,280.00,1.32442200,0
1505849090,21870117,280.00,17.20544391,0
1505849090,21870115,279.99,1.87856700,0
1505849090,21870114,279.99,8.86143300,0
1505849088,21870109,280.00,73.03800000,0
1505849088,21870108,280.00,1.08029029,0
1505849087,21870102,280.00,11.60676346,1
1505849087,21870101,280.00,0.07919308,1
1505849087,21870099,281.30,0.35549236,1
1505849087,21870097,281.30,0.50000000,1
1505849087,21870095,281.30,0.07979597,1
1505849087,21870094,281.30,0.87309797,1
1505849083,21870089,281.30,0.19337987,1
1505849080,21870075,281.30,4.95188216,0
1505849079,21870068,281.30,1.06647707,0
1505849079,21870067,281.29,1.04400655,1
1505849077,21870059,281.30,0.17986929,0
1505849077,21870057,281.47,0.50000000,1
1505849072,21870043,280.10,115.88743317,1
1505849072,21870041,280.11,9.55180000,1
1505849072,21870039,280.56,0.39077740,1
1505849072,21870038,281.25,0.47000000,1
1505849072,21870036,281.27,0.33000000,1
1505849072,21870035,281.27,1.66000000,1
1505849071,21870034,281.28,71.01800000,1
1505849071,21870033,281.86,0.69198943,1
1505849065,21870001,282.14,0.50000000,1
1505849064,21869999,282.34,1.01908215,1
1505849063,21869996,281.89,0.28170000,1
1505849063,21869995,282.86,0.50000000,1
1505849049,21869954,282.93,0.75010000,1
1505849049,21869952,282.93,0.43943200,1
1505849038,21869919,282.93,14.46398602,1
1505849027,21869887,284.00,2.78168100,0
1505849027,21869886,283.96,0.50000000,0
1505849016,21869871,284.00,0.02000000,0
1505849016,21869870,283.96,4.17000000,0
1505849015,21869869,283.93,7.20542195,0
1505849015,21869868,283.89,0.74756000,0
1505849015,21869867,283.88,0.50633700,0
1505849008,21869840,283.02,1.45618986,1
1505849000,21869817,282.88,0.37431987,1
1505849000,21869816,282.99,0.05000000,1
1505848997,21869803,283.02,2.11996480,1
1505848993,21869788,283.19,0.05000000,1
1505848979,21869751,283.45,2.11677500,0
1505848969,21869726,283.20,0.17189927,1
1505848969,21869724,283.20,0.87880816,1
1505848968,21869720,283.20,2.74219511,1
1505848967,21869718,283.41,0.74756000,1
1505848963,21869702,283.90,0.05000000,0
1505848963,21869700,283.82,0.74650000,0
1505848963,21869699,283.75,0.05000000,0
1505848959,21869688,283.20,1.10000000,1
1505848958,21869687,283.29,1.66359624,1
1505848958,21869685,283.33,0.05000000,1
1505848958,21869683,283.34,0.05000000,1
1505848957,21869674,283.40,0.73300000,1
1505848957,21869671,283.53,0.17634817,1
1505848939,21869608,283.53,1.54235400,1
1505848916,21869507,283.73,0.00000028,1
1505848915,21869503,283.73,6.08546972,0
1505848906,21869488,283.40,0.52975008,1
1505848896,21869455,284.00,0.17000000,0
1505848893,21869450,283.96,0.05000000,1
1505848882,21869410,283.45,0.50802252,0
1505848881,21869404,283.45,2.63673648,0
1505848881,21869401,283.43,0.50802176,0
1505848880,21869397,283.41,0.50802176,0
1505848878,21869381,283.42,1.71380000,0
1505848878,21869378,283.42,3.14475900,0
1505848877,21869369,283.43,1.20577824,0
1505848867,21869295,283.29,2.85147700,1
1505848867,21869294,283.45,0.50000000,1
1505848864,21869267,283.35,2.20000000,1
1505848864,21869265,283.76,5.90540000,1
1505848863,21869259,283.75,2.18000000,1
1505848860,21869236,283.74,0.11224095,1
1505848860,21869234,284.00,0.17605633,1
1505848855,21869206,283.91,10.30808000,1
1505848855,21869202,283.92,0.74650000,1
1505848854,21869196,283.91,3.86510000,1
1505848841,21869164,284.00,1.89535450,0
1505848841,21869162,283.99,2.09997505,0
1505848841,21869161,283.87,0.74663000,0
1505848840,21869155,283.99,1.54002495,0
1505848839,21869154,283.38,0.84117505,0
1505848839,21869152,283.38,1.20712495,0
1505848838,21869149,283.38,2.15112500,0
1505848838,21869147,283.38,1.71397500,0
1505848836,21869139,283.29,14.89667832,0
1505848835,21869138,283.29,5.10332168,1
1505848833,21869135,283.88,1.88120000,1
1505848832,21869134,283.87,1.88090000,0
1505848821,21869123,283.25,0.04178817,1
1505848816,21869104,283.24,0.77124918,1
1505848816,21869103,283.31,0.45412700,1
1505848811,21869087,283.25,7.62720000,1
1505848811,21869085,283.63,0.05000000,1
1505848809,21869081,283.98,0.50000000,1
1505848807,21869078,283.98,1.80804371,1
1505848806,21869072,284.10,2.10464550,1
1505848795,21869046,283.98,0.05000000,1
1505848784,21869036,284.28,0.05000000,1
1505848784,21869035,284.53,0.05000000,1
1505848784,21869034,284.54,0.74663000,1
1505848784,21869033,284.73,0.05000000,1
1505848722,21868981,284.88,0.00025000,1
1505848702,21868911,284.88,0.04975000,1
1505848679,21868887,284.98,0.04354692,0
1505848624,21868825,284.99,0.50000000,0
1505848620,21868820,285.01,16.97321147,0
1505848620,21868819,285.01,0.50000000,0
1505848607,21868810,285.00,1.35551038,1
1505848607,21868808,284.85,0.55050000,0
1505848607,21868807,284.68,2.10762962,0
1505848607,21868806,284.65,0.74636000,0
1505848591,21868797,283.98,0.46785720,1
1505848591,21868796,283.99,0.52852883,1
1505848578,21868771,284.01,1.16000800,1
1505848578,21868769,284.11,0.74636000,1
1505848578,21868768,284.11,0.43000000,1
1505848566,21868745,284.66,5.76000900,1
1505848565,21868744,284.66,0.74489000,1
1505848563,21868738,284.66,3.51000000,0
1505848534,21868641,283.46,0.12325254,1
1505848523,21868625,283.29,0.20313619,1
1505848523,21868624,283.30,0.74489000,1
1505848508,21868608,284.94,1.42383428,0
1505848508,21868607,284.94,0.83358445,0
1505848507,21868605,284.93,0.37762449,0
1505848507,21868604,284.93,0.10000000,1
1505848507,21868602,284.94,0.77230639,0
1505848506,21868600,284.94,0.09568119,0
1505848506,21868599,284.94,0.17768181,0
1505848506,21868598,284.93,0.50000000,0
1505848497,21868576,284.95,0.28967830,0
1505848496,21868573,284.96,0.29000000,0
1505848494,21868566,284.96,0.24000000,0
1505848491,21868565,283.00,0.28833602,1
1505848491,21868564,283.00,1.89833700,1
1505848491,21868563,284.98,0.26114551,0
1505848491,21868562,284.98,4.28000000,0
1505848490,21868560,283.29,0.21885449,0
1505848490,21868557,283.29,0.07413900,0
1505848486,21868546,280.00,5.03570645,0
1505848486,21868545,280.00,0.29299349,0
1505848486,21868541,282.00,0.49000000,0
1505848485,21868539,282.12,2.06000000,0
1505848485,21868538,282.12,1.09736743,0
1505848485,21868535,282.20,25.73541963,1
1505848484,21868532,283.00,0.76851300,0
1505848484,21868524,282.20,1.19048750,1
1505848483,21868518,280.00,47.20009287,0
1505848483,21868517,280.00,7.34830185,0
1505848482,21868516,280.00,0.92902588,0
1505848482,21868515,279.18,0.64621712,1
1505848482,21868514,279.18,6.95429029,1
1505848482,21868513,280.00,0.35713000,1
1505848481,21868512,280.00,0.02321428,1
1505848481,21868511,280.00,0.07400000,1
1505848481,21868510,280.00,2.00000000,1
1505848481,21868509,280.00,5.00000000,1
1505848481,21868508,280.00,10.00000000,1
1505848481,21868507,280.00,50.00000000,1
1505848481,21868506,280.00,0.13000000,1
1505848481,21868505,280.00,0.07800000,1
1505848481,21868504,280.11,0.04658884,1
1505848480,21868503,280.56,2.00000000,1
1505848480,21868502,280.83,1.00000000,1
1505848480,21868501,281.00,0.30000000,1
1505848480,21868500,281.00,0.04000000,1
1505848480,21868499,281.00,0.30000000,1
1505848480,21868498,281.00,0.45000000,1
1505848480,21868497,281.00,0.70000000,1
1505848479,21868496,281.00,0.60000000,1
1505848479,21868494,281.00,1.00000000,1
1505848479,21868493,281.00,0.10000000,1
1505848479,21868492,281.00,4.50000000,1
1505848479,21868490,281.18,1.00000000,1
1505848479,21868489,281.30,0.05000000,1
1505848479,21868488,281.60,0.04634233,1
1505848479,21868487,281.71,0.10000000,1
1505848478,21868485,281.80,0.05000000,1
1505848478,21868483,281.80,0.40250434,1
1505848478,21868481,281.94,61.58881322,1
1505848478,21868480,282.19,2.53598639,1
1505848478,21868479,282.25,0.05000000,1
1505848478,21868478,282.65,0.05000000,1
1505848477,21868477,282.91,0.46000000,1
1505848477,21868476,282.99,0.04611470,1
1505848476,21868475,283.00,0.05000000,1
1505848476,21868474,283.00,0.50000000,1
1505848476,21868473,283.01,2.00000000,1
1505848476,21868472,283.30,0.05000000,1
1505848475,21868471,283.30,0.73877000,0
1505848475,21868470,283.50,10.00000000,1
1505848475,21868467,283.55,0.05000000,1
1505848474,21868466,283.59,0.06417715,1
1505848474,21868465,283.68,2.85989200,0
1505848474,21868464,283.75,0.05000000,1
1505848473,21868463,283.90,0.05000000,1
1505848473,21868462,283.90,4.76000000,0
1505848473,21868461,284.00,19.64576500,1
1505848471,21868455,285.00,53.28799086,1
1505848470,21868454,285.00,0.73618000,1
1505848470,21868452,284.91,0.05000000,0
1505848470,21868451,284.85,0.50000000,0
1505848470,21868450,284.80,0.27582914,0
1505848470,21868449,284.66,0.05000000,0
1505848470,21868447,284.46,0.05000000,0
1505848469,21868446,284.31,0.05000000,0
1505848440,21868383,284.00,0.35423500,1
1505848416,21868302,284.01,0.27582914,1
1505848416,21868300,284.28,0.04590545,1
1505848416,21868297,284.45,0.41490596,1
1505848411,21868277,284.50,0.56905660,1
1505848405,21868258,284.50,0.04946229,1
1505848405,21868256,284.50,0.19463940,1
1505848404,21868250,284.50,6.33882100,1
1505848404,21868247,284.50,12.84802071,1
1505848404,21868245,285.00,7.12243145,1
1505848403,21868242,285.30,0.02954784,1
1505848402,21868233,285.00,12.87756855,1
1505848402,21868230,285.00,0.50000000,1
1505848402,21868229,285.00,0.03500000,1
1505848402,21868226,285.01,6.33882045,1
1505848371,21868102,285.30,0.39219900,1
1505848360,21868070,285.30,1.02100000,1
1505848359,21868064,285.30,3.58740148,0
1505848359,21868063,285.30,0.87550000,1
1505848359,21868062,285.45,0.04571729,1
1505848357,21868061,285.50,10.73000000,0
1505848351,21868050,285.50,0.27336300,1
1505848340,21868019,285.46,6.04744286,1
1505848340,21868018,285.46,1.59000000,1
1505848339,21868017,285.90,1.00000000,1
1505848333,21867992,285.45,0.84051961,0
1505848332,21867991,285.59,0.05000000,1
1505848332,21867989,285.60,2.22000000,1
1505848331,21867988,285.90,0.74408689,1
1505848331,21867987,285.90,0.25591311,1
1505848331,21867984,285.94,0.10000000,1
1505848330,21867974,286.00,0.54384200,1
1505848326,21867965,286.00,0.22588500,1
1505848326,21867962,286.00,0.23027300,1
1505848326,21867958,286.19,0.73618000,1
1505848325,21867954,286.04,0.05000000,1
1505848325,21867953,286.16,6.93000000,1
1505848319,21867924,286.18,2.13488900,1
1505848305,21867867,287.41,6.33301480,0
1505848305,21867866,286.70,0.73488000,0
1505848297,21867833,287.38,0.45377000,0
1505848297,21867832,287.38,0.13812763,0
1505848297,21867830,287.38,0.73335000,0
1505848297,21867829,286.75,1.72016739,0
1505848296,21867826,286.75,1.39983261,0
1505848296,21867825,286.71,0.50000000,0
1505848292,21867812,286.75,6.43000000,0
1505848292,21867810,286.55,0.50000000,0
1505848285,21867792,286.42,0.27820000,0
1505848279,21867771,286.30,0.26551001,0
1505848278,21867762,286.16,1.00000000,1
1505848277,21867759,286.30,0.18000500,1
1505848277,21867757,286.30,0.81999500,1
1505848277,21867755,286.32,0.27820000,1
1505848277,21867754,286.43,0.28809325,1
1505848277,21867752,286.44,0.05000000,1
1505848276,21867750,286.50,0.04554974,1
1505848275,21867747,286.79,0.05000000,1
1505848274,21867742,287.01,0.00009723,1
1505848272,21867738,287.01,0.73478277,1
1505848271,21867731,287.00,0.00000037,1
1505848271,21867729,287.00,19.99999963,1
1505848270,21867728,287.00,0.02013937,1
1505848261,21867715,287.09,0.05000000,1
1505848260,21867712,287.49,2.02119917,0
1505848259,21867711,287.49,1.72230998,0
1505848259,21867710,287.12,0.17263263,0
1505848255,21867705,287.12,0.05736737,1
1505848255,21867704,287.60,0.09179737,0
1505848255,21867703,287.60,0.73335500,0
1505848255,21867702,287.60,0.56906549,0
1505848255,21867701,287.43,0.50000000,0
1505848247,21867678,287.60,0.06566324,0
1505848247,21867676,287.13,0.73335000,1
1505848242,21867661,287.11,6.82995716,1
1505848242,21867659,287.12,0.05000000,1
1505848241,21867657,287.34,0.05000000,1
1505848239,21867641,287.35,0.00007500,1
1505848234,21867631,287.35,0.22992500,1
1505848232,21867628,287.67,1.39375695,0
1505848232,21867626,287.50,0.50000000,0
1505848223,21867602,287.54,0.05000000,1
1505848222,21867600,287.50,0.05000000,0
1505848220,21867592,287.42,0.04540394,1
1505848220,21867590,287.50,0.32350528,1
1505848220,21867588,287.51,0.23000000,1
1505848214,21867562,287.50,1.63931716,1
1505848167,21867486,287.80,0.22995136,1
1505848080,21867418,288.01,3.92166939,0
1505848080,21867414,288.00,0.19430525,0
1505848048,21867398,287.93,1.49783145,0
1505848048,21867397,287.92,0.25300000,0
1505848042,21867392,287.91,1.73374096,0
1505848010,21867380,287.92,0.05000000,1
1505848008,21867378,287.93,0.23000000,0
1505848008,21867377,287.93,3.93842872,1
1505847992,21867373,287.50,0.79214670,1
1505847992,21867372,287.70,0.25300000,1
1505847987,21867363,288.03,1.54363011,1
1505847987,21867362,288.03,0.65252422,1
1505847987,21867361,288.04,1.54357655,1
1505847944,21867293,288.09,2.79538503,0
1505847929,21867284,288.04,0.53954500,1
1505847919,21867279,288.03,0.30085830,1
1505847898,21867266,288.10,0.03113502,0
1505847800,21867207,288.10,2.92141617,0
1505847798,21867206,288.09,0.50000000,0
1505847798,21867205,288.09,9.08964134,0
1505847741,21867189,288.09,0.19061421,1
1505847740,21867188,288.09,0.50000000,0
1505847637,21867163,288.03,0.73103500,0
1505847560,21867111,287.83,0.05000000,0
1505847533,21867096,287.53,2.92032196,1
1505847530,21867095,287.53,1.78096028,1
1505847523,21867091,287.50,7.24503086,1
1505847523,21867090,287.74,0.05000000,1
1505847523,21867089,287.84,1.75917750,1
1505847523,21867088,287.85,0.07588534,1
1505847523,21867087,287.85,0.07137468,1
1505847523,21867086,288.09,1.83731750,1
1505847518,21867083,288.09,2.08268250,1
1505847518,21867081,288.09,0.90000000,1
1505847516,21867078,288.09,1.64400000,1
1505847516,21867077,288.09,0.27600000,0
1505847515,21867076,288.08,1.01000000,1
1505847513,21867073,288.08,1.90000000,0
1505847496,21867062,288.12,0.09952055,0
1505847491,21867058,287.85,0.08273998,1
1505847452,21867025,287.84,1.70493451,1
1505847452,21867024,287.89,0.05000000,1
1505847452,21867022,288.00,1.13991958,1
1505847451,21867020,288.00,14.55015454,1
1505847451,21867019,288.00,1.44894793,1
1505847450,21867018,288.01,0.23000000,1
1505847450,21867017,288.00,4.02635241,1
1505847450,21867016,288.00,0.78552462,1
1505847449,21867015,288.00,10.04910092,1
1505847449,21867014,288.00,1.46335525,1
1505847449,21867013,288.00,6.58946265,1
1505847448,21867011,288.00,10.97079095,1
1505847447,21867010,288.00,0.88776070,1
1505847447,21867009,288.00,8.60215738,1
1505847447,21867008,288.00,6.61022056,1
1505847445,21867007,288.00,2.76523726,1
1505847445,21867005,288.02,0.23000000,1
1505847445,21867004,288.03,1.83878979,1
1505847444,21867003,288.03,0.57826000,1
1505847442,21866997,288.03,2.42295021,1
1505847438,21866990,288.00,0.18718800,1
1505847438,21866988,288.01,0.23000000,1
1505847425,21866950,288.00,2.69659267,1
1505847425,21866949,288.01,0.23000000,1
1505847414,21866944,288.03,4.84000000,1
1505847414,21866943,288.09,0.23000000,1
1505847328,21866893,288.07,0.18000000,1
1505847328,21866892,288.11,0.05000000,1
1505847320,21866876,288.04,0.25300000,1
1505847319,21866872,288.04,0.49077255,0
1505847318,21866871,288.04,6.93000000,1
1505847318,21866870,288.06,0.23000000,1
1505847229,21866773,288.00,5.11838380,1
1505847229,21866772,288.00,3.30749813,1
1505847229,21866771,288.00,10.94864112,1
1505847229,21866770,288.01,0.23000000,1
1505847224,21866769,288.00,10.77689620,1
1505847224,21866768,288.13,5.50000000,1
1505847219,21866767,288.00,7.67373722,1
1505847219,21866766,288.00,1.40207811,1
1505847219,21866765,288.14,0.23000000,1
1505847218,21866764,288.00,0.53318571,1
1505847217,21866761,288.00,9.46681429,1
1505847217,21866760,288.00,0.50000000,1
1505847217,21866759,288.01,2.86000000,1
1505847217,21866758,288.13,5.50000000,1
1505847211,21866756,288.05,0.05000000,1
1505847210,21866755,288.08,5.50000000,1
1505847210,21866754,288.08,0.05000000,1
1505847210,21866753,288.08,0.05000000,1
1505847210,21866752,288.12,0.05000000,1
1505847210,21866750,288.20,3.78179605,1
1505847210,21866749,288.20,4.31322226,1
1505847209,21866748,288.21,0.23000000,1
1505847205,21866747,288.20,1.52257288,1
1505847205,21866746,288.20,5.55313569,1
1505847205,21866745,288.20,1.15159722,1
1505847205,21866743,288.20,3.67767590,1
1505847204,21866739,288.21,0.04527948,1
1505847204,21866738,288.25,4.84000000,1
1505847204,21866736,288.25,0.05000000,1
1505847204,21866735,288.40,0.05000000,1
1505847204,21866734,288.40,0.00000023,1
1505847204,21866733,288.40,0.15635277,1
1505847201,21866729,288.40,0.84364700,1
1505847200,21866728,288.43,0.05000000,1
1505847200,21866727,288.47,0.05000000,1
1505847183,21866702,288.48,0.04452500,1
1505847183,21866701,288.50,0.73483536,1
1505847172,21866693,288.50,4.89732703,1
1505847172,21866692,288.51,0.23000000,1
1505847168,21866681,288.52,0.23000000,1
1505847166,21866677,288.52,0.77109700,1
1505847125,21866626,288.50,17.17000000,1
1505847124,21866625,288.51,0.23000000,1
1505847122,21866622,288.50,6.13809986,1
1505847122,21866621,288.50,11.30713827,1
1505847122,21866617,288.50,0.02534500,1
1505847118,21866612,288.50,10.46208984,1
1505847117,21866611,288.51,0.93205578,1
1505847117,21866609,288.51,10.57941434,1
1505847117,21866607,288.52,0.23000000,1
1505847106,21866582,288.51,1.23079000,1
1505847106,21866581,288.52,0.23000000,1
1505847098,21866569,288.51,15.55276373,1
1505847098,21866568,288.52,0.06581727,1
1505847095,21866561,288.52,0.16418273,1
1505847089,21866557,288.51,8.26694617,1
1505847089,21866555,288.51,2.11303901,1
1505847087,21866551,288.51,1.38055200,1
1505847087,21866549,288.51,0.01872100,1
1505847086,21866548,288.52,0.23000000,1
1505847081,21866537,288.51,2.69247000,1
1505847080,21866535,288.51,3.26780300,1
1505847078,21866529,288.51,0.76055100,1
1505847078,21866527,288.77,0.05000000,1
1505847078,21866526,288.78,0.05000000,1
1505847077,21866524,288.86,0.23000000,1
1505847075,21866519,288.85,0.25300000,1
1505847070,21866500,289.01,1.90588242,1
1505847068,21866498,289.01,19.33747903,1
1505847068,21866497,289.02,0.23000000,1
1505847058,21866467,289.01,0.23000000,1
1505847058,21866466,289.02,0.23000000,1
1505846965,21866404,289.01,7.40919783,1
1505846963,21866402,289.01,0.97151238,1
1505846963,21866401,289.01,3.05303000,1
1505846962,21866400,289.01,14.56576894,1
1505846962,21866399,289.02,0.27600000,1
1505846960,21866397,289.01,8.51808540,1
1505846960,21866395,289.02,0.23000000,1
1505846954,21866387,289.01,0.08662290,1
1505846953,21866386,289.01,0.05001211,1
1505846953,21866385,289.04,0.23000000,1
1505846937,21866360,289.02,4.55000000,0
1505846937,21866356,289.02,0.05000000,1
1505846933,21866355,289.12,0.05000000,1
1505846933,21866354,289.22,0.05000000,1
1505846933,21866353,289.37,0.05000000,1
1505846933,21866352,289.47,0.05000000,1
1505846928,21866350,289.48,3.59775973,1
1505846926,21866347,289.48,6.94513107,1
1505846922,21866345,289.48,2.00000000,1
1505846921,21866344,289.48,4.15604822,1
1505846898,21866324,289.48,0.15000000,1
1505846896,21866321,289.49,0.23000000,1
1505846851,21866302,289.48,0.32012442,1
1505846846,21866301,289.48,0.20701948,1
1505846830,21866295,289.48,1.56221633,1
1505846825,21866293,289.48,0.20701948,1
1505846732,21866257,289.48,3.49000000,1
1505846731,21866256,289.48,4.84000000,1
1505846718,21866250,289.48,3.33073330,1
1505846718,21866248,289.48,0.90000000,1
1505846713,21866246,289.48,0.21252012,1
1505846708,21866242,289.48,5.34247100,1
1505846704,21866238,289.48,5.50000000,1
1505846703,21866237,289.48,4.84000000,1
1505846690,21866229,289.48,6.90603900,1
1505846684,21866226,289.48,6.90603800,1
1505846680,21866222,289.48,5.50000000,1
1505846680,21866221,289.48,4.84000000,1
1505846676,21866218,289.48,3.87000000,1
1505846675,21866217,289.48,29.87799928,1
1505846669,21866215,289.49,3.22720000,1
1505846664,21866213,289.49,1.01714960,1
1505846653,21866197,289.79,4.24003727,1
1505846653,21866194,289.79,0.23996549,1
1505846653,21866191,289.78,0.05000000,0
1505846651,21866190,289.75,0.45430400,0
1505846632,21866186,289.48,4.06909458,1
1505846627,21866184,289.48,4.67368934,1
1505846622,21866182,289.48,2.49078435,1
1505846622,21866181,289.48,5.78516779,1
1505846617,21866179,289.48,6.35487563,1
1505846617,21866178,289.48,3.04832527,1
1505846614,21866176,289.48,0.97000000,1
1505846611,21866172,289.48,3.02583184,1
1505846595,21866153,289.48,7.95695766,1
1505846574,21866142,289.48,5.23443800,1
1505846569,21866135,289.48,2.73994750,1
1505846567,21866133,289.48,77.70000000,1
1505846567,21866132,289.71,0.47738600,0
1505846565,21866130,289.72,8.15974400,0
1505846565,21866125,289.48,0.50301600,1
1505846565,21866124,289.48,3.24301600,1
1505846563,21866121,289.48,0.98024400,1
1505846562,21866120,289.48,15.47349261,1
1505846562,21866119,289.49,1.80120000,1
1505846553,21866103,289.48,0.06000000,1
1505846496,21866027,289.50,2.37319831,0
1505846479,21866020,289.49,2.56108000,1
1505846467,21866008,289.49,0.74000000,1
1505846467,21866007,289.52,0.75000000,0
1505846467,21866006,289.52,5.44013156,0
1505846467,21866005,289.49,0.74000000,1
1505846466,21866004,289.49,0.26000000,1
1505846465,21866002,289.49,0.48000000,1
1505846465,21866001,289.49,0.26000000,1
1505846463,21866000,289.49,0.48000000,1
1505846463,21865999,289.49,0.26000000,1
1505846462,21865998,289.49,0.48000000,1
1505846462,21865997,289.49,0.26000000,0
1505846461,21865996,289.49,0.48000000,1
1505846460,21865994,289.49,0.74000000,1
1505846459,21865993,289.49,0.74000000,1
1505846458,21865992,289.49,0.55000000,0
1505846454,21865990,289.48,0.19000000,1
1505846453,21865989,289.49,0.55000000,1
1505846453,21865988,289.49,0.74000000,1
1505846452,21865987,289.49,0.74000000,1
1505846451,21865986,289.49,0.74000000,1
1505846451,21865985,289.52,0.73104000,0
1505846445,21865982,289.52,0.75882844,1
1505846372,21865929,289.48,5.11277300,1
1505846371,21865928,289.48,3.15732000,1
1505846370,21865926,289.48,0.92041079,1
1505846370,21865925,289.48,2.08812616,1
1505846345,21865910,289.70,0.23000000,0
1505846305,21865886,289.55,0.90008465,1
1505846248,21865862,289.54,0.05332349,1
1505846248,21865861,289.54,0.49172300,1
1505846248,21865860,289.73,0.05000000,1
1505846201,21865833,289.88,0.05000000,0
1505846190,21865830,289.79,2.06884000,1
1505846177,21865819,289.99,2.00000000,0
1505846156,21865805,290.00,1.77000000,0
1505846156,21865804,289.98,0.23000000,0
1505846127,21865786,290.07,3.69000000,0
1505846127,21865784,290.00,0.43814872,0
1505846127,21865783,289.99,0.23000000,0
1505846099,21865767,290.00,1.56185128,0
1505846099,21865766,290.00,2.66738872,0
1505846099,21865765,289.95,0.05000000,0
1505846099,21865764,289.94,0.05000000,0
1505846087,21865744,289.82,0.05000000,0
1505846086,21865743,289.80,0.05000000,0
1505846086,21865741,289.80,0.05000000,0
1505846086,21865740,289.79,0.05000000,0
1505846077,21865721,289.55,2.07361327,1
1505846076,21865720,289.60,0.37490000,0
1505846074,21865718,289.53,7.75122053,0
1505846070,21865706,289.47,0.05000000,0
1505846070,21865705,289.38,0.05000000,0
1505846005,21865679,289.33,0.38567873,0
1505845998,21865674,289.36,0.23567300,0
1505845998,21865673,289.35,0.05000000,0
1505845998,21865672,289.25,0.05000000,0
1505845998,21865671,289.20,0.05000000,0
1505845991,21865660,289.19,1.70000000,0
1505845991,21865659,289.12,0.05000000,0
1505845991,21865658,289.10,0.05000000,0
1505845988,21865655,289.08,0.05000000,0
1505845985,21865652,289.07,0.05357857,0
1505845985,21865650,289.07,0.68220557,0
1505845985,21865649,289.07,0.04999443,0
1505845985,21865648,289.06,0.05357857,0
1505845882,21865624,288.80,0.00000500,0
1505845881,21865621,288.80,0.35809500,0
1505845824,21865593,288.80,0.04190000,0
1505845785,21865536,288.80,0.50000000,0
1505845783,21865535,288.82,0.05000000,1
1505845783,21865534,288.97,0.05000000,1
1505845363,21865398,289.08,0.14493254,0
1505845341,21865394,289.11,0.23700000,1
