date,tid,price,amount,type
1505865660,21884442,1.19421,394.23217,1
1505865659,21884440,1.19428,6.74986,1
1505865630,21884435,1.19700,548.47640,0
1505865630,21884434,1.19700,548.47640,0
1505865630,21884433,1.19700,469.97952,0
1505865629,21884432,1.19699,25.12713,0
1505865629,21884431,1.19424,53.36975,0
1505865628,21884428,1.19421,477.99286,1
1505865608,21884408,1.19421,43.76000,1
1505865604,21884395,1.19421,53.07999,1
1505865599,21884379,1.19421,30.43999,1
1505865589,21884366,1.19421,100.15000,1
1505865579,21884351,1.19421,33.75999,1
1505865578,21884347,1.19421,46.28999,1
1505865578,21884346,1.19421,19.62881,1
1505865577,21884344,1.19422,9.62560,1
1505865577,21884342,1.19423,5.26558,1
1505865554,21884306,1.19426,144.51526,1
1505865554,21884303,1.19426,52.61262,1
1505865554,21884302,1.19427,5.98737,1
1505865550,21884296,1.19426,393.94881,1
1505865550,21884295,1.19428,6.03748,1
1505865543,21884287,1.19426,3260.40891,1
1505865542,21884285,1.19475,6.41707,1
1505865540,21884279,1.19426,148.51440,1
1505865540,21884278,1.19427,9.62560,1
1505865386,21884197,1.19484,6.60436,0
1505865385,21884196,1.19484,6.74432,1
1505865385,21884195,1.19484,10.11648,1
1505865378,21884190,1.19481,1287.92407,1
1505865378,21884189,1.19482,6.74432,1
1505865378,21884188,1.19482,10.11648,1
1505865377,21884187,1.19481,48.59351,0
1505865249,21884153,1.19509,218.95439,1
1505865249,21884152,1.19510,10.28217,1
1505864893,21884054,1.19789,6.70936,1
1505864801,21884034,1.19767,419.50027,0
1505864793,21884027,1.19767,14.18344,0
1505864792,21884026,1.19769,2.16945,1
1505864791,21884018,1.19769,431.71994,1
1505864789,21884016,1.19505,0.21181,0
1505864788,21884015,1.19505,433.88938,0
1505864788,21884014,1.19490,0.21182,0
1505864788,21884013,1.19492,143.56086,1
1505864784,21884005,1.19508,17.93290,1
1505864773,21884003,1.19500,312.52814,0
1505864772,21884000,1.19503,18.08329,1
1505864738,21883988,1.19523,68.97107,1
1505864738,21883987,1.19527,18.99257,1
1505864738,21883986,1.19531,18.23506,1
1505864701,21883975,1.19524,42.74805,1
1505864701,21883973,1.19606,19.15195,1
1505864372,21883833,1.19524,233.20526,1
1505864372,21883832,1.19752,22.34469,1
1505864372,21883831,1.19771,10.87005,1
1505864293,21883777,1.19752,199.99426,1
1505864293,21883775,1.19781,10.70574,1
1505864169,21883737,1.19752,11.87397,1
1505864159,21883727,1.19930,11.25197,1
1505864159,21883725,1.19931,70.83000,1
1505864064,21883666,1.19990,576.93746,0
1505863874,21883602,1.19990,79.93632,0
1505863873,21883600,1.19990,41.60000,0
1505863685,21883516,1.19989,25.56671,0
1505863685,21883514,1.19989,45.26000,0
1505863685,21883513,1.19921,0.00928,0
1505863625,21883496,1.19921,1938.20000,0
1505863533,21883454,1.19921,331.14000,0
1505863532,21883451,1.19921,331.47839,0
1505863528,21883446,1.19921,333.04000,0
1505863381,21883399,1.19921,250.31062,0
1505863355,21883374,1.19921,115.90000,0
1505863353,21883371,1.19921,699.92171,0
1505863353,21883370,1.19904,1.28214,0
1505863349,21883357,1.19904,753.48365,0
1505863346,21883345,1.19904,972.83295,0
1505863343,21883329,1.19904,100.35454,0
1505863343,21883327,1.19848,0.00645,0
1505863338,21883291,1.19848,295.61000,0
1505863331,21883283,1.19848,56.91492,0
1505863331,21883281,1.19848,56.91000,0
1505863322,21883270,1.19848,11.88863,0
1505863272,21883222,1.19752,58.49969,1
1505863271,21883217,1.19904,1172.04672,0
1505863271,21883216,1.19900,24.08000,0
1505863271,21883215,1.19900,40.20328,0
1505863270,21883213,1.19894,41.19000,0
1505863270,21883212,1.19848,5.00000,0
1505863270,21883210,1.19820,300.00000,0
1505863270,21883208,1.19750,300.00000,0
1505863270,21883207,1.19750,614.80545,0
1505863269,21883206,1.19750,2385.19455,0
1505863269,21883205,1.19749,186.13545,0
1505863267,21883196,1.19749,32.27715,1
1505863267,21883195,1.19749,210.52285,0
1505863266,21883194,1.19749,5.12000,0
1505863266,21883193,1.19749,32.28000,0
1505863266,21883192,1.19721,0.01000,0
1505863256,21883171,1.19721,1722.22000,0
1505863252,21883162,1.19721,2277.77000,0
1505863229,21883144,1.19704,1.62743,0
1505863227,21883139,1.19704,1428.74970,0
1505863208,21883109,1.19704,1569.62287,0
1505863207,21883108,1.19700,84.37339,0
1505863207,21883107,1.19700,44.18000,0
1505863207,21883106,1.19700,1144.95100,0
1505863207,21883105,1.19700,33.82551,0
1505863207,21883104,1.19700,397.67349,0
1505863207,21883103,1.19700,78.40000,0
1505863206,21883102,1.19700,100.24929,0
1505863206,21883101,1.19700,83.01000,0
1505863206,21883100,1.19700,1463.71445,0
1505863082,21882981,1.19700,189.91000,0
1505863081,21882978,1.19700,95.05279,0
1505863080,21882974,1.19700,95.04000,0
1505863059,21882964,1.19700,18.35640,0
1505863059,21882963,1.19700,333.11719,0
1505863059,21882962,1.19700,2333.69360,0
1505863059,21882961,1.19700,241.73318,0
1505863059,21882960,1.19700,115.32000,0
1505863059,21882959,1.19700,309.19731,0
1505863058,21882958,1.19700,241.56101,0
1505863058,21882957,1.19700,739.48033,0
1505863058,21882956,1.19700,457.04967,0
1505863058,21882955,1.19700,210.49131,0
1505863058,21882954,1.19700,121.61632,0
1505863058,21882953,1.19700,136.05000,0
1505863057,21882952,1.19700,241.66036,0
1505863057,21882951,1.19700,243.64807,0
1505863057,21882950,1.19700,331.58844,0
1505863057,21882949,1.19700,579.37258,0
1505863057,21882948,1.19700,101.79742,0
1505863057,21882947,1.19700,95.80804,0
1505863056,21882946,1.19700,33.83000,0
1505863056,21882945,1.19700,106.57000,0
1505863056,21882944,1.19700,237.27553,0
1505863056,21882943,1.19700,730.00730,0
1505863056,21882942,1.19700,597.45000,0
1505863056,21882941,1.19700,467.57997,0
1505863055,21882940,1.19700,26.60999,0
1505863055,21882939,1.19700,612.08279,0
1505863055,21882938,1.19699,45.46000,0
1505863055,21882936,1.19699,43.13622,0
1505863055,21882935,1.19620,248.45697,0
1505862996,21882900,1.19620,51.54303,0
1505862996,21882898,1.19544,6.19000,0
1505862996,21882896,1.19521,0.00697,0
1505862996,21882895,1.19521,3587.32000,0
1505862992,21882892,1.19521,188.42000,0
1505862992,21882891,1.19521,187.37643,0
1505862992,21882889,1.19521,36.87660,0
1505862991,21882887,1.19520,199.73379,0
1505862990,21882882,1.19520,100.26621,0
1505862990,21882880,1.19500,0.00960,0
1505862978,21882863,1.19500,1194.67000,0
1505862846,21882801,1.19500,1109.20000,0
1505862810,21882778,1.19500,628.79000,0
1505862801,21882763,1.19500,234.21040,0
1505862801,21882761,1.19490,300.00000,0
1505862801,21882759,1.19487,0.00960,0
1505862800,21882756,1.19487,1022.81000,0
1505862798,21882745,1.19487,1419.21040,0
1505862798,21882742,1.19487,88.59000,0
1505862797,21882739,1.19487,869.83000,0
1505862797,21882738,1.19487,299.56000,0
1505862797,21882736,1.19487,299.99000,0
1505862773,21882714,1.19400,0.00132,0
1505862770,21882710,1.19400,14.86709,0
1505862770,21882709,1.19400,821.53001,0
1505862769,21882708,1.19400,195.24290,0
1505862764,21882702,1.19400,208.96146,0
1505862750,21882690,1.19400,175.56000,0
1505862749,21882687,1.19400,66.69000,0
1505862743,21882678,1.19400,2096.80000,0
1505862741,21882674,1.19400,786.36562,0
1505862741,21882673,1.19400,60.00000,0
1505862741,21882672,1.19400,1121.71999,0
1505862741,21882671,1.19400,1077.32439,0
1505862739,21882667,1.19400,836.59560,0
1505862739,21882666,1.19400,79.34936,0
1505862739,21882665,1.19400,79.35490,0
1505862739,21882664,1.19400,2129.13014,0
1505862737,21882659,1.19400,58.24589,0
1505862736,21882658,1.19400,1043.04416,0
1505862736,21882656,1.19400,179.30324,0
1505862736,21882655,1.19400,194.44999,0
1505862736,21882654,1.19400,1136.39069,0
1505862735,21882651,1.19400,160.89152,0
1505862735,21882650,1.19399,331.01040,0
1505862694,21882605,1.19400,76.45848,0
1505862694,21882602,1.19400,1545.50432,0
1505862692,21882598,1.19400,473.90123,0
1505862692,21882597,1.19399,0.00001,0
1505862692,21882595,1.19399,299.17494,0
1505862674,21882590,1.19400,2462.13444,0
1505862674,21882588,1.19400,116.60214,0
1505862674,21882586,1.19400,20.07852,0
1505862673,21882584,1.19400,201.51490,0
1505862672,21882578,1.19400,85.33778,0
1505862672,21882577,1.19400,584.23790,0
1505862672,21882576,1.19400,55.71494,0
1505862671,21882572,1.19400,55.35784,0
1505862671,21882570,1.19400,1895.72154,0
1505862670,21882567,1.19400,817.20220,0
1505862670,21882566,1.19400,294.43999,0
1505862670,21882564,1.19400,1157.70999,0
1505862670,21882563,1.19400,539.85715,0
1505862670,21882562,1.19400,416.90821,0
1505862669,21882561,1.19400,99.74790,0
1505862669,21882559,1.19400,255.68831,0
1505862669,21882558,1.19399,0.00625,0
1505862669,21882556,1.19399,327.34000,0
1505862582,21882511,1.19400,247.38745,0
1505862582,21882509,1.19399,0.00255,0
1505862581,21882507,1.19399,390.00000,1
1505862580,21882505,1.19400,2305.51248,0
1505862580,21882504,1.19400,89.77000,0
1505862580,21882503,1.19400,99.68908,0
1505862579,21882502,1.19400,326.97769,0
1505862579,21882501,1.19400,304.97820,0
1505862579,21882500,1.19399,390.00255,0
1505862503,21882470,1.19399,34.86100,0
1505862390,21882439,1.19399,434.21341,0
1505862378,21882429,1.19400,1793.82966,0
1505862378,21882428,1.19400,255.75999,0
1505862377,21882426,1.19400,54.93776,0
1505862377,21882425,1.19400,153.48999,0
1505862377,21882424,1.19400,281.48167,0
1505862377,21882422,1.19400,204.81999,0
1505862377,21882420,1.19400,205.42999,0
1505862376,21882419,1.19399,0.58539,0
1505862372,21882415,1.19399,479.59686,0
1505862093,21882322,1.19390,54.78709,0
1505862093,21882318,1.19390,4945.21291,0
1505862093,21882316,1.19389,54.77709,0
1505862093,21882314,1.19389,35.22291,0
1505862092,21882313,1.19321,0.00709,0
1505862031,21882228,1.19321,665.04000,0
1505862028,21882225,1.19321,286.09485,0
1505862025,21882218,1.19321,946.74000,0
1505862013,21882209,1.19309,12.25762,1
1505862013,21882207,1.19321,94.68000,0
1505862008,21882204,1.19308,34.20145,1
1505862002,21882189,1.19321,10.39069,0
1505862002,21882186,1.19307,16.68000,1
1505861980,21882176,1.19321,48.08499,0
1505861970,21882161,1.19321,28.46934,0
1505861970,21882154,1.19300,6.76075,0
1505861894,21882083,1.19250,0.00554,0
1505861894,21882081,1.19250,13.12679,0
1505861894,21882080,1.19250,126.28922,0
1505861893,21882079,1.19250,1450.34462,0
1505861893,21882078,1.19250,219.71034,0
1505861893,21882076,1.19250,1603.36903,0
1505861891,21882071,1.19250,1300.49095,0
1505861891,21882070,1.19250,82.15999,0
1505861891,21882069,1.19250,62.61906,0
1505861890,21882060,1.19250,1800.51358,0
1505861890,21882058,1.19250,287.89553,0
1505861890,21882057,1.19250,85.01000,0
1505861889,21882056,1.19250,234.25594,0
1505861889,21882055,1.19250,57.78527,0
1505861889,21882053,1.19250,59.57895,0
1505861889,21882050,1.19250,692.08422,0
1505861888,21882048,1.19250,919.25999,0
1505861888,21882047,1.19250,3218.05786,0
1505861888,21882046,1.19250,175.35825,0
1505861888,21882045,1.19250,1.61935,0
1505861888,21882043,1.19250,185.21999,0
1505861887,21882042,1.19250,504.34527,0
1505861887,21882041,1.19250,1038.40470,0
1505861887,21882040,1.19250,498.68632,0
1505861887,21882038,1.19250,363.98998,0
1505861887,21882037,1.19250,375.01999,0
1505861886,21882036,1.19250,2103.37685,0
1505861886,21882033,1.19250,30.10720,0
1505861886,21882032,1.19249,0.00975,0
1505861885,21882030,1.19249,582.25000,0
1505861884,21882028,1.19250,297.53279,0
1505861884,21882027,1.19250,57.46999,0
1505861884,21882026,1.19250,36.10999,0
1505861883,21882025,1.19250,50.00000,0
1505861883,21882024,1.19250,50.51790,0
1505861883,21882023,1.19250,46.06316,0
1505861883,21882022,1.19250,1500.00000,0
1505861883,21882021,1.19250,302.73678,0
1505861883,21882020,1.19250,49.01072,0
1505861882,21882019,1.19250,56.11999,0
1505861882,21882017,1.19250,56.11999,0
1505861882,21882016,1.19250,56.11790,0
1505861882,21882014,1.19250,171.57074,0
1505861881,21882011,1.19250,2706.47005,0
1505861870,21882005,1.19250,270.62230,0
1505861870,21882003,1.19249,589.01710,0
1505861864,21881998,1.19250,1269.86262,0
1505861864,21881997,1.19249,0.00738,0
1505861859,21881992,1.19249,486.44000,0
1505861855,21881986,1.19249,175.12787,0
1505861844,21881968,1.19250,484.71661,0
1505861843,21881966,1.19250,50.27369,0
1505861843,21881965,1.19250,300.00000,0
1505861843,21881964,1.19249,0.00970,0
1505861843,21881963,1.19249,816.92000,0
1505861843,21881961,1.19249,905.39000,0
1505861784,21881949,1.19249,94.61000,0
1505861598,21881885,1.18886,34.12909,1
1505860989,21881652,1.19249,94.65831,0
1505860987,21881648,1.19249,189.35167,0
1505860986,21881645,1.19249,94.70857,0
1505860460,21881480,1.19249,98.43168,0
1505860460,21881479,1.19248,0.09091,0
1505860458,21881465,1.19248,18.09184,0
1505860394,21881422,1.19248,81.81726,0
1505860392,21881420,1.19248,166.96089,0
1505860386,21881418,1.19248,175.48864,0
1505860384,21881417,1.19247,170.00000,0
1505860212,21881323,1.19248,71.67700,0
1505860211,21881322,1.19248,71.67700,0
1505860153,21881271,1.19247,8.49833,0
1505860153,21881270,1.19245,161.49167,0
1505860153,21881269,1.19245,57.94000,0
1505860081,21881195,1.18755,39.91649,0
1505859831,21881057,1.19245,137.67192,0
1505859502,21880869,1.19245,60.21215,0
1505859472,21880847,1.19245,60.21215,0
1505859149,21880727,1.19244,11.42700,0
1505859141,21880723,1.19245,31.04930,0
1505859141,21880722,1.19245,31.04930,0
1505859141,21880721,1.19245,31.04930,0
1505859141,21880720,1.19245,31.04930,0
1505859141,21880719,1.19245,31.04930,0
1505859141,21880718,1.19245,31.04930,0
1505859141,21880717,1.19245,31.04930,0
1505859141,21880716,1.19245,21.54230,0
1505859141,21880715,1.19244,9.50700,0
1505859140,21880714,1.19244,31.04930,0
1505859140,21880713,1.19244,31.04930,0
1505859140,21880712,1.19244,31.04930,0
1505859139,21880711,1.19244,31.04930,0
1505859139,21880710,1.19244,31.04930,0
1505859139,21880709,1.19244,31.04930,0
1505859139,21880707,1.19244,31.04930,0
1505859139,21880706,1.19244,31.04930,0
1505859139,21880705,1.19244,31.04930,0
1505859138,21880704,1.19244,31.04930,0
1505859072,21880647,1.19248,514.19647,0
1505859072,21880646,1.19247,1073.86350,1
1505859070,21880645,1.19247,620.00000,0
1505857861,21880059,1.18755,153.77879,1
1505857858,21880056,1.18754,82.51999,1
1505857857,21880053,1.18754,5.53146,1
1505857850,21880047,1.18754,494.69066,1
1505857850,21880046,1.18754,119.99596,1
1505857586,21879839,1.19247,29.99310,0
1505857352,21879694,1.19248,100.11408,0
1505857322,21879671,1.18756,80.76000,1
1505857320,21879665,1.18755,307.52000,1
1505857131,21879529,1.19249,216.80005,0
1505857131,21879528,1.19248,150.00000,0
1505857131,21879527,1.19247,85.59545,0
1505857028,21879396,1.19249,498.65380,0
1505856930,21879253,1.19249,236.11789,0
1505856929,21879252,1.19249,1341.87357,0
1505856929,21879251,1.19248,765.72164,0
1505856541,21879004,1.19249,1044.32150,0
1505856329,21878878,1.19249,37.45942,0
1505856296,21878853,1.19248,58.40040,0
1505856284,21878846,1.18758,9.94958,1
1505856284,21878845,1.18893,6.63305,1
1505856217,21878795,1.19249,1754.30330,0
1505855860,21878585,1.19249,166.38787,0
1505855852,21878575,1.19249,166.38787,0
1505855848,21878569,1.19249,489.26647,0
1505855848,21878567,1.19225,1.50441,0
1505855840,21878563,1.19225,1283.93809,0
1505855834,21878545,1.19225,386.89902,0
1505855834,21878544,1.19224,40.11000,0
1505855817,21878531,1.19224,86.28000,0
1505855773,21878484,1.19224,73.61000,0
1505855626,21878409,1.19225,393.55584,0
1505855488,21878313,1.19225,85.80059,0
1505855160,21878056,1.19225,126.24000,0
1505855149,21878022,1.19225,101.70683,0
1505855148,21878019,1.19225,195.18000,0
1505855147,21878016,1.19225,101.85591,0
1505855140,21877988,1.19225,193.71000,0
1505855134,21877965,1.19225,75.71527,0
1505855133,21877961,1.19225,969.13482,0
1505855132,21877953,1.19225,100.73470,0
1505855131,21877949,1.19225,251.62508,0
1505855127,21877940,1.19225,42.06125,0
1505855122,21877929,1.19225,192.22000,0
1505855116,21877915,1.19225,228.60008,0
1505855094,21877896,1.19225,191.25000,0
1505855080,21877884,1.19225,78.26811,0
1505855080,21877883,1.19200,5.58189,0
1505855067,21877867,1.19200,149.91000,0
1505855065,21877863,1.19200,190.57000,0
1505855055,21877827,1.19200,237.16128,0
1505855051,21877807,1.19200,187.81000,0
1505855050,21877805,1.19200,766.59078,0
1505855049,21877803,1.19200,187.81000,0
1505855047,21877792,1.19200,190.44833,0
1505855034,21877768,1.19200,121.73000,0
1505854937,21877686,1.19200,1361.78000,0
1505854921,21877661,1.18783,60.00000,1
1505854860,21877600,1.19200,92.61000,0
1505854858,21877596,1.19200,92.61000,0
1505854835,21877571,1.19200,1375.56358,0
1505854830,21877560,1.19200,39.82414,0
1505854830,21877559,1.19150,51.52586,0
1505854830,21877555,1.19150,1373.28787,0
1505854821,21877540,1.19150,88.79000,0
1505854820,21877532,1.19150,251.97227,0
1505854817,21877526,1.19150,88.80000,0
1505854816,21877524,1.19150,88.80000,0
1505854801,21877481,1.19150,1647.14000,0
1505854795,21877470,1.19150,87.40000,0
1505854793,21877462,1.19150,449.30758,0
1505854793,21877461,1.19150,87.39000,0
1505854778,21877441,1.19150,11.79642,0
1505854704,21877377,1.19150,773.79000,0
1505854704,21877374,1.19128,320.13654,0
1505854703,21877373,1.19128,32.13926,0
1505854644,21877346,1.19128,186.41692,0
1505854643,21877345,1.19112,0.01308,0
1505854625,21877317,1.19112,1290.09674,0
1505854624,21877316,1.19100,0.00326,0
1505854620,21877306,1.19100,645.64000,0
1505854598,21877288,1.19100,54.28000,0
1505854595,21877286,1.19100,253.55000,0
1505854594,21877285,1.19100,228.61207,0
1505854592,21877281,1.19100,857.10000,0
1505854590,21877278,1.19100,273.75000,0
1505854544,21877246,1.19100,5.57517,0
1505854508,21877233,1.19100,54.33291,0
1505854506,21877229,1.19100,48.67438,0
1505854480,21877211,1.19100,307.64163,0
1505854438,21877192,1.19100,24.05291,0
1505854436,21877187,1.19100,126.21325,0
1505854393,21877122,1.19100,2120.57442,0
1505854393,21877121,1.19100,814.97271,0
1505854381,21877101,1.19100,929.10000,0
1505854380,21877099,1.19100,54.30948,0
1505854380,21877094,1.19100,54.02086,0
1505854377,21877084,1.19100,53.90892,0
1505854315,21877003,1.19100,978.52432,0
1505854301,21876992,1.19100,2115.16371,0
1505854271,21876949,1.19050,1682.39641,0
1505854270,21876945,1.19050,713.67156,0
1505854270,21876944,1.19050,284.67452,0
1505854269,21876940,1.19050,2036.58125,0
1505854268,21876936,1.19050,282.67626,0
1505854248,21876922,1.19000,1000.00000,0
1505854248,21876921,1.19000,270.99495,0
1505854213,21876897,1.19000,84.68000,0
1505854211,21876895,1.19000,84.68000,0
1505854208,21876892,1.19000,84.68000,0
1505854206,21876890,1.19000,84.68000,0
1505854205,21876888,1.19000,84.68000,0
1505854205,21876887,1.19000,335.17482,0
1505854170,21876856,1.19000,445.19326,0
1505854166,21876847,1.19000,66.84873,0
1505854013,21876709,1.18750,54.62096,1
1505854012,21876708,1.18750,49.17246,1
1505853928,21876575,1.18750,20.37000,1
1505853927,21876574,1.18751,79.63000,1
1505853869,21876502,1.19000,206.01277,0
1505853865,21876492,1.19000,67.56185,0
1505853865,21876491,1.19000,162.82627,0
1505853862,21876489,1.19000,24.36167,0
1505853862,21876488,1.19000,379.58636,0
1505853861,21876486,1.19000,102.78425,0
1505853860,21876483,1.19000,881.31931,0
1505853853,21876471,1.19000,80.31000,0
1505853852,21876470,1.19000,80.31000,0
1505853832,21876459,1.19000,79.47000,0
1505853819,21876453,1.19000,37.20167,0
1505853809,21876447,1.19000,78.60000,0
1505853805,21876445,1.19000,77.76000,0
1505853792,21876434,1.19000,928.64705,0
1505853791,21876431,1.19000,66.98318,0
1505853775,21876415,1.19000,400.16805,0
1505853744,21876400,1.19000,77.10000,0
1505853730,21876380,1.19000,76.32000,0
1505853717,21876369,1.19000,75.43000,0
1505853714,21876365,1.19000,74.96000,0
1505853711,21876355,1.19000,74.96000,0
1505853707,21876352,1.19000,10.61733,0
1505853707,21876351,1.18998,165.83437,0
1505853692,21876323,1.19000,74.37000,0
1505853685,21876319,1.18998,13.57466,0
1505853685,21876318,1.18996,60.23534,0
1505853679,21876310,1.18996,73.25000,0
1505853660,21876284,1.18996,72.49000,0
1505853656,21876281,1.18994,71.97000,0
1505853634,21876267,1.19000,70.71000,0
1505853632,21876265,1.19000,70.71000,0
1505853631,21876263,1.18998,70.71000,0
1505853613,21876226,1.18563,19.62642,0
1505853602,21876201,1.18998,417.55082,0
1505853313,21875995,1.18564,738.86000,1
1505853093,21875699,1.19050,787.11177,0
1505853092,21875698,1.19031,49.01533,0
1505852973,21875497,1.19023,514.09875,1
1505852943,21875431,1.19050,72.33000,0
1505852940,21875420,1.19050,18.08004,0
1505852940,21875419,1.19025,54.24996,0
1505852923,21875390,1.19024,425.81227,1
1505852917,21875384,1.19024,0.18913,1
1505852917,21875383,1.19025,54.24996,1
1505852908,21875357,1.19050,71.55000,0
1505852906,21875351,1.19050,70.15000,0
1505852898,21875326,1.19025,61.05731,0
1505852897,21875324,1.19025,2540.05457,0
1505852896,21875318,1.19025,191.05000,0
1505852894,21875306,1.19025,425.01000,0
1505852891,21875297,1.19025,70.98000,0
1505852890,21875287,1.19025,1711.84812,0
1505852890,21875286,1.19025,3349.41978,0
1505852887,21875275,1.19023,476.31622,1
1505852885,21875265,1.19024,517.39002,0
1505852871,21875215,1.19025,1631.03676,0
1505852869,21875208,1.19024,235.88000,0
1505852861,21875189,1.19025,19.54346,0
1505852861,21875182,1.19024,402.27391,0
1505852834,21875137,1.19000,2891.18717,0
1505852833,21875134,1.19000,1463.38605,0
1505852833,21875132,1.19000,645.42678,0
1505852832,21875129,1.19000,1232.35472,0
1505852832,21875125,1.19000,3767.64528,0
1505852832,21875124,1.19000,1364.75472,0
1505852816,21875108,1.19000,69.72000,0
1505852814,21875106,1.18998,69.72000,0
1505852811,21875103,1.19000,69.72000,0
1505852808,21875102,1.19000,2495.49983,0
1505852795,21875088,1.19000,68.45000,0
1505852795,21875084,1.19000,530.65545,0
1505852793,21875080,1.19000,68.45000,0
1505852790,21875072,1.18998,68.45000,0
1505852775,21875064,1.19000,66.69000,0
1505852774,21875063,1.19000,66.69000,0
1505852772,21875061,1.19000,66.70000,0
1505852769,21875058,1.19000,66.70000,0
1505852767,21875056,1.18997,66.69000,0
1505852761,21875046,1.18998,4073.81823,0
1505852743,21875022,1.18998,60.79000,0
1505852634,21874898,1.19000,65.97000,0
1505852633,21874894,1.18998,348.22166,0
1505852565,21874811,1.18998,83.53884,0
1505852565,21874810,1.18998,52.53372,0
1505852561,21874801,1.18998,136.07186,0
1505852372,21874503,1.18998,64.81000,0
1505852369,21874491,1.18998,64.81000,0
1505852368,21874490,1.18998,64.81000,0
1505852362,21874484,1.18998,64.42000,0
1505852357,21874473,1.18998,63.41000,0
1505852354,21874462,1.18998,63.41000,0
1505852335,21874417,1.18998,63.07000,0
1505852328,21874409,1.18998,62.25000,0
1505852316,21874383,1.18998,61.52000,0
1505852310,21874367,1.18998,61.23000,0
1505852297,21874359,1.18998,60.47000,0
1505852295,21874356,1.18998,59.60442,0
1505852294,21874355,1.18997,0.86558,0
1505852291,21874352,1.18997,429.21970,0
1505852287,21874348,1.18996,289.41483,0
1505852283,21874341,1.18996,568.84696,0
1505852273,21874334,1.18996,60.02000,0
1505852269,21874326,1.18996,54.28000,0
1505852268,21874324,1.18996,429.19425,0
1505852252,21874309,1.18997,165.94605,0
1505852248,21874303,1.18996,59.46000,0
1505852222,21874267,1.18997,51.59000,0
1505852213,21874245,1.18993,252.11567,1
1505852213,21874243,1.18993,1447.88433,0
1505852213,21874242,1.18993,252.11567,1
1505852212,21874237,1.18998,57.58000,0
1505852209,21874223,1.18994,57.59000,0
1505852207,21874219,1.18996,57.59000,0
1505851777,21873787,1.18502,177.51529,1
1505851747,21873754,1.18502,51.61000,1
1505851694,21873655,1.18502,83.79000,1
1505851566,21873484,1.18502,117.16999,1
1505851535,21873422,1.18501,304.37998,1
1505851494,21873347,1.18501,82.51999,1
1505851492,21873338,1.18501,657.03999,1
1505851485,21873328,1.18501,177.55969,1
1505851467,21873288,1.18501,104.99999,1
1505851466,21873287,1.18501,51.29028,1
1505851453,21873270,1.18501,903.64656,1
1505851402,21873176,1.18501,79.59000,1
1505851401,21873173,1.18501,774.88798,1
1505851400,21873172,1.18501,118.88000,1
1505851398,21873170,1.18501,979.08879,1
1505851397,21873168,1.18501,118.88000,1
1505851394,21873164,1.18501,533.37947,1
1505851394,21873163,1.18501,445.69621,1
1505851391,21873159,1.18502,199.99663,1
1505851375,21873131,1.18501,1872.19034,1
1505851362,21873107,1.18501,352.45000,1
1505851360,21873104,1.18501,507.62952,1
1505851352,21873087,1.18501,234.37028,1
1505851352,21873086,1.18501,508.13803,1
1505851352,21873085,1.18501,508.30000,1
1505851351,21873081,1.18501,254.73844,1
1505851331,21873039,1.18501,84.54000,1
1505851328,21873029,1.18502,86.47000,1
1505851158,21872857,1.18501,1147.74406,1
1505851152,21872855,1.18501,596.41000,1
1505851118,21872807,1.18502,12.38439,1
1505851049,21872758,1.18502,129.09332,1
1505850898,21872576,1.18501,58.71001,1
1505850898,21872575,1.18501,1218.00999,1
1505850891,21872561,1.18501,314.97000,1
1505850802,21872466,1.18501,1217.64564,1
1505850800,21872464,1.18501,756.34600,1
1505850800,21872463,1.18501,462.88400,1
1505850789,21872444,1.18501,111.34000,1
1505850773,21872432,1.18501,648.64097,1
1505850726,21872383,1.18505,7.16425,1
1505850726,21872382,1.18505,219.66383,1
1505850726,21872381,1.18505,780.73601,1
1505850726,21872380,1.18505,172.44022,1
1505850726,21872379,1.18506,54.73977,1
1505850725,21872378,1.18506,445.26023,1
1505850725,21872377,1.18510,54.73977,1
1505850725,21872374,1.18511,120.00000,1
1505850712,21872360,1.18511,330.00000,1
1505850705,21872331,1.18511,181.16144,0
1505850705,21872330,1.18508,361.70554,0
1505850664,21872301,1.18505,456.39425,1
1505850663,21872298,1.18508,818.28856,1
1505850657,21872291,1.18505,86.15000,1
1505850655,21872288,1.18506,698.57000,1
1505850217,21871888,1.18510,145.89628,1
1505850217,21871887,1.18510,109.88424,1
1505850217,21871885,1.18510,25.98999,1
1505850217,21871884,1.18510,45.72703,1
1505850216,21871882,1.18510,228.54914,1
1505850216,21871881,1.18510,21.53708,1
1505850173,21871825,1.19000,219.66383,0
1505850171,21871821,1.18999,219.66383,0
1505850166,21871806,1.18999,439.32766,0
1505850145,21871750,1.19000,1495.72048,0
1505850144,21871746,1.18998,249.35722,0
1505850144,21871745,1.18987,479.13278,0
1505850144,21871741,1.18987,194.95722,0
1505850143,21871739,1.18988,195.91000,1
1505850142,21871731,1.18988,195.93690,0
1505850141,21871728,1.18989,1494.06310,1
1505850051,21871608,1.18501,145.90000,1
1505849973,21871545,1.18501,221.90000,1
1505849966,21871536,1.18501,363.36000,1
1505849900,21871485,1.18501,669.42000,1
1505849866,21871447,1.18501,256.79108,1
1505849866,21871446,1.18501,358.32507,1
1505849866,21871445,1.18501,286.23388,1
1505849865,21871444,1.18501,303.60997,1
1505849864,21871441,1.18501,70.12600,1
1505849864,21871440,1.18501,216.10400,1
1505849839,21871387,1.18501,160.58443,1
1505849839,21871386,1.18501,18.57557,1
1505849835,21871373,1.18501,176.54000,1
1505849820,21871337,1.18501,70.13000,1
1505849612,21871152,1.18501,174.54000,1
1505849556,21871086,1.18501,66.92000,1
1505849554,21871084,1.18501,648.64097,1
1505849355,21870766,1.18513,100.57307,0
1505849279,21870623,1.18501,209.75999,1
1505849279,21870622,1.18501,27.85001,1
1505849278,21870619,1.18501,223.36000,1
1505849277,21870600,1.18501,246.09240,1
1505849244,21870538,1.18501,138.03004,1
1505849226,21870502,1.18501,423.02138,1
1505849225,21870501,1.18501,183.00268,1
1505849225,21870498,1.18501,24.50425,1
1505849225,21870496,1.18501,116.99929,1
1505849224,21870493,1.18501,183.00999,1
1505849222,21870490,1.18501,35.24132,1
1505849188,21870358,1.18501,254.74732,1
1505849187,21870353,1.18501,221.69761,1
1505849182,21870343,1.18501,26.57000,1
1505849169,21870311,1.18511,248.36230,0
1505849158,21870262,1.18501,183.38840,1
1505849153,21870256,1.18501,238.76947,1
1505849152,21870253,1.18501,183.00000,1
1505849148,21870247,1.18501,5208.68138,1
1505849146,21870243,1.18501,287.16732,1
1505849140,21870232,1.18501,852.00586,1
1505849137,21870227,1.18501,1008.03563,1
1505849137,21870226,1.18501,424.28438,1
1505849135,21870218,1.18501,221.27393,1
1505849129,21870210,1.18501,223.72038,1
1505849128,21870209,1.18501,33.68999,1
1505849128,21870207,1.18501,1319.40000,1
1505849124,21870192,1.18501,240.05565,1
1505849093,21870140,1.18501,1178.05435,1
1505849093,21870138,1.18501,283.90565,1
1505849092,21870135,1.18501,37.94963,1
1505849092,21870130,1.18501,19.16031,1
1505849090,21870112,1.18501,1438.67766,1
1505849088,21870107,1.18501,84.99822,1
1505849087,21870098,1.18501,255.23478,1
1505849083,21870088,1.18501,19.06330,1
1505849083,21870086,1.18501,283.90112,1
1505849082,21870085,1.18501,273.81204,1
1505849082,21870082,1.18501,1300.02684,1
1505849080,21870071,1.18501,254.99467,1
1505849079,21870069,1.18501,74.56000,1
1505849077,21870058,1.18501,42.69413,1
1505849075,21870052,1.18501,354.98000,1
1505849070,21870030,1.18501,62.69537,1
1505849069,21870026,1.18501,19.82463,1
1505849069,21870023,1.18501,173.03652,1
1505849069,21870021,1.18501,1435.65348,1
1505849067,21870011,1.18501,173.04000,1
1505849064,21869998,1.18501,242.39006,1
1505849061,21869990,1.18501,1021.03000,1
1505849053,21869965,1.18501,989.84534,1
1505849051,21869960,1.18501,74.16720,1
1505849047,21869946,1.18501,254.89110,1
1505849046,21869943,1.18501,128.38354,1
1505849046,21869941,1.18501,75.66625,1
1505849046,21869939,1.18501,2378.14953,1
1505849045,21869933,1.18501,140.44964,1
1505849045,21869932,1.18501,163.43036,1
1505849037,21869915,1.18501,268.84000,1
1505849034,21869904,1.18501,232.78647,1
1505849029,21869894,1.18501,130.81857,1
1505849029,21869892,1.18501,301.45624,1
1505849029,21869891,1.18501,1740.55519,1
1505849013,21869863,1.18501,44.81000,1
1505848999,21869807,1.18501,423.54526,1
1505848993,21869791,1.18501,428.41677,1
1505848991,21869785,1.18501,72.90968,1
1505848991,21869782,1.18501,130.82032,1
1505848987,21869777,1.18501,2112.39282,1
1505848987,21869775,1.18501,130.81718,1
1505848986,21869771,1.18501,69.07280,1
1505848985,21869768,1.18501,82.49720,1
1505848978,21869750,1.18501,82.50000,1
1505848978,21869749,1.18501,82.40062,1
1505848975,21869742,1.18501,793.45000,1
1505848972,21869730,1.18501,8.91707,1
1505848963,21869703,1.18502,223.66515,1
1505848959,21869694,1.18502,13.41998,0
1505848958,21869680,1.18501,224.49457,1
1505848958,21869679,1.18502,44.46519,1
1505848950,21869648,1.18502,268.96001,1
1505848938,21869599,1.18501,9900.86176,1
1505848938,21869598,1.18501,4180.70115,1
1505848938,21869597,1.18502,196.71715,1
1505848937,21869594,1.18502,191.26920,1
1505848914,21869502,1.18501,57.40999,1
1505848906,21869486,1.18502,534.39174,0
1505848904,21869480,1.18501,330.88886,1
1505848904,21869479,1.18502,520.48177,1
1505848904,21869478,1.18502,445.08936,1
1505848902,21869472,1.18502,2433.66295,1
1505848895,21869454,1.18502,160.98463,1
1505848891,21869445,1.18502,234.57242,1
1505848890,21869442,1.18502,1441.19755,1
1505848890,21869438,1.18503,1171.34949,1
1505848879,21869386,1.18503,288.73708,1
1505848877,21869371,1.18503,288.68495,1
1505848875,21869355,1.18503,163.98502,1
1505848871,21869337,1.18503,2758.74607,1
1505848868,21869304,1.18503,39.52580,1
1505848867,21869296,1.18504,2712.32870,1
1505848866,21869291,1.18504,3299.08863,1
1505848866,21869288,1.18505,7.95747,1
1505848866,21869286,1.18505,109.04770,1
1505848861,21869244,1.18505,30.19057,1
1505848840,21869157,1.18505,566.87998,1
1505848838,21869148,1.18505,398.74764,1
1505848836,21869145,1.18505,190.19452,1
1505848813,21869097,1.18505,37.56656,1
1505848813,21869096,1.18505,336.24104,1
1505848813,21869093,1.18505,381.06244,1
1505848809,21869082,1.18505,100.12047,1
1505848690,21868903,1.18515,8.44192,1
1505848690,21868902,1.18515,85.50999,1
1505848689,21868900,1.18516,106.04809,1
1505848689,21868898,1.18516,93.95191,1
1505848547,21868684,1.18514,18.95330,0
1505848547,21868683,1.18513,0.56842,0
1505848546,21868675,1.18513,113.11465,0
1505848504,21868597,1.18513,234.16741,0
1505848503,21868596,1.18505,364.36791,1
1505848503,21868595,1.18505,2358.29819,1
1505848502,21868591,1.18505,232.95389,1
1505848495,21868570,1.18513,42.97295,0
1505848485,21868537,1.18505,3909.41476,1
1505848484,21868527,1.18505,2300.19388,1
1505848484,21868523,1.18506,390.82343,1
1505848484,21868521,1.18515,299.73792,1
1505848484,21868520,1.18516,400.00000,1
1505848478,21868482,1.18516,218.45848,1
1505848448,21868394,1.18515,45.79532,1
1505848448,21868393,1.18517,55.93468,1
1505848417,21868303,1.18519,1736.52589,1
1505848413,21868285,1.18554,3840.88264,0
1505848412,21868282,1.18518,56.33200,1
1505848412,21868281,1.18553,20.06976,1
1505848406,21868262,1.18555,529.99874,0
1505848393,21868163,1.18558,436.35750,1
1505848393,21868158,1.18558,603.64250,1
1505848391,21868143,1.18555,32.83000,0
1505848391,21868141,1.18554,457.17000,0
1505848388,21868128,1.18554,32.83000,1
1505848338,21868014,1.18554,271.19999,1
1505848226,21867609,1.18554,76.81245,0
1505848226,21867608,1.18556,5.70691,1
1505848222,21867599,1.18554,292.95759,1
1505848222,21867597,1.18555,5.70800,1
1505848219,21867584,1.19075,1332.62697,0
1505848219,21867583,1.19050,1000.00000,0
1505848218,21867581,1.19050,336.24104,0
1505848218,21867580,1.19048,60.18829,0
1505848218,21867578,1.19044,1124.01000,0
1505848218,21867577,1.19043,830.00000,0
1505848064,21867403,1.18556,8.54000,1
1505847908,21867274,1.18555,72.99000,0
1505847611,21867138,1.19044,189.78370,0
1505847519,21867084,1.19047,174.30990,0
1505847489,21867052,1.18551,467.51159,1
1505847489,21867051,1.18551,1262.48841,1
1505846628,21866185,1.18508,60.00000,1
1505846493,21866026,1.19050,841.68000,0
1505846088,21865747,1.19050,1466.26772,0
1505846080,21865726,1.19050,2355.81124,0
1505846079,21865723,1.19050,1018.13752,0
1505846074,21865717,1.19048,100.79399,0
1505845593,21865472,1.19050,20.04270,0
1505845592,21865471,1.19050,20.04270,0
1505845546,21865450,1.19050,78.12180,0
1505845500,21865434,1.19050,126.20250,0
1505845374,21865403,1.19050,40.90940,0
1505845328,21865390,1.18530,50.00000,1
1505845318,21865387,1.18524,100.00000,1
1505845309,21865382,1.19050,61.92080,0
1505845257,21865350,1.19050,71.56562,0
1505845075,21865251,1.19050,396.01980,0
1505844933,21865139,1.19050,3105.52450,0
1505844756,21865036,1.19027,235.93999,1
1505844636,21864957,1.19050,61.51266,0
1505844636,21864955,1.19025,1444.68734,0
1505844631,21864945,1.19025,3309.09668,0
1505844631,21864943,1.19025,156.62954,0
1505844628,21864938,1.19025,89.58644,0
1505844625,21864934,1.19024,89.58466,0
1505844620,21864921,1.19024,169.64151,0
1505844620,21864920,1.19000,0.88602,0
1505844612,21864910,1.19000,614.24232,0
1505844612,21864909,1.19000,489.56620,0
1505844490,21864860,1.19000,1479.34972,0
1505844480,21864853,1.19000,602.28809,0
1505844475,21864849,1.19000,602.28809,0
1505844466,21864846,1.19000,605.19003,0
1505844453,21864841,1.18999,329.67273,0
1505844439,21864836,1.18999,649.35542,0
1505844372,21864808,1.18999,268.35145,0
1505844368,21864805,1.18999,1528.48280,0
1505844159,21864615,1.18508,19.79886,1
1505844157,21864611,1.18859,0.20114,1
1505844114,21864565,1.19000,870.74787,0
1505844103,21864552,1.18998,343.07408,0
1505844090,21864538,1.18998,672.57902,0
1505843943,21864433,1.18998,1007.11106,0
1505843634,21864232,1.19000,68.03000,0
1505843632,21864229,1.18998,289.68000,0
1505843616,21864219,1.18998,83.50000,0
1505843614,21864217,1.18998,286.83000,0
1505843414,21864103,1.19000,282.54000,0
1505843412,21864100,1.18998,282.54000,0
1505843377,21864069,1.18751,299.36886,0
1505843347,21864049,1.18751,700.63114,0
1505843347,21864048,1.18751,84.94766,0
1505843347,21864047,1.18750,24.99965,0
1505843347,21864046,1.18631,139.42155,0
1505843314,21864024,1.18502,580.53000,1
1505843313,21864022,1.18503,1787.14487,0
1505843310,21864020,1.18503,532.77934,1
1505843310,21864019,1.18704,47.75066,1
1505843308,21864018,1.18750,13.13233,1
1505843307,21864009,1.18750,126.28922,1
1505843296,21863987,1.18750,1450.34462,1
1505843292,21863979,1.18750,219.71034,1
1505843287,21863967,1.18750,2903.85998,1
1505843280,21863952,1.18750,82.15999,1
1505843278,21863950,1.18750,1863.13264,1
1505843276,21863948,1.18750,287.89553,1
1505843275,21863945,1.18750,85.01000,1
1505843273,21863942,1.18751,358.07713,0
1505843271,21863929,1.18750,234.25594,1
1505843233,21863871,1.18750,57.78527,1
1505843229,21863862,1.18750,59.57895,1
1505843224,21863846,1.18750,692.08422,1
1505843220,21863829,1.18750,919.25999,1
1505843153,21863767,1.18750,3218.05786,1
1505843152,21863765,1.18751,302.39745,1
1505843152,21863764,1.18751,8559.87739,1
1505843152,21863763,1.18751,1419.66730,1
1505843050,21863685,1.18751,228.20861,1
1505843045,21863680,1.18751,5.90139,1
1505842965,21863643,1.18751,49.30093,1
1505842963,21863637,1.18751,49.31172,1
1505842902,21863592,1.18751,2584.27247,1
1505842902,21863591,1.18751,1247.88209,1
1505842868,21863566,1.18751,80.00000,1
1505842850,21863551,1.19025,301.70321,0
1505842725,21863435,1.18751,104.04891,1
1505842725,21863431,1.18751,204.03198,1
1505842723,21863425,1.18751,12.58078,1
1505842722,21863418,1.18751,112.12535,1
1505842722,21863415,1.18751,805.78691,1
1505842722,21863412,1.18751,11.37188,1
1505842561,21863340,1.18751,663.61547,1
1505842552,21863335,1.18751,74.80999,1
1505842452,21863235,1.18751,5.56304,1
1505842452,21863233,1.18751,254.51087,1
1505842450,21863218,1.18751,673.99855,1
1505841883,21862711,1.18751,864.29588,1
1505841177,21862318,1.19050,121.60000,0
1505841174,21862315,1.19050,324.71000,0
1505841160,21862309,1.19050,83.94000,0
1505841159,21862308,1.19050,84.11000,0
1505841066,21862239,1.18751,1949.56999,1
1505840994,21862145,1.18751,1603.51999,1
1505840866,21862039,1.19050,506.31477,0
1505840859,21862021,1.19050,793.03967,0
1505840851,21862012,1.19050,572.80000,0
1505840716,21861953,1.19050,84.01000,0
1505840637,21861781,1.19050,198.92000,0
1505840629,21861754,1.18751,70.00000,1
1505840610,21861722,1.19050,1556.32000,0
1505839377,21861089,1.18750,175.35825,1
1505839371,21861087,1.18750,1.61935,1
1505839371,21861086,1.18751,397.40881,1
1505839369,21861081,1.18751,1902.99872,1
1505839268,21861023,1.18751,5000.00000,1
1505839236,21860988,1.18751,43.86999,1
1505839129,21860925,1.18751,192.99999,1
1505839048,21860901,1.18751,291.40603,1
1505838831,21860823,1.18750,185.21999,1
1505838812,21860808,1.18750,504.34527,1
1505838756,21860769,1.18750,1038.40470,1
1505838748,21860758,1.18750,498.68632,1
1505838745,21860752,1.18750,363.98998,1
1505838738,21860736,1.18750,375.01999,1
1505838727,21860728,1.18750,2103.37685,1
1505838709,21860719,1.18750,327.63999,1
1505838694,21860706,1.18750,57.46999,1
1505838692,21860704,1.18750,36.10999,1
1505838687,21860698,1.18751,133.08825,1
1505838686,21860695,1.18751,235.99051,1
1505838686,21860691,1.18751,4045.76948,1
1505838674,21860676,1.18751,240.22999,1
1505838666,21860668,1.18751,56.22999,1
1505838659,21860663,1.18751,2043.79753,1
1505838657,21860662,1.18751,240.24999,1
1505838647,21860652,1.18751,240.13999,1
1505838364,21860488,1.19112,9.61195,0
1505838353,21860483,1.18751,784.54999,1
1505838349,21860480,1.18751,64.71525,1
1505838347,21860478,1.18751,80.00000,1
1505838346,21860476,1.18751,1731.97253,1
1505838345,21860475,1.18752,0.00746,1
1505838345,21860474,1.18752,519.99254,1
1505838345,21860473,1.19052,0.00746,1
1505837218,21859891,1.19112,229.73485,0
1505837216,21859889,1.19111,80.26515,0
1505837023,21859782,1.19052,986.31691,1
1505837014,21859734,1.19052,519.47292,1
1505836865,21859589,1.19052,80.27920,1
1505836849,21859577,1.19112,398.74235,0
1505836848,21859575,1.19112,360.50103,0
1505836735,21859505,1.19112,112.32000,0
1505836695,21859478,1.19112,1005.90000,0
1505836690,21859474,1.19112,593.08000,0
1505836568,21859398,1.19100,340.67811,0
1505836564,21859397,1.19100,313.38413,0
1505836555,21859388,1.19100,129.41000,0
1505836550,21859379,1.19100,216.52776,0
1505836549,21859376,1.19100,47.53324,0
1505836421,21859257,1.19100,112.67499,0
1505836420,21859250,1.19100,112.84858,0
1505836410,21859242,1.19100,423.64255,0
1505835957,21858707,1.19100,1586.37646,0
1505835956,21858703,1.19100,2669.15000,0
1505835953,21858700,1.19100,47.77418,0
1505835953,21858699,1.19072,520.50260,0
1505835953,21858697,1.19050,0.00322,0
1505835952,21858694,1.19050,1375.86000,0
1505835950,21858689,1.19050,886.20000,0
1505835947,21858681,1.19050,1585.11084,0
1505835943,21858676,1.19050,1152.82594,0
1505835943,21858675,1.19050,432.24871,0
1505835941,21858673,1.19050,2984.14000,0
1505835940,21858669,1.18750,50.00000,1
1505835939,21858663,1.19050,1583.61129,0
1505835939,21858662,1.19025,0.50226,0
1505835922,21858643,1.19025,362.76836,0
1505835919,21858637,1.19025,1582.24853,0
1505835913,21858630,1.19025,161.76822,0
1505835909,21858626,1.19025,1580.24127,0
1505835905,21858617,1.19025,1496.77988,0
1505835899,21858602,1.19025,1197.21420,0
1505835899,21858601,1.19025,650.26278,0
1505835899,21858599,1.19000,1.13391,0
1505835723,21858504,1.18750,50.51790,1
1505835608,21858461,1.19000,870.15449,0
1505834770,21858052,1.18750,46.06316,1
1505834672,21858030,1.18750,1500.00000,1
1505834665,21858026,1.18750,302.73678,1
1505834659,21858023,1.18750,49.01072,1
1505834643,21858005,1.18750,56.11999,1
1505834623,21857988,1.18750,56.11999,1
1505834617,21857984,1.18750,56.11790,1
1505834530,21857924,1.18750,171.57074,1
1505834530,21857920,1.18750,4731.67158,1
1505833598,21857209,1.19025,249.73722,0
1505833597,21857207,1.19024,411.13278,0
1505833558,21857183,1.18750,50.27369,1
1505833388,21857050,1.19000,14.86841,1
1505833387,21857046,1.19000,821.53001,1
1505833370,21857032,1.19000,3529.61998,1
1505833279,21856959,1.19000,60.00000,1
1505833250,21856892,1.19000,1121.71999,1
1505833240,21856884,1.19000,1913.91999,1
1505833211,21856874,1.19000,79.34936,1
1505833210,21856870,1.19000,79.35490,1
1505833184,21856835,1.19024,418.80000,0
1505833154,21856811,1.19000,3230.42019,1
1505833103,21856789,1.19000,179.30324,1
1505833098,21856783,1.19000,194.44999,1
1505833027,21856737,1.19000,1136.39069,1
1505833026,21856736,1.19000,237.35000,1
1505833022,21856730,1.19000,4481.53999,1
1505833009,21856711,1.19000,116.60214,1
1505833005,21856706,1.19000,20.07852,1
1505833001,21856700,1.19000,286.85268,1
1505832977,21856688,1.19000,584.23790,1
1505832973,21856682,1.19025,100.00000,0
1505832903,21856644,1.19000,55.71494,1
1505832899,21856637,1.19000,55.35784,1
1505832896,21856632,1.19000,2712.92374,1
1505832889,21856615,1.19000,294.43999,1
1505832851,21856586,1.19000,1157.70999,1
1505832849,21856583,1.19000,539.85715,1
1505832845,21856575,1.19000,416.90821,1
1505832800,21856539,1.19000,99.74790,1
1505832671,21856494,1.19000,2808.58824,1
1505832626,21856470,1.19000,89.77000,1
1505832618,21856466,1.19000,99.68908,1
1505832618,21856462,1.19000,326.97769,1
1505832585,21856448,1.19000,2098.80786,1
1505832576,21856428,1.19000,255.75999,1
1505832560,21856405,1.19000,54.93776,1
1505832529,21856385,1.19000,153.48999,1
1505832373,21856250,1.19000,281.48167,1
1505832372,21856246,1.19000,204.81999,1
1505832372,21856243,1.19000,205.42999,1
1505832108,21855993,1.18704,58.10995,1
1505832104,21855989,1.19025,782.89310,0
1505832104,21855987,1.19025,1156.80331,0
1505832104,21855986,1.18705,75.94154,0
1505832098,21855982,1.19025,145.61520,0
1505832098,21855981,1.19025,64.67480,0
1505832097,21855979,1.19025,209.96632,0
1505832094,21855967,1.19025,270.75708,0
1505832094,21855963,1.19025,209.34503,0
1505832093,21855959,1.19025,209.50938,0
1505832052,21855907,1.18701,4672.80342,1
1505832052,21855906,1.18701,1604.04877,1
1505832051,21855903,1.18702,46.51000,0
1505832050,21855902,1.18702,42.41781,1
1505831429,21855299,1.18701,298.88769,1
1505831422,21855295,1.18701,555.70074,1
1505830930,21854882,1.18701,32.97520,1
1505830929,21854881,1.18703,37.02480,1
1505830794,21854734,1.18701,269.05142,1
1505830737,21854675,1.18701,412.35174,1
1505830699,21854647,1.18701,621.01535,1
1505830694,21854645,1.18702,20.88956,1
1505830447,21854338,1.19025,133.06843,0
1505830405,21854312,1.19025,123.41000,0
1505830404,21854309,1.19025,234.22000,0
1505830393,21854300,1.19025,1084.11000,0
1505830386,21854279,1.19025,233.90000,0
1505830368,21854266,1.19025,75.59277,0
1505830364,21854257,1.19025,12.06186,0
1505830362,21854253,1.19025,2139.38433,0
1505830362,21854251,1.19025,499.71801,0
1505830357,21854237,1.19025,1467.52559,0
1505830353,21854228,1.19025,1927.35975,0
1505830037,21853917,1.19025,427.71372,0
1505830028,21853905,1.19025,428.13385,0
1505830027,21853904,1.19025,13.31760,0
1505830026,21853900,1.19025,236.23148,0
1505829990,21853875,1.19000,524.22767,0
1505829990,21853874,1.19000,75.98138,0
1505829989,21853873,1.19000,1.82862,0
1505829987,21853871,1.19000,546.94000,0
1505829983,21853867,1.19000,250.61000,0
1505829971,21853856,1.19000,200.62138,0
1505829970,21853855,1.19000,4738.37308,0
1505829970,21853854,1.19000,61.00554,0
1505829956,21853851,1.19000,544.02000,0
1505829938,21853844,1.19000,210.93000,0
1505829923,21853838,1.19000,536.86000,0
1505829921,21853836,1.19000,536.86000,0
1505829893,21853799,1.19000,531.59000,0
1505829891,21853793,1.19000,531.59000,0
1505829860,21853744,1.19000,2047.14446,0
1505829860,21853743,1.19000,70.02013,0
1505829855,21853725,1.19000,441.72147,0
1505829848,21853700,1.19000,527.89000,0
1505829842,21853681,1.19000,166.33749,0
1505829842,21853675,1.19000,3794.03091,0
1505829842,21853674,1.19000,2559.65215,0
1505829841,21853665,1.19000,525.15000,0
1505829839,21853640,1.19000,292.30848,0
1505829837,21853620,1.19000,569.26169,0
1505829835,21853607,1.19000,454.93101,0
1505829834,21853605,1.18999,67.25590,0
1505829834,21853601,1.18796,0.25309,0
1505829693,21853461,1.18700,12.04844,1
1505829689,21853455,1.18796,179.64387,0
1505829689,21853452,1.18795,31.30999,0
1505829556,21853205,1.18700,521.81999,1
1505829555,21853201,1.18700,19.96834,1
1505829552,21853195,1.18700,1423.13999,1
1505829545,21853183,1.18700,50.84207,1
1505829542,21853175,1.18700,254.66999,1
1505829479,21853108,1.18700,3444.22995,1
1505829460,21853090,1.18700,428.25877,1
1505829439,21853060,1.18700,234.68999,1
1505829438,21853058,1.18700,275.42711,1
1505829438,21853054,1.18700,355.52999,1
1505829421,21853034,1.18700,3040.02799,1
1505829421,21853031,1.18701,6.40841,1
1505829395,21852994,1.18701,593.79714,1
1505829394,21852991,1.18702,6.40000,1
1505829344,21852905,1.18800,77.49689,1
1505829343,21852901,1.18800,376.29999,1
1505829336,21852884,1.18800,55.63195,1
1505829335,21852880,1.18800,948.82997,1
1505829334,21852872,1.18800,581.80135,1
1505829315,21852860,1.18800,416.30993,1
1505829313,21852853,1.18800,1301.98654,1
1505829312,21852851,1.18800,3145.74999,1
1505829276,21852825,1.18800,55.65999,1
1505829272,21852817,1.18800,12.12821,1
1505829268,21852812,1.18800,55.61127,1
1505829249,21852801,1.18800,732.04674,1
1505829231,21852785,1.18800,941.91999,1
1505829180,21852749,1.18800,175.04999,1
1505829167,21852738,1.18800,287.84350,1
1505829148,21852718,1.18800,816.05999,1
1505829145,21852713,1.18800,368.03000,1
1505829144,21852711,1.18800,188.47617,1
1505829036,21852633,1.18800,321.62999,1
1505829009,21852616,1.18800,532.07446,1
1505828838,21852489,1.18800,2231.73535,1
1505828739,21852373,1.18800,60.00000,1
1505828738,21852371,1.19000,598.69667,0
1505828737,21852369,1.19000,1000.00000,0
1505828737,21852368,1.18950,0.43533,0
1505828373,21852146,1.18800,188.35999,1
1505828371,21852144,1.18800,749.35999,1
1505828301,21852113,1.18800,0.13830,1
1505828301,21852112,1.18801,60.03889,1
1505828301,21852111,1.18801,0.00350,1
1505828034,21851853,1.18950,188.48785,0
1505828020,21851811,1.18950,465.71000,0
1505827844,21851678,1.18801,575.53388,1
1505827834,21851669,1.18801,381.89819,1
1505827830,21851661,1.18801,169.55002,1
1505827826,21851657,1.18801,169.55002,1
1505827798,21851613,1.18801,174.57766,1
1505827774,21851583,1.18801,417.10071,1
1505827774,21851582,1.18801,586.73701,1
1505827517,21851352,1.18801,1319.90999,1
1505827515,21851346,1.18801,69.64588,1
1505827514,21851343,1.18801,69.64588,1
1505827454,21851281,1.18801,12.08450,1
1505827447,21851273,1.18801,12.07242,1
1505827385,21851186,1.18801,676.64999,1
1505827378,21851175,1.18801,264.68639,1
1505827350,21851145,1.18801,50.00000,1
1505827340,21851137,1.18801,100.00000,1
1505827287,21851034,1.18950,345.36682,0
1505827286,21851033,1.18949,259.98999,0
1505827285,21851032,1.18949,61.22003,0
1505827139,21850935,1.18800,1020.17677,1
1505827138,21850933,1.18800,429.24941,1
1505827126,21850875,1.18800,106.03536,1
1505827123,21850871,1.18801,251.61797,1
1505827122,21850867,1.18801,259.98999,1
1505827116,21850852,1.18801,1212.99485,1
1505827048,21850803,1.18801,234.37514,1
1505827040,21850797,1.18801,172.44805,1
1505827037,21850790,1.18801,12.76205,1
1505827026,21850777,1.18801,401.67856,1
1505826928,21850712,1.18801,500.00000,1
1505826790,21850574,1.18800,203.20414,1
1505826591,21850409,1.18800,780.74916,1
1505826373,21850282,1.18900,340.46256,0
1505826368,21850272,1.18899,257.69876,0
1505826309,21850223,1.18800,24.35400,1
1505826308,21850222,1.18800,1968.17999,1
1505826305,21850214,1.18800,12.16483,1
1505826301,21850207,1.18800,12.16483,1
1505826266,21850187,1.18800,1748.38611,1
1505826258,21850179,1.18800,17.45960,1
1505826257,21850178,1.18801,413.68067,1
1505826256,21850176,1.18801,171.08288,1
1505826253,21850170,1.18801,410.22999,1
1505826230,21850140,1.18801,50.51112,1
1505826187,21850096,1.18800,345.53999,1
1505826172,21850076,1.18800,62.95772,1
1505826168,21850071,1.18800,112.60772,1
1505826157,21850045,1.18800,672.62205,1
1505826147,21850028,1.18800,223.55219,1
1505826144,21850020,1.18800,259.23000,1
1505826137,21850007,1.18800,20.22497,1
1505826059,21849944,1.18800,97.40741,1
1505826058,21849941,1.18800,77.34197,1
1505825899,21849823,1.18800,800.75940,1
1505825777,21849723,1.18800,175.50506,1
1505825705,21849688,1.18800,24.41920,1
1505825668,21849603,1.19000,12.15978,0
1505825667,21849593,1.18999,14.64936,0
1505825589,21849548,1.18800,8.97084,1
1505825589,21849547,1.18801,3537.44828,1
1505825583,21849532,1.18801,1300.54013,1
1505825102,21849236,1.18801,128.23241,1
1505825093,21849227,1.18999,12.16950,0
1505824817,21849027,1.18801,157.49656,1
1505824721,21848944,1.19000,4065.35929,0
1505824721,21848942,1.19000,317.83071,0
1505824720,21848938,1.19000,6.77393,0
1505824719,21848935,1.19000,567.95966,0
1505824667,21848923,1.18999,120.49150,0
1505824224,21848629,1.18702,5.00000,1
1505824145,21848526,1.18702,570.16920,1
1505824145,21848523,1.18702,1447.22998,1
1505824121,21848492,1.18702,324.40517,1
1505823998,21848276,1.19000,2646.29000,0
1505823994,21848262,1.19000,59.80271,0
1505823994,21848260,1.19000,69.24656,0
1505823990,21848248,1.19000,69.16000,0
1505823989,21848243,1.19000,44.80000,0
1505823989,21848240,1.19000,96.81136,0
1505823989,21848239,1.19000,186.85522,0
1505823931,21848163,1.19000,529.06643,0
1505823930,21848159,1.19000,28.88000,0
1505823919,21848135,1.19000,36.80344,0
1505823918,21848133,1.19000,7.37526,0
1505823916,21848124,1.19000,56.99000,0
1505823911,21848111,1.19000,42.22217,0
1505823911,21848109,1.19000,7.37206,0
1505823905,21848095,1.19000,37.45619,0
1505823904,21848087,1.19000,96.46000,0
1505823902,21848084,1.19000,140.72318,0
1505823902,21848082,1.19000,373.59189,0
1505823901,21848080,1.19000,82.87000,0
1505823898,21848072,1.19000,11.61601,0
1505823896,21848068,1.19000,416.80671,0
1505823851,21848014,1.19000,182.14210,0
1505823850,21848010,1.19000,232.73000,0
1505823849,21848005,1.19000,50.06790,0
1505823845,21847991,1.19000,2336.61000,0
1505823844,21847984,1.19000,46.73905,0
1505823837,21847967,1.19000,96.62239,0
1505823837,21847966,1.19000,48.05761,0
1505823812,21847928,1.19000,47.80000,0
1505823679,21847766,1.19000,3069.10849,0
1505823674,21847761,1.19000,303.41264,0
1505823555,21847651,1.18701,830.40581,1
1505823550,21847645,1.18701,831.34936,1
1505823537,21847629,1.18701,467.69999,1
1505823534,21847623,1.18701,3323.50997,1
1505823416,21847551,1.18701,574.94538,1
1505823249,21847440,1.18701,328.80937,1
1505822935,21847181,1.18701,1723.02681,1
1505822928,21847164,1.18701,705.89970,1
1505822901,21847127,1.18701,784.85439,1
1505822900,21847123,1.18701,328.80937,1
1505822881,21847085,1.18701,63.11658,1
1505822879,21847080,1.18701,63.11658,1
1505822712,21846967,1.18701,70.58000,1
1505822711,21846966,1.18701,2481.54585,1
1505822710,21846964,1.18701,762.56000,1
1505822707,21846958,1.18701,11.37724,1
1505822698,21846948,1.18701,386.87009,1
1505822604,21846846,1.18701,2310.28998,1
1505822599,21846833,1.18701,1938.96810,1
1505822599,21846832,1.18702,206.27078,1
1505822551,21846759,1.18702,634.35326,1
1505822542,21846745,1.18702,317.06290,1
1505822535,21846734,1.18702,99.74559,1
1505822531,21846725,1.18702,467.99999,1
1505822519,21846709,1.18702,234.89916,1
1505822518,21846708,1.18702,1679.26999,1
1505822503,21846695,1.18702,163.94838,1
1505822493,21846684,1.18702,1544.41375,1
1505822370,21846504,1.19000,167.41000,0
1505822354,21846475,1.19000,208.22000,0
1505822353,21846474,1.19000,208.22000,0
1505822352,21846473,1.19000,135.10000,0
1505822312,21846434,1.19000,306.36973,0
1505822311,21846431,1.19000,285.41153,0
1505822283,21846384,1.19000,53.93000,0
1505822264,21846331,1.18701,100.00000,1
1505822209,21846293,1.19000,166.96000,0
1505822040,21846184,1.18701,50.00000,1
1505821819,21846099,1.18701,2900.00000,1
1505821680,21846027,1.18997,76.81468,0
1505821680,21846026,1.18994,12.12786,0
1505821680,21846024,1.18993,0.26560,0
1505821676,21846022,1.18701,292.22044,1
1505821655,21846001,1.18993,328.80320,0
1505821579,21845902,1.18993,335.46560,0
1505821574,21845898,1.18993,335.46560,0
1505821522,21845780,1.18700,527.60999,1
1505821521,21845776,1.18700,575.32177,1
1505821519,21845766,1.18700,4186.15997,1
1505821515,21845760,1.18700,575.32177,1
1505821515,21845755,1.18700,186.94188,1
1505821512,21845746,1.18700,1021.21315,1
1505821510,21845741,1.18700,1020.39596,1
1505821510,21845738,1.18700,575.32177,1
1505821508,21845733,1.18700,2334.81998,1
1505821503,21845712,1.18700,414.47347,1
1505821270,21845523,1.18700,50.00000,1
1505821236,21845478,1.18700,50.52233,1
1505821050,21845307,1.18600,1610.37943,1
1505821039,21845295,1.18600,332.00999,1
1505820943,21845234,1.18600,57.57167,1
1505820941,21845231,1.18600,908.71999,1
1505820857,21845161,1.18600,282.34402,1
1505820825,21845130,1.18600,2253.66780,1
1505820825,21845128,1.18600,854.20742,1
1505820811,21845066,1.18600,245.85688,1
1505820805,21845053,1.18600,22.89293,1
1505820791,21845030,1.18600,82.54638,1
1505820776,21845002,1.18600,428.07982,1
1505820768,21844992,1.18600,18.70730,1
1505820757,21844978,1.18600,986.26476,1
1505820689,21844916,1.18600,13.74641,1
1505820684,21844901,1.18600,13.74641,1
1505820678,21844893,1.18600,13.74641,1
1505820657,21844819,1.18600,2066.96459,1
1505820635,21844782,1.18600,552.89172,1
1505820616,21844756,1.18600,417.26999,1
1505820608,21844738,1.18600,103.16963,1
1505820525,21844607,1.18600,1724.42975,1
1505820504,21844563,1.18600,2197.09950,1
1505820496,21844530,1.18600,1081.85498,1
1505820481,21844513,1.18600,417.78813,1
1505820479,21844506,1.18600,417.98602,1
1505820416,21844455,1.18600,568.59192,1
1505819816,21844153,1.18551,372.95900,1
1505819816,21844150,1.18551,425.26845,1
1505819816,21844148,1.18551,386.99821,1
1505819815,21844146,1.18551,3957.70025,1
1505819805,21844133,1.18551,160.32763,1
1505819801,21844131,1.18551,94.27793,1
1505819773,21844110,1.18552,500.00000,1
1505819670,21844049,1.18993,54.37544,0
1505819669,21844048,1.18992,60.91166,0
1505819527,21843995,1.18552,960.00000,1
1505819504,21843979,1.18552,58.08783,1
1505819472,21843939,1.18993,78.19570,0
1505819471,21843938,1.18993,78.19570,0
1505819471,21843937,1.18993,78.19570,0
1505819471,21843936,1.18993,78.19570,0
1505819470,21843935,1.18993,78.19570,0
1505819470,21843933,1.18993,78.19570,0
1505819469,21843929,1.18993,78.19570,0
1505819469,21843927,1.18993,78.19570,0
1505819469,21843925,1.18993,78.19570,0
1505819468,21843924,1.18993,78.19570,0
1505819467,21843922,1.18993,78.19570,0
1505819466,21843920,1.18993,48.26921,0
1505819466,21843919,1.18991,29.92649,0
1505819466,21843917,1.18991,78.19570,0
1505819444,21843886,1.18991,61.35260,0
1505819444,21843884,1.18991,61.35260,0
1505819444,21843883,1.18991,61.35260,0
1505819432,21843853,1.18551,240.87729,1
1505819404,21843819,1.18551,555.04964,1
1505819404,21843816,1.18551,1497.47628,1
1505819157,21843546,1.18551,39.77736,1
1505819121,21843522,1.18551,216.91240,1
1505818999,21843436,1.18551,268.46920,1
1505818996,21843426,1.18551,412.78439,1
1505818996,21843425,1.18551,194.12475,1
1505818996,21843424,1.18551,82.19081,1
1505818993,21843418,1.18551,79.57688,1
1505818993,21843415,1.18551,546.65400,1
1505818990,21843403,1.18551,183.34543,1
1505818990,21843402,1.18551,249.01519,1
1505818989,21843398,1.18551,1184.01997,1
1505818989,21843395,1.18551,622.78891,1
1505818989,21843394,1.18551,8.97321,1
1505818951,21843378,1.18551,50.00000,1
1505818911,21843342,1.18551,409.82871,1
1505818794,21843090,1.18551,968.83999,1
1505818665,21842862,1.18551,50.26529,1
1505818620,21842683,1.18551,182.22538,1
1505818575,21842517,1.18551,147.95321,1
1505818569,21842497,1.18598,363.06858,0
1505818538,21842444,1.18551,116.63982,1
1505818537,21842441,1.18551,119.77999,1
1505818501,21842424,1.18551,371.83172,1
1505818473,21842416,1.18551,275.83166,1
1505818471,21842414,1.18551,275.98501,1
1505818367,21842345,1.18551,50.04598,1
1505818350,21842319,1.18551,50.07999,1
1505818345,21842312,1.18551,50.06285,1
1505818342,21842307,1.18551,118.32883,1
1505818306,21842279,1.18598,79.32000,0
1505818305,21842278,1.18598,53.96000,0
1505818305,21842276,1.18551,171.82999,1
1505818302,21842272,1.18598,79.32000,0
1505818300,21842268,1.18598,79.32000,0
1505818299,21842266,1.18598,50.90442,0
1505818299,21842265,1.18598,28.41558,0
1505818296,21842259,1.18600,410.13512,1
1505818296,21842257,1.18600,292.17999,1
1505818295,21842255,1.18600,3449.81002,1
1505818292,21842246,1.18600,994.48998,1
1505818292,21842244,1.18600,1717.83545,1
1505818292,21842239,1.18600,3449.82000,1
1505818290,21842237,1.18600,164.17000,1
1505818289,21842234,1.18600,3444.13167,1
1505818288,21842231,1.18600,2597.91494,1
1505818287,21842228,1.18600,1467.90833,1
1505818286,21842227,1.18600,208.87157,1
1505818286,21842224,1.18600,116.41166,1
1505818286,21842222,1.18600,47.39333,1
1505818285,21842219,1.18600,1865.12000,1
1505818284,21842214,1.18600,1630.65000,1
1505818283,21842212,1.18600,164.17000,1
1505818283,21842211,1.18600,658.60458,1
1505818282,21842206,1.18600,4251.12839,1
1505818275,21842196,1.18600,81.89714,1
1505818273,21842193,1.18600,579.28251,1
1505818272,21842189,1.18600,82.34771,1
1505818272,21842187,1.18600,2243.91363,1
1505818266,21842164,1.18600,81.81398,1
1505818045,21841955,1.18551,70.16569,1
1505818039,21841950,1.18552,70.16569,1
1505818035,21841936,1.18553,70.08680,1
1505818034,21841931,1.18553,70.16569,1
1505818032,21841925,1.18552,140.17478,1
1505817821,21841425,1.18552,90.00000,1
1505817729,21841345,1.18552,45.29658,1
1505817505,21841262,1.18900,67.12000,1
1505817484,21841251,1.18900,78.86482,1
1505817475,21841249,1.18900,62.46000,1
1505817471,21841243,1.18900,87.35691,1
1505817464,21841235,1.18900,6973.93609,1
1505817435,21841218,1.18900,39.29377,1
1505817408,21841208,1.18900,1020.01807,1
1505817407,21841205,1.18900,456.71150,1
1505817405,21841200,1.18900,1020.01807,1
1505817379,21841182,1.18900,8.66171,1
1505817351,21841176,1.18900,34.24053,1
1505817346,21841171,1.18900,1635.42360,1
1505817343,21841164,1.18900,1315.97737,1
1505817337,21841158,1.18900,1315.97737,1
1505817333,21841153,1.18900,2124.44632,1
1505817327,21841146,1.18900,2123.59996,1
1505817325,21841142,1.18900,82.37588,1
1505817320,21841136,1.18900,77.57771,1
1505817319,21841134,1.18900,2122.74830,1
1505817316,21841130,1.18900,84.99702,1
1505817315,21841124,1.18900,87.35296,1
1505817313,21841119,1.18900,1022.07133,1
1505817311,21841113,1.18900,1022.07133,1
1505817303,21841104,1.18900,135.72333,1
1505817299,21841096,1.18900,2121.02492,1
1505817290,21841071,1.18900,261.69953,1
1505817285,21841062,1.18900,179.30755,1
1505817275,21841053,1.18900,242.76704,1
1505817273,21841050,1.18997,38.62278,0
1505817271,21841048,1.18996,184.35636,0
1505817175,21841004,1.18900,1964.96777,1
1505817172,21840987,1.18900,82.40000,1
1505817169,21840983,1.18900,354.84387,1
1505817164,21840977,1.18900,4247.54832,1
1505817161,21840970,1.18900,409.36834,1
1505817151,21840956,1.18900,949.05804,1
1505817149,21840953,1.18900,757.77965,1
1505817147,21840949,1.18900,12.13735,1
1505817147,21840945,1.18900,6925.07990,1
1505817146,21840942,1.18900,642.58366,1
1505817136,21840899,1.18900,601.81821,1
1505817131,21840892,1.18900,1914.00659,1
1505817129,21840890,1.18900,2047.99448,1
1505817123,21840883,1.18900,2046.78632,1
1505817116,21840878,1.18900,2045.83882,1
1505817110,21840877,1.18900,32.36334,1
1505817108,21840876,1.18900,2045.38717,1
1505817107,21840873,1.18901,15.08531,0
1505817107,21840872,1.18901,148.22680,0
1505817099,21840867,1.18900,2044.56603,1
1505817094,21840860,1.18900,1698.13718,1
1505817094,21840859,1.18901,180.47523,0
1505817089,21840851,1.18900,199.77865,1
1505817089,21840848,1.18900,2987.92831,1
1505817089,21840845,1.18901,199.44167,1
1505817073,21840835,1.18900,312.16990,1
1505817073,21840833,1.18900,1772.02038,1
1505817070,21840826,1.18900,1700.48754,1
1505817069,21840824,1.18901,220.40160,1
1505817065,21840817,1.18900,2041.04819,1
1505817059,21840804,1.18900,243.93287,1
1505817057,21840799,1.18900,960.56847,1
1505817057,21840798,1.18901,243.56274,1
1505817051,21840785,1.18900,1790.37687,1
1505817046,21840780,1.18900,0.45016,1
1505817046,21840779,1.18901,269.16001,1
1505817041,21840774,1.18900,1454.04654,1
1505817038,21840770,1.18900,202.59966,1
1505817038,21840769,1.18901,47.42311,1
1505817034,21840760,1.18901,250.02277,1
1505817026,21840756,1.18900,60.01683,1
1505817021,21840749,1.18900,1066.18087,1
1505817021,21840748,1.18901,328.70559,1
1505817006,21840701,1.18901,361.24291,1
1505816971,21840660,1.18901,199.34048,1
1505816688,21840583,1.18900,0.99147,1
1505816688,21840582,1.18901,422.16114,1
1505816630,21840544,1.18900,3300.94981,1
1505816626,21840538,1.18900,0.85126,1
1505816626,21840536,1.18901,459.24550,1
1505816614,21840503,1.18901,227.16378,1
1505816548,21840458,1.18997,263.89859,0
1505816544,21840447,1.18997,57.19471,0
1505816482,21840411,1.18901,8.42891,1
1505816474,21840397,1.18901,241.66735,1
1505816473,21840393,1.18901,233.30993,1
1505816452,21840381,1.18901,21.59161,1
1505816416,21840341,1.18980,79.75999,1
1505816414,21840338,1.18980,20.00389,1
1505816412,21840330,1.18980,7.77170,1
1505816409,21840326,1.18977,168.03965,0
1505816409,21840325,1.18976,60.87709,0
1505816409,21840324,1.18976,41.65062,0
1505816408,21840322,1.18851,82.29702,1
1505816336,21840249,1.18977,69.17000,0
1505816325,21840241,1.18977,57.12000,0
1505816321,21840239,1.18974,58.55596,0
1505816276,21840204,1.18851,614.08539,0
1505816245,21840142,1.18974,106.10720,0
1505816160,21840054,1.18850,42.16304,1
1505816150,21840042,1.18974,429.16938,0
1505816150,21840040,1.18974,176.09466,0
1505815661,21839742,1.18973,90.32170,0
1505815565,21839610,1.18973,2335.13903,0
1505815561,21839603,1.18973,2335.13903,0
1505815557,21839597,1.18973,795.91447,0
1505815555,21839593,1.18973,768.83387,0
1505815550,21839538,1.18972,579.17461,0
1505815550,21839536,1.18550,0.20000,0
1505815511,21839521,1.18550,39.80000,0
1505815392,21839392,1.18974,230.07280,0
1505815392,21839391,1.18973,990.00000,0
1505815331,21839371,1.18505,80.00000,1
1505814578,21838661,1.18504,75.57753,1
1505814578,21838660,1.18504,70.56986,1
1505814578,21838659,1.18510,5.04327,1
1505814543,21838636,1.18503,610.80053,1
1505814543,21838635,1.18504,10.24779,1
1505814543,21838634,1.18504,7.68584,1
1505814542,21838633,1.18518,5.13292,0
1505814541,21838632,1.18518,5.13292,1
1505814541,21838631,1.18519,400.00000,1
1505814201,21838385,1.18975,11.96071,0
1505813600,21838020,1.18976,141.17653,1
1505813596,21838014,1.18976,117.00000,1
1505813594,21838013,1.18976,179.43680,1
1505813594,21838010,1.18976,108.91000,1
1505813594,21838008,1.18976,399.62932,1
1505813592,21838002,1.18976,399.81904,1
1505813592,21837999,1.18976,21.60481,1
1505813591,21837996,1.18976,436.56645,1
1505813591,21837990,1.18976,1802.27348,1
1505813590,21837983,1.18976,488.78766,1
1505813589,21837980,1.18976,31.31614,1
1505813589,21837979,1.18976,399.62932,1
1505813588,21837976,1.18976,436.56646,1
1505813585,21837971,1.18977,228.61198,1
1505813584,21837967,1.18977,262.54473,1
1505813583,21837964,1.18977,31.31614,1
1505813582,21837961,1.18976,233.53753,1
1505813582,21837957,1.18976,692.87621,1
1505813580,21837953,1.18976,1802.38791,1
1505813580,21837952,1.18976,172.96766,1
1505813579,21837947,1.18976,24.70146,1
1505813578,21837944,1.18976,31.31614,1
1505813578,21837941,1.18976,1802.38791,1
1505813577,21837938,1.18976,25.34750,1
1505813576,21837931,1.18976,958.70076,1
1505813575,21837929,1.18976,474.55509,1
1505813574,21837927,1.18976,218.31613,1
1505813573,21837923,1.18976,21.60621,1
1505813573,21837922,1.18976,194.65089,1
1505813573,21837919,1.18976,528.39993,1
1505813572,21837916,1.18976,437.13031,1
1505813571,21837910,1.18976,1005.80393,1
1505813570,21837904,1.18976,1300.15298,1
1505813569,21837903,1.18976,1570.00000,0
1505813539,21837886,1.18503,235.23999,1
1505813529,21837876,1.18503,198.68999,1
1505813498,21837850,1.18503,191.58165,1
1505813496,21837846,1.18503,540.24413,1
1505813491,21837844,1.18503,1058.69999,1
1505813482,21837838,1.18503,1197.99664,1
1505813479,21837835,1.18503,19.87577,1
1505813477,21837830,1.18503,309.54828,1
1505813477,21837829,1.18504,348.55448,1
1505813476,21837826,1.18504,286.60147,1
1505813476,21837824,1.18504,19.87907,1
1505813471,21837814,1.18504,1653.65727,1
1505813468,21837808,1.18504,502.01524,1
1505813467,21837806,1.18504,438.33076,1
1505813467,21837802,1.18504,120.78064,1
1505813461,21837757,1.18504,418.31461,1
1505813453,21837746,1.18504,254.74576,1
1505813452,21837739,1.18504,227.80448,1
1505813451,21837738,1.18504,48.15999,1
1505813449,21837730,1.18504,553.93556,1
1505813442,21837720,1.18504,32.79999,1
1505813441,21837719,1.18504,50.15708,1
1505813343,21837589,1.18504,48.82884,1
1505813343,21837588,1.18505,0.00496,1
1505813267,21837525,1.18505,52.55475,1
1505813260,21837520,1.18505,82.64631,1
1505813150,21837476,1.18505,167.20149,1
1505813124,21837458,1.18505,995.67323,1
1505813068,21837438,1.18505,49.28971,1
1505813066,21837431,1.18505,118.26162,1
1505812978,21837403,1.18505,343.63951,1
1505812976,21837399,1.18505,411.15565,1
1505812957,21837387,1.18505,978.01306,1
1505812902,21837372,1.18505,34.91836,1
1505812901,21837369,1.18505,60.00000,1
1505812892,21837361,1.18505,76.15212,1
1505812892,21837360,1.18505,59.99211,1
1505812890,21837355,1.18505,76.02313,1
1505812835,21837332,1.18505,696.87355,1
1505812505,21836804,1.18505,30.93903,1
1505812459,21836778,1.18700,405.27627,1
1505812458,21836777,1.18700,60.56557,1
1505812455,21836771,1.18700,392.74000,1
1505812437,21836767,1.18700,38.19001,1
1505812351,21836750,1.18700,33.17634,1
1505812346,21836746,1.18700,33.17634,1
1505812341,21836741,1.18700,33.17634,1
1505812236,21836684,1.18700,170.29000,1
1505811868,21836443,1.18700,986.03000,1
1505811852,21836436,1.18700,300.58464,1
1505811851,21836435,1.18700,141.71998,1
1505811841,21836430,1.18700,62.72525,1
1505811838,21836427,1.18700,62.72525,1
1505811686,21836353,1.18700,576.41001,1
1505811686,21836351,1.18700,82.02999,1
1505811624,21836328,1.18700,665.46751,1
1505811573,21836302,1.18700,59.74000,1
1505811566,21836295,1.18700,82.03000,1
1505811323,21836209,1.18700,233.58000,1
1505811320,21836205,1.18700,807.16000,1
1505811317,21836204,1.18700,82.33000,1
1505811294,21836185,1.18700,817.54973,1
1505811267,21836154,1.18700,192.04603,1
1505811264,21836151,1.18700,221.74551,1
1505811260,21836149,1.18700,1164.90037,1
1505811257,21836147,1.18700,1164.90037,1
1505811253,21836143,1.18700,979.87888,1
1505811253,21836142,1.18700,252.60374,1
1505811253,21836140,1.18700,819.48998,1
1505811252,21836139,1.18700,1633.67740,1
1505811252,21836138,1.18700,3600.41561,1
1505811250,21836136,1.18700,82.40000,1
1505811249,21836132,1.18700,83.71000,1
1505811246,21836128,1.18700,3044.55206,1
1505811245,21836124,1.18700,167.33601,1
1505811243,21836112,1.18700,1554.29097,1
1505811237,21836094,1.18700,1185.67607,1
1505811234,21836075,1.18700,186.93000,1
1505811233,21836057,1.18700,1080.84823,1
1505811232,21836055,1.18700,841.54000,1
1505811229,21836039,1.18700,149.89164,1
1505811228,21836035,1.18700,104.50000,1
1505811226,21836027,1.18700,1063.59000,1
1505811222,21836018,1.18700,1098.72186,1
1505811221,21836017,1.18700,775.17625,1
1505811217,21836009,1.18700,1181.03612,1
1505811213,21836002,1.18700,339.23000,1
1505811211,21835995,1.18700,164.27835,1
1505811210,21835990,1.18700,797.10000,1
1505811209,21835988,1.18700,3307.27999,1
1505811208,21835986,1.18700,797.10000,1
1505811195,21835972,1.18700,482.69588,1
1505811193,21835968,1.18700,48.19999,1
1505811176,21835965,1.18700,287.72194,1
1505811175,21835963,1.18700,97.47000,1
1505811174,21835962,1.18700,216.59738,1
1505811173,21835956,1.18700,82.30835,1
1505811151,21835944,1.18700,1443.58439,1
1505811121,21835930,1.18700,689.09857,1
1505811090,21835920,1.18700,272.04000,1
1505811081,21835916,1.18700,272.82000,1
1505811073,21835904,1.18700,1334.31340,1
1505811007,21835865,1.18700,62.39259,1
1505811005,21835862,1.18700,82.37552,1
1505811003,21835858,1.18700,3356.15693,1
1505810975,21835833,1.18700,484.45939,1
1505810967,21835823,1.18700,135.54340,1
1505810965,21835816,1.18700,1692.72958,1
1505810965,21835814,1.18700,3789.57473,1
1505810964,21835812,1.18700,45.70999,1
1505810964,21835809,1.18700,553.46526,1
1505810964,21835806,1.18700,112.88122,1
1505810962,21835802,1.18700,2.02092,1
1505810962,21835801,1.18701,346.95660,1
1505810957,21835789,1.18701,232.98279,1
1505810952,21835784,1.18700,3448.70556,1
1505810952,21835783,1.18700,484.45939,1
1505810947,21835773,1.18700,423.21336,1
1505810947,21835768,1.18700,122.46018,1
1505810946,21835765,1.18700,2482.60999,1
1505810945,21835761,1.18700,222.94915,1
1505810945,21835760,1.18701,490.32085,1
1505810943,21835748,1.18700,226.65552,1
1505810936,21835737,1.18701,49.55308,1
1505810914,21835708,1.18701,98.78603,1
1505810885,21835667,1.18701,88.11000,1
1505810873,21835658,1.18701,25.35852,1
1505810861,21835650,1.18700,44.64148,1
1505810860,21835648,1.18700,25.35852,1
1505810829,21835632,1.18505,128.81999,1
1505810819,21835620,1.18505,144.73715,1
1505810819,21835615,1.18505,154.51285,1
1505810813,21835607,1.18505,55.70230,1
1505810813,21835604,1.18505,49.01547,1
1505810813,21835603,1.18505,49.86288,1
1505810813,21835598,1.18505,36.52552,1
1505810792,21835587,1.18507,82.39383,0
1505810760,21835552,1.18505,49.87000,1
1505810705,21835507,1.18505,102.13826,1
1505810705,21835506,1.18508,191.64174,1
1505810703,21835503,1.18507,238.81000,1
1505810680,21835484,1.18518,1.37776,0
1505810679,21835483,1.18520,238.81889,1
1505810658,21835448,1.18520,434.04063,0
1505810363,21835287,1.18511,66.24301,1
1505809975,21835120,1.18993,117.15940,1
1505809975,21835118,1.18993,257.67000,1
1505809974,21835116,1.18993,55.14713,1
1505809973,21835114,1.18993,601.49000,1
1505809971,21835107,1.18993,630.45973,1
1505809970,21835105,1.18993,591.80000,1
1505809969,21835097,1.18999,244.28360,1
1505809968,21835089,1.18999,601.47000,1
1505809967,21835082,1.18999,347.10947,1
1505809844,21834931,1.19000,373.47000,0
1505809826,21834916,1.19000,1851.71042,0
1505809822,21834911,1.19000,632.93300,0
1505809822,21834909,1.19000,3660.48700,0
1505809820,21834901,1.19000,1192.83300,0
1505809816,21834885,1.19000,146.68000,0
1505809807,21834873,1.18993,474.71667,0
1505809802,21834858,1.18923,65.87000,0
1505809786,21834777,1.18922,65.91000,1
1505809745,21834712,1.18925,65.75394,1
1505809726,21834685,1.18998,124.44878,0
1505809726,21834683,1.18994,65.85122,0
1505809724,21834677,1.18995,45.87000,0
1505809721,21834672,1.18923,88.66286,0
1505809721,21834671,1.18923,169.99714,0
1505809634,21834569,1.18501,721.95000,1
1505809541,21834527,1.18501,310.45564,1
1505809541,21834526,1.18502,19.99123,1
1505809476,21834464,1.18502,150.00591,1
1505809473,21834457,1.18501,482.18870,1
1505809472,21834456,1.18501,22.71723,1
1505809470,21834445,1.18501,356.42572,1
1505809466,21834435,1.18501,501.06000,1
1505809463,21834421,1.18501,3418.83299,1
1505809463,21834419,1.18501,501.06000,1
1505809462,21834414,1.18501,204.63819,1
1505809462,21834410,1.18502,170.00000,1
1505809462,21834404,1.18700,232.06653,1
1505809460,21834399,1.18700,717.26182,1
1505809459,21834395,1.18700,1478.42460,1
1505809458,21834389,1.18700,255.64972,1
1505809455,21834372,1.18700,242.71616,1
1505809435,21834355,1.18700,82.39259,1
1505809432,21834347,1.18700,165.84105,1
1505809430,21834336,1.18700,220.58973,1
1505809426,21834327,1.18700,239.10000,1
1505809422,21834325,1.18700,55.07590,1
1505809393,21834300,1.18700,254.61567,1
1505809388,21834292,1.18700,76.52085,1
1505809232,21834209,1.18700,549.38238,1
1505809232,21834208,1.18700,273.73526,1
1505809203,21834194,1.18700,88.91000,1
1505809177,21834183,1.18700,44.38785,1
1505809150,21834166,1.18700,379.95570,1
1505809131,21834152,1.18700,19.95000,1
1505809095,21834138,1.18700,70.10952,1
1505809094,21834136,1.18700,70.12951,1
1505809073,21834085,1.18700,431.84335,1
1505808996,21834054,1.18700,81.82213,1
1505808988,21834036,1.18700,312.98231,1
1505808971,21834019,1.18700,275.14744,1
1505808951,21834010,1.18700,2235.88999,1
1505808911,21833940,1.18701,206.05657,1
1505808911,21833934,1.18701,254.81314,1
1505808908,21833887,1.18700,67.56141,1
1505808425,21833427,1.18700,301.86184,1
1505808399,21833410,1.18700,392.19018,1
1505808314,21833362,1.18700,35.60999,1
1505808308,21833358,1.18700,287.57714,1
1505808307,21833356,1.18700,494.13648,1
1505808306,21833354,1.18700,255.30788,1
1505808229,21833311,1.18700,633.52999,1
1505808175,21833302,1.18700,36.85763,1
1505808163,21833290,1.18700,956.31003,1
1505808150,21833280,1.18700,224.46504,1
1505808150,21833278,1.18700,238.74248,1
1505808111,21833244,1.18700,604.59984,1
1505808104,21833238,1.18700,232.04999,1
1505808075,21833222,1.18700,47.48999,1
1505807976,21833179,1.18710,728.98632,1
1505807971,21833166,1.18710,28.32820,1
1505807966,21833162,1.18710,1127.13253,1
1505807961,21833154,1.18710,202.44537,1
1505807759,21833025,1.18700,336.76970,1
1505807751,21833016,1.19000,1938.08526,0
1505807714,21832960,1.18700,48.77169,1
1505807708,21832945,1.18700,48.77169,1
1505807703,21832925,1.18700,48.77169,1
1505807702,21832915,1.18700,48.46672,1
1505807698,21832884,1.18700,48.77169,1
1505807697,21832880,1.18700,70.69250,1
1505807695,21832872,1.18700,68.60942,1
1505807672,21832858,1.19000,83.82405,0
1505807529,21832781,1.19000,32.80934,0
1505807528,21832779,1.19000,27.08403,0
1505807472,21832681,1.18700,319.81405,1
1505807468,21832673,1.18700,319.81298,1
1505807439,21832608,1.18700,115.04436,1
1505807438,21832607,1.18700,109.99964,1
1505807436,21832599,1.18700,153.86900,1
1505807432,21832597,1.18700,1067.10394,1
1505807429,21832591,1.18700,976.58355,1
1505807426,21832580,1.18700,977.43050,1
1505807426,21832579,1.18700,1474.18649,1
1505807424,21832571,1.18700,50.40332,1
1505807421,21832560,1.18700,47.48399,1
1505807420,21832555,1.18700,19.59143,1
1505807420,21832553,1.18700,327.58785,1
1505807399,21832515,1.18700,984.39729,1
1505807378,21832477,1.18700,582.46055,1
1505807377,21832475,1.18700,2008.39877,1
1505807377,21832474,1.18700,508.14000,1
1505807374,21832467,1.18700,506.87999,1
1505807374,21832465,1.18700,172.49000,1
1505807374,21832461,1.18701,680.27843,1
1505807322,21832401,1.18700,72.22410,1
1505807317,21832390,1.18700,49.11079,1
1505807316,21832388,1.18700,873.69840,1
1505807308,21832367,1.18700,48.58467,1
1505807307,21832361,1.18700,78.11564,1
1505807255,21832302,1.18700,164.67000,1
1505807236,21832276,1.18700,19.64185,1
1505807233,21832270,1.18700,179.86000,1
1505807225,21832254,1.18700,127.70906,1
1505807225,21832246,1.18700,1645.50095,1
1505807224,21832245,1.18700,237.36999,1
1505807222,21832235,1.18700,11.88611,1
1505807168,21832166,1.18517,216.66908,0
1505807168,21832165,1.18517,340.00000,0
1505807168,21832164,1.18517,169.97562,0
1505807167,21832163,1.18513,660.89097,0
1505807162,21832157,1.18513,339.10903,1
1505807154,21832143,1.18513,88.22824,0
1505807141,21832101,1.18513,530.79583,0
1505807140,21832098,1.18512,166.37000,1
1505807136,21832094,1.18512,54.24197,1
1505807136,21832093,1.18513,326.49803,1
1505807135,21832091,1.18513,260.07919,1
1505807135,21832090,1.18513,424.89962,1
1505807133,21832084,1.18513,32.42854,1
1505807104,21832023,1.18513,3316.42555,1
1505807103,21832019,1.18513,166.82093,1
1505807035,21831940,1.18513,172.14775,1
1505807013,21831916,1.18513,696.42091,1
1505807013,21831914,1.18514,216.66908,1
1505807012,21831910,1.18514,166.71462,1
1505807006,21831896,1.18514,55.70650,1
1505807003,21831889,1.18514,98.76999,1
1505806996,21831874,1.18514,154.52513,1
1505806990,21831861,1.18514,683.96899,1
1505806990,21831859,1.18514,149.06999,1
1505806989,21831857,1.18514,226.87615,1
1505806986,21831848,1.18514,46.31999,1
1505806986,21831847,1.18514,11.35688,1
1505806986,21831846,1.18514,51.68999,1
1505806985,21831843,1.18514,237.39999,1
1505806985,21831841,1.18514,85.28594,1
1505806985,21831839,1.18514,702.20328,1
1505806984,21831832,1.18514,275.93276,1
1505806982,21831827,1.18514,166.70723,1
1505806979,21831819,1.18514,19.70632,1
1505806977,21831815,1.18514,1590.94999,1
1505806976,21831814,1.18514,119.46419,1
1505806974,21831804,1.18514,70.13999,1
1505806953,21831770,1.18514,47.66999,1
1505806943,21831759,1.18514,290.51000,1
1505806940,21831755,1.18514,448.47200,1
1505806940,21831754,1.18514,201.23579,1
1505806940,21831753,1.18515,438.68421,1
1505806940,21831750,1.18515,51.69000,1
1505806938,21831740,1.18515,563.27268,1
1505806937,21831728,1.18515,237.33003,1
1505806933,21831704,1.18515,63.05000,1
1505806926,21831687,1.18515,38.17000,1
1505806920,21831677,1.18515,119.05405,1
1505806905,21831649,1.18515,329.73676,1
1505806901,21831637,1.18515,329.74812,1
1505806899,21831633,1.18515,666.05999,1
1505806881,21831573,1.18515,412.37366,1
1505806877,21831527,1.18515,2303.37932,1
1505806876,21831524,1.18515,769.56230,1
1505806876,21831522,1.18516,1.16804,1
1505806873,21831518,1.18516,232.43920,1
1505806871,21831512,1.18516,381.26434,1
1505806870,21831510,1.18516,2242.05612,1
1505806868,21831490,1.18516,872.39998,1
1505806868,21831484,1.18517,340.00000,1
1505806785,21831365,1.18517,245.99758,1
1505806584,21831232,1.19077,803.41670,0
1505806424,21831134,1.18511,2336.39349,1
1505806395,21831117,1.18511,2333.34265,1
1505806155,21830986,1.18501,2.94947,1
1505806155,21830985,1.18502,476.84787,1
1505806131,21830975,1.18502,154.36998,1
1505806123,21830968,1.18501,41.82147,1
1505806122,21830963,1.18501,19.85038,1
1505806120,21830962,1.18501,288.33896,1
1505806119,21830959,1.18501,29.01533,1
1505806118,21830954,1.18501,106.74998,1
1505806118,21830952,1.18501,288.34028,1
1505806117,21830946,1.18501,29.03999,1
1505806113,21830919,1.18502,600.32278,1
1505806098,21830904,1.18501,366.90830,1
1505806097,21830902,1.18502,38.71734,1
1505806096,21830898,1.18502,126.91275,1
1505806095,21830896,1.18502,496.39847,1
1505806033,21830865,1.18502,57.07000,1
1505806032,21830863,1.18501,223.67999,1
1505806031,21830862,1.18502,0.00001,1
1505806031,21830861,1.18502,738.98312,1
1505806006,21830829,1.18521,538.69272,1
1505806006,21830828,1.18524,19.78734,1
1505805115,21830094,1.18612,0.00367,1
1505804957,21829918,1.18612,1113.91765,1
1505804950,21829907,1.18612,78.42155,1
1505804886,21829822,1.18612,74.56000,1
1505804885,21829817,1.18612,455.87000,1
1505804883,21829808,1.18612,455.87000,1
1505804881,21829807,1.18612,455.87000,1
1505804879,21829806,1.18612,455.87000,1
1505804721,21829674,1.18613,1727.22667,1
1505804659,21829576,1.18613,336.78999,1
1505804634,21829531,1.18612,444.39000,1
1505804632,21829528,1.18613,444.39000,1
1505804630,21829527,1.18612,444.39000,1
1505804628,21829525,1.18614,444.39000,1
1505804627,21829478,1.18613,444.39000,1
1505804599,21829407,1.18613,722.78999,1
1505804489,21829337,1.18975,153.28410,0
1505804478,21829325,1.18977,271.26046,1
1505804477,21829323,1.18977,107.33934,1
1505804477,21829322,1.18977,44.73066,1
1505804473,21829317,1.18977,333.86914,1
1505804473,21829316,1.18977,106.99086,1
1505804473,21829315,1.18977,271.60894,1
1505804473,21829314,1.18977,0.01683,1
1505804472,21829312,1.18977,378.58297,1
1505804472,21829311,1.18977,378.59980,1
1505804472,21829310,1.18977,378.59978,1
1505804470,21829303,1.18977,0.00002,0
1505804470,21829301,1.18977,378.59980,0
1505804468,21829298,1.18979,136.16710,1
1505804468,21829295,1.18979,119.22550,1
1505804465,21829290,1.18979,16.94160,1
1505804465,21829288,1.18979,38.18775,1
1505804465,21829285,1.18979,42.84998,1
1505804462,21829280,1.18979,55.12935,1
1505804459,21829279,1.18668,0.00002,0
1505804459,21829278,1.18668,67.85133,0
1505804459,21829277,1.18668,68.31577,0
1505804457,21829274,1.18612,20.83713,1
1505804457,21829273,1.18668,67.85136,1
1505804394,21829232,1.18668,259.92999,1
1505804390,21829229,1.18668,65.36999,1
1505804378,21829224,1.18668,1423.89999,1
1505804378,21829223,1.18668,255.86999,1
1505804353,21829213,1.18668,99.69832,1
1505804333,21829195,1.18668,28.04999,1
1505804204,21829046,1.18668,0.38581,1
1505804204,21829045,1.18669,69.30000,1
1505804057,21828887,1.18668,625.99041,1
1505804056,21828885,1.18668,524.12717,1
1505804050,21828869,1.18668,648.82698,1
1505804013,21828775,1.18672,117.64453,1
1505804006,21828749,1.18672,293.60688,1
1505804006,21828747,1.18673,120.00000,1
1505804004,21828745,1.18672,1.31928,1
1505804004,21828744,1.18673,230.00000,1
1505803999,21828730,1.18672,8.75869,1
1505803999,21828728,1.18673,460.00000,1
1505803999,21828726,1.18982,6.01660,1
1505803999,21828723,1.18982,6.01660,1
1505803998,21828719,1.18982,6.01660,1
1505803992,21828701,1.18673,6.01660,0
1505803986,21828686,1.18673,900.00000,1
1505803882,21828568,1.18673,77.00999,1
1505803818,21828473,1.18673,99.77020,1
1505803802,21828457,1.18673,118.39046,1
1505803785,21828405,1.18673,82.45347,1
1505803671,21828318,1.18674,271.36526,1
1505803658,21828296,1.18672,7.82394,1
1505803653,21828287,1.18686,957.75999,0
1505803617,21828223,1.19002,54.34280,1
1505803617,21828222,1.19002,54.34280,1
1505803616,21828221,1.19002,0.00757,1
1505803616,21828219,1.19002,54.33523,1
1505803614,21828213,1.18781,54.34278,0
1505803614,21828210,1.18784,171.77061,1
1505803614,21828209,1.18784,738.48611,1
1505803562,21828119,1.19248,83.01000,0
1505803555,21828097,1.19248,69.04000,0
1505803332,21827642,1.18721,2976.01866,1
1505803289,21827544,1.19249,166.02000,0
1505803274,21827506,1.19200,0.11389,0
1505803263,21827488,1.18679,25.00000,1
1505803255,21827476,1.19200,6.64801,0
1505803255,21827474,1.19200,84.33232,0
1505803251,21827468,1.19200,647.50766,0
1505803248,21827464,1.19199,349.71750,0
1505803234,21827423,1.18716,589.11491,1
1505803230,21827398,1.18715,158.80022,1
1505803216,21827326,1.19200,20.88503,0
1505803205,21827298,1.19200,1272.18000,0
1505803203,21827281,1.19200,79.22736,0
1505803197,21827271,1.19200,1215.04000,0
1505803184,21827222,1.19200,284.83441,0
1505803183,21827214,1.19200,1056.18000,0
1505803182,21827209,1.19200,284.67952,0
1505803172,21827179,1.19200,55.13370,0
1505803166,21827159,1.19199,123.48113,0
1505803166,21827158,1.19180,6.50887,0
1505803123,21827080,1.19180,0.25417,0
1505803123,21827079,1.19168,363.50583,0
1505803121,21827077,1.19168,19.74559,0
1505803120,21827074,1.19168,426.50151,0
1505803118,21827065,1.19168,1063.36000,0
1505803114,21827045,1.19168,83.00000,0
1505803113,21827040,1.19168,487.51000,0
1505803112,21827031,1.19167,19.72585,0
1505803112,21827030,1.19167,69.11000,1
1505803108,21827018,1.19168,167.06000,0
1505803107,21827012,1.19166,166.02649,0
1505803105,21827005,1.19167,172.79000,0
1505803102,21826998,1.19167,169.67000,1
1505803099,21826990,1.19167,143.13638,0
1505802759,21826633,1.18661,4.60063,0
1505802759,21826630,1.18666,9.04464,1
1505802758,21826628,1.18861,6.02976,1
1505802500,21826485,1.19007,93.87035,1
1505802500,21826484,1.19007,219.91370,1
1505802500,21826482,1.19007,107.08306,1
1505802499,21826478,1.19007,112.83064,1
1505802499,21826477,1.19007,219.91370,1
1505802499,21826476,1.19007,269.47390,1
1505802499,21826475,1.19007,269.47390,1
1505802499,21826474,1.19007,269.47390,1
1505802499,21826473,1.19007,269.47390,1
1505802498,21826472,1.19007,53.09749,1
1505802497,21826469,1.19007,23.72970,1
1505802496,21826468,1.19007,23.74052,1
1505802496,21826467,1.19007,168.90619,1
1505802495,21826458,1.19007,219.91854,1
1505802495,21826457,1.19008,9.78253,1
1505802494,21826455,1.19007,0.14166,1
1505802494,21826454,1.19007,220.06020,1
1505802494,21826453,1.19007,0.14653,1
1505802492,21826450,1.18962,49.56020,0
1505802492,21826449,1.18961,49.41368,0
1505802492,21826448,1.18961,120.93979,0
1505802491,21826447,1.18961,49.56020,0
1505802484,21826441,1.18964,49.41370,1
1505802483,21826440,1.18807,9.81631,1
1505802483,21826439,1.18964,49.41370,1
1505802478,21826435,1.18852,9.81631,1
1505802417,21826404,1.18833,28.90888,1
1505802138,21826242,1.19168,82.81000,0
1505802074,21826213,1.19168,48.22000,0
1505802016,21826187,1.19168,389.05198,0
1505802016,21826186,1.19167,104.52802,0
1505801954,21826164,1.18674,707.46000,1
1505801949,21826154,1.18671,67.68154,1
1505801948,21826151,1.18670,6.16798,1
1505801948,21826147,1.18670,34.03878,1
1505801906,21826115,1.19168,743.89000,0
1505801905,21826114,1.19168,125.34509,0
1505801905,21826113,1.19160,6.76418,0
1505801905,21826111,1.19150,112.63130,0
1505801904,21826106,1.19150,951.10000,0
1505801884,21826089,1.19150,1412.35000,0
1505801882,21826083,1.19150,2290.40000,0
1505801880,21826074,1.19150,233.51870,0
1505801880,21826073,1.19149,280.00000,0
1505801870,21826060,1.19149,26.31745,0
1505801869,21826058,1.19140,6.76533,0
1505801869,21826057,1.19120,6.76647,0
1505801868,21826055,1.19100,0.36112,0
1505801862,21826048,1.19100,6.40650,0
1505801862,21826047,1.19100,267.60765,0
1505801604,21825859,1.19100,83.36000,0
1505801602,21825855,1.19100,83.36000,0
1505801530,21825808,1.19100,189.52970,0
1505801527,21825803,1.19100,2620.16133,0
1505801352,21825685,1.19100,653.72208,0
1505801296,21825616,1.18647,302.06224,1
1505801216,21825481,1.19081,0.03110,1
1505801215,21825480,1.19081,6.18887,1
1505801063,21825255,1.19100,19.66563,0
1505801026,21825203,1.19100,316.44361,0
1505801025,21825198,1.19100,766.15000,0
1505801021,21825187,1.19081,945.87809,0
1505801019,21825180,1.19081,46.97260,0
1505801014,21825167,1.19081,63.41000,0
1505801011,21825164,1.19081,69.53241,0
1505801011,21825162,1.19080,0.41260,0
1505801007,21825153,1.19080,161.21622,0
1505801005,21825151,1.19080,69.94559,0
1505801000,21825125,1.19080,69.94559,0
1505800996,21825113,1.19080,66.28000,0
1505800908,21824917,1.19080,55.44000,0
1505800902,21824908,1.19081,0.32000,0
1505800902,21824906,1.19080,470.00000,0
1505800888,21824863,1.18548,100.00000,1
1505800814,21824724,1.18993,5.55868,1
1505800801,21824684,1.18993,76.97001,1
1505800726,21824602,1.19081,2552.83989,0
1505800711,21824585,1.19081,167.29284,0
1505800707,21824578,1.19081,153.75417,0
1505800707,21824576,1.19080,6.76876,0
1505800706,21824575,1.19060,6.76991,0
1505800704,21824573,1.19050,680.92810,0
1505800703,21824567,1.19050,1508.69158,0
1505800702,21824557,1.19050,656.64000,0
1505800700,21824552,1.19050,2153.74032,0
1505800699,21824551,1.19040,6.77105,0
1505800699,21824550,1.19020,6.77220,0
1505800699,21824549,1.19000,2189.61643,0
1505800695,21824536,1.19000,928.68945,0
1505800694,21824534,1.19000,1761.53339,0
1505800692,21824527,1.19000,39.35592,0
1505800692,21824523,1.19000,678.15000,0
1505800691,21824521,1.19000,3262.42000,0
1505800689,21824518,1.19000,1761.53339,0
1505800687,21824512,1.18998,745.80874,0
1505800681,21824492,1.19000,653.52000,0
1505800679,21824487,1.19000,1097.21000,0
1505800678,21824485,1.19000,281.66782,0
1505800674,21824479,1.19000,76.70455,0
1505800674,21824476,1.18998,5.00454,1
1505800670,21824466,1.19000,539.05000,0
1505800660,21824450,1.19000,159.23298,0
1505800659,21824446,1.19000,360.77000,0
1505800659,21824440,1.19000,2302.30000,0
1505800658,21824436,1.19000,410.51242,0
1505800653,21824418,1.19000,125.45026,0
1505800652,21824415,1.19000,774.71684,0
1505800651,21824413,1.19000,546.12000,0
1505800649,21824404,1.19000,1502.29728,0
1505800648,21824401,1.19000,564.09846,0
1505800646,21824381,1.19000,1516.78842,0
1505800644,21824375,1.19000,282.46328,0
1505800642,21824362,1.19000,25.91834,0
1505800641,21824358,1.19000,387.57009,0
1505800639,21824355,1.19000,190.17000,0
1505800638,21824344,1.19000,1135.88000,0
1505800637,21824343,1.19000,307.23263,0
1505800629,21824319,1.18998,118.88300,0
1505800629,21824318,1.18997,0.59700,0
1505800629,21824315,1.18997,118.80379,0
1505800624,21824298,1.18997,136.41718,0
1505800619,21824286,1.18991,187.18317,0
1505800618,21824284,1.18991,82.95325,0
1505800614,21824278,1.18991,0.15989,0
1505800614,21824277,1.18990,233.92011,0
1505800612,21824259,1.18990,58.88301,0
1505800611,21824254,1.18990,253.75688,0
1505800607,21824237,1.18989,83.26516,0
1505800597,21824205,1.18990,394.77000,0
1505800595,21824196,1.18990,58.67000,0
1505800593,21824187,1.18989,82.93000,1
1505800589,21824175,1.18988,69.27000,0
1505800369,21823761,1.18514,717.73933,1
1505800369,21823760,1.18514,8.59240,1
1505800369,21823759,1.18611,5.72827,1
1505800368,21823751,1.18513,869.08489,1
1505800368,21823749,1.18609,23.57310,1
1505800367,21823748,1.18610,5.79200,1
1505800362,21823743,1.18634,5.79200,1
1505800250,21823594,1.18690,0.01321,1
1505800249,21823592,1.18690,7.82025,1
1505799812,21822976,1.18993,7.12063,0
1505799797,21822940,1.19000,176.94957,0
1505799796,21822937,1.19000,176.64024,0
1505799795,21822934,1.18999,176.82328,0
1505799788,21822911,1.18607,262.93856,0
1505799787,21822908,1.18607,16.87035,0
1505799785,21822905,1.18607,7.18438,0
1505799784,21822901,1.18617,7.23021,1
1505799631,21822724,1.19000,5000.00000,0
1505799631,21822723,1.19000,5000.00000,0
1505799627,21822714,1.19000,5000.00000,0
1505799627,21822713,1.19000,5000.00000,0
1505799627,21822711,1.19000,5000.00000,0
1505799627,21822709,1.19000,5000.00000,0
1505799626,21822708,1.19000,5000.00000,0
1505799626,21822707,1.19000,5000.00000,0
1505799626,21822706,1.19000,5000.00000,0
1505799626,21822704,1.19000,5000.00000,0
1505799625,21822703,1.19000,5000.00000,0
1505799625,21822702,1.19000,4629.34610,0
1505799625,21822700,1.18999,370.65390,0
1505799625,21822699,1.18999,4629.34610,0
1505799625,21822698,1.18999,370.65390,0
1505799573,21822626,1.19000,4745.27555,0
1505799573,21822625,1.18999,254.72445,0
1505799558,21822594,1.19000,4793.26575,0
1505799557,21822593,1.18999,206.73425,0
1505799522,21822511,1.19000,5000.00000,0
1505799520,21822503,1.19000,3191.52049,0
1505799520,21822501,1.18999,0.55145,0
1505799515,21822487,1.18999,227.88460,0
1505799511,21822471,1.19000,372.21847,0
1505799511,21822469,1.19000,3250.85000,0
1505799503,21822441,1.19000,421.48914,0
1505799499,21822429,1.19000,2937.41843,0
1505799499,21822427,1.18999,252.41595,0
1505799494,21822408,1.18999,278.15777,0
1505799480,21822373,1.18999,343.59600,0
1505799425,21822285,1.19000,1069.96895,0
1505799425,21822284,1.18999,313.76125,0
1505799337,21822173,1.18998,201.29120,0
1505799271,21822097,1.19000,986.82070,0
1505799271,21822096,1.18999,402.95960,0
1505799258,21822086,1.19000,2206.51050,0
1505799258,21822085,1.19000,2206.51050,0
1505799257,21822084,1.19000,657.27730,0
1505799254,21822077,1.18999,445.25930,0
1505799234,21822058,1.18999,207.38207,1
1505799234,21822057,1.18999,284.61723,1
1505799221,21822048,1.18999,543.64510,1
1505799216,21822047,1.19000,1248.69920,0
1505799208,21822037,1.18999,600.71255,1
1505799198,21822008,1.19000,2866.75850,0
1505799196,21822001,1.19000,827.83173,0
1505799195,21821998,1.18999,995.08415,1
1505799194,21821996,1.19000,1374.42019,0
1505799193,21821994,1.18999,307.04057,0
1505799193,21821991,1.18999,688.04358,0
1505799193,21821990,1.18999,1320.75822,0
1505799078,21821877,1.18999,1174.80603,0
1505799077,21821875,1.18997,1469.20777,0
1505799075,21821866,1.18998,48.54000,0
1505799055,21821808,1.18998,189.01903,0
1505799050,21821804,1.18997,83.17828,0
1505799040,21821797,1.18997,69.20341,0
1505798750,21821570,1.18999,2504.43575,0
1505798750,21821569,1.18998,2495.56425,0
1505798750,21821568,1.18998,4529.25769,0
1505798750,21821567,1.18998,470.74231,0
1505798750,21821566,1.18998,4535.99693,0
1505798749,21821565,1.18998,464.00307,0
1505798749,21821564,1.18998,1907.78028,0
1505798749,21821563,1.18997,1139.04620,0
1505798749,21821562,1.18968,1953.17352,0
1505798748,21821561,1.18968,2046.82648,0
1505798748,21821560,1.18967,790.00000,0
1505798748,21821558,1.18950,2163.17352,0
1505798667,21821463,1.18501,315.02886,1
1505798655,21821436,1.18501,322.07800,0
1505798585,21821371,1.18501,73.86298,1
1505798585,21821368,1.18501,396.13702,1
1505798546,21821331,1.18501,779.03819,1
1505798447,21821207,1.18949,2334.00230,0
1505798437,21821173,1.18950,235.25910,0
1505798436,21821170,1.18950,235.25910,0
1505798436,21821169,1.18950,235.25910,0
1505798436,21821168,1.18950,235.25910,0
1505798436,21821167,1.18950,235.25910,0
1505798436,21821165,1.18950,235.25910,0
1505798435,21821164,1.18946,235.25910,0
1505798435,21821159,1.18950,235.25910,0
1505798434,21821158,1.18950,80.58217,0
1505798434,21821156,1.18948,154.67693,0
1505798434,21821154,1.18948,235.25910,0
1505798434,21821153,1.18948,235.25910,0
1505798434,21821151,1.18948,235.25910,0
1505798434,21821149,1.18948,235.25910,0
1505798434,21821147,1.18948,235.25910,0
1505798433,21821140,1.18948,235.25910,0
1505798433,21821138,1.18948,235.25910,0
1505798433,21821136,1.18948,235.25910,0
1505798433,21821135,1.18948,235.25910,0
1505798432,21821133,1.18948,235.25910,0
1505798432,21821125,1.18947,235.25910,0
1505798431,21821123,1.18947,235.25910,0
1505798416,21821076,1.18501,252.12244,1
1505798087,21820774,1.18502,820.71189,0
1505797940,21820678,1.18950,48.13737,0
1505797940,21820677,1.18945,1.11861,0
1505797887,21820623,1.18945,1384.69206,0
1505797883,21820614,1.18945,1095.80911,0
1505797724,21820475,1.18945,811.78971,0
1505797701,21820465,1.18945,143.33680,0
1505797675,21820429,1.18945,293.25000,0
1505797675,21820428,1.18945,40.35000,0
1505797675,21820424,1.18945,1643.03000,0
1505797674,21820423,1.18945,518.36749,0
1505797661,21820395,1.18945,143.64000,0
1505797648,21820372,1.18945,19.61723,0
1505797647,21820370,1.18943,93.43000,0
1505797497,21820293,1.18967,844.83369,0
1505797493,21820285,1.18967,474.08000,0
1505797464,21820278,1.18286,60.00000,1
1505797460,21820276,1.18966,308.15362,0
1505797460,21820275,1.18963,120.00000,0
1505797457,21820271,1.18964,699.35571,0
1505797454,21820265,1.18967,219.76471,0
1505797449,21820262,1.18966,208.71524,0
1505797449,21820257,1.18963,170.56468,0
1505797443,21820248,1.18966,257.29751,0
1505797443,21820247,1.18963,390.00000,0
1505797440,21820244,1.18937,2041.31270,0
1505797435,21820239,1.18945,81.72913,0
1505797180,21820065,1.18853,12.22024,0
1505797180,21820057,1.18852,635.35440,0
1505797177,21820045,1.18852,69.55380,0
1505797177,21820044,1.18852,69.55380,0
1505797176,21820043,1.18852,69.55380,0
1505797176,21820042,1.18852,69.55380,0
1505797175,21820041,1.18852,69.55380,0
1505797175,21820040,1.18852,16.87660,0
1505797175,21820039,1.18851,52.67720,0
1505797174,21820037,1.18851,69.55380,0
1505797174,21820036,1.18851,69.55380,0
1505797174,21820035,1.18851,69.55380,0
1505797174,21820034,1.18851,69.55380,0
1505797173,21820033,1.18851,69.55380,0
1505797173,21820032,1.18851,69.55380,0
1505797049,21819957,1.18502,104.94000,0
1505796840,21819740,1.18280,163.75998,1
1505796839,21819736,1.18502,23.90722,0
1505796839,21819734,1.18502,30.89737,0
1505796837,21819715,1.18502,51.53162,0
1505796794,21819553,1.18280,707.52842,1
1505796794,21819552,1.18282,5.49158,1
1505796765,21819446,1.18281,20.52670,1
1505796764,21819443,1.18400,3683.51960,1
1505796758,21819399,1.18400,255.18716,1
1505796741,21819303,1.18400,77.41613,1
1505796734,21819271,1.18400,283.40897,1
1505796729,21819241,1.18400,5734.17591,1
1505796729,21819239,1.18498,3384.44800,1
1505796729,21819235,1.18850,0.37047,1
1505796728,21819226,1.18850,47.30454,1
1505796728,21819219,1.18850,70.19999,0
1505796722,21819148,1.18498,23.49590,1
1505796708,21819066,1.18498,79.73368,1
1505796705,21819053,1.18498,512.32242,1
1505796705,21819050,1.18500,6481.53175,1
1505796704,21819039,1.18500,14.76174,1
1505796704,21819037,1.18501,2232.36931,1
1505796701,21819016,1.18500,269.11845,1
1505796700,21819002,1.18500,19.87000,1
1505796699,21819001,1.18501,82.43000,0
1505796698,21818995,1.18502,23.22831,1
1505796696,21818978,1.18500,239.54000,1
1505796695,21818973,1.18501,239.30240,1
1505796693,21818956,1.18501,80.78952,1
1505796689,21818940,1.18502,523.16000,1
1505796688,21818928,1.18501,1267.79000,1
1505796446,21818672,1.18501,746.08998,1
1505796362,21818518,1.18501,47.12999,1
1505796091,21818388,1.18501,1718.88430,1
1505795948,21818309,1.18500,6.73924,1
1505795948,21818308,1.18501,5.48100,1
1505795935,21818295,1.18855,70.20000,1
1505795285,21817938,1.18503,3.35496,1
1505795284,21817936,1.18539,8.70147,1
1505795074,21817810,1.18533,281.23821,1
1505795003,21817750,1.18892,23.45242,1
1505795001,21817747,1.18891,23.33516,1
1505794602,21817521,1.18998,59.99919,0
1505793755,21817142,1.18568,60.00000,1
1505793695,21817093,1.18999,0.60176,0
1505793694,21817090,1.18999,394.14204,0
1505793691,21817072,1.18999,207.90865,0
1505793689,21817062,1.18999,189.15207,0
1505793688,21817059,1.18999,17.76312,0
1505793687,21817051,1.18999,212.06722,0
1505793631,21817036,1.18999,56.36534,1
1505793631,21817035,1.18999,893.63466,1
1505793631,21817034,1.18999,4106.36534,0
1505793630,21817033,1.18999,5000.00000,0
1505793630,21817032,1.18999,5000.00000,0
1505793630,21817031,1.18999,5000.00000,0
1505793630,21817030,1.18999,5000.00000,0
1505793630,21817029,1.18999,5000.00000,0
1505793629,21817028,1.18999,5000.00000,0
1505793629,21817027,1.18999,5000.00000,0
1505793629,21817026,1.18999,5000.00000,0
1505793629,21817025,1.18999,5000.00000,0
1505793629,21817024,1.18999,5000.00000,0
1505793628,21817023,1.18999,5000.00000,0
1505793628,21817022,1.18999,4032.74607,0
1505793628,21817021,1.18998,709.89605,0
1505793628,21817020,1.18990,257.35788,0
1505793627,21817019,1.18990,3936.66746,0
1505793627,21817018,1.18984,1000.00000,0
1505793627,21817017,1.18983,63.33254,0
1505793006,21816851,1.18524,56.40208,1
1505792927,21816831,1.18750,107.57999,1
1505792771,21816735,1.18981,100.18405,0
1505791836,21816507,1.18600,53.87146,0
1505791836,21816506,1.18600,2494.97001,1
1505791836,21816505,1.18600,840.00000,1
1505791836,21816504,1.18600,865.02999,1
1505791835,21816501,1.18601,12.95403,1
1505791835,21816497,1.18886,5.73048,1
1505791832,21816486,1.18886,48.14098,1
1505791543,21816398,1.18990,51.63000,0
1505791542,21816395,1.18990,13.04347,0
1505791538,21816376,1.18990,119.75220,0
1505791445,21816326,1.18851,47.67246,1
1505791220,21816168,1.18847,50.71495,1
1505791013,21816111,1.18835,0.12766,0
1505791012,21816110,1.18837,50.61281,1
1505790971,21816088,1.18828,51.05535,0
1505790971,21816087,1.18828,12.95403,0
1505790962,21816082,1.18828,21.42324,0
1505790962,21816081,1.18826,29.39397,0
1505790960,21816079,1.18828,10.88477,1
1505790959,21816074,1.18828,9.20063,1
1505790959,21816072,1.18828,20.08540,1
1505790958,21816068,1.18828,20.08540,1
1505790958,21816065,1.18828,20.08540,1
1505790958,21816064,1.18828,20.08540,1
1505790958,21816063,1.18828,20.08540,1
1505790958,21816062,1.18828,20.08537,1
1505790956,21816060,1.18801,0.00003,0
1505790956,21816059,1.18801,20.08540,0
1505790952,21816052,1.18801,30.96633,1
1505790952,21816051,1.18801,20.08902,1
1505790950,21816046,1.18803,51.05535,1
1505790932,21816043,1.18836,0.25558,1
1505790931,21816041,1.18836,50.85995,1
1505790908,21816037,1.18830,25.38520,1
1505790907,21816036,1.18830,25.38520,1
1505790907,21816035,1.18830,25.38520,1
1505790907,21816034,1.18830,25.38520,1
1505790907,21816032,1.18830,25.38520,1
1505790907,21816031,1.18830,12.99980,1
1505790907,21816030,1.18830,0.61439,1
1505790905,21816026,1.18815,12.38541,0
1505790904,21816025,1.18815,0.61436,0
1505790904,21816024,1.18814,12.38544,0
1505790903,21816023,1.18801,51.54839,1
1505790903,21816022,1.18814,12.99980,0
1505790903,21816020,1.18814,12.99980,0
1505790902,21816018,1.18814,12.99980,0
1505790897,21816012,1.18601,72.02448,1
1505790897,21816011,1.18817,12.95403,1
1505790895,21816008,1.18817,19.22126,1
1505790894,21816005,1.18817,19.44694,1
1505790893,21816002,1.18816,20.31027,1
1505790839,21815985,1.18842,20.12705,1
1505790717,21815925,1.18854,20.90953,1
1505790403,21815744,1.18750,48.38047,1
1505789971,21815481,1.18990,57.03689,0
1505789969,21815477,1.18990,15.18927,0
1505789604,21815349,1.18990,277.77963,0
1505789603,21815347,1.18990,271.54320,0
1505789444,21815303,1.18601,5.59146,1
1505789444,21815302,1.18643,54.40854,1
1505789143,21815024,1.18729,60.42007,1
1505788312,21814555,1.18503,1.48538,1
1505788312,21814554,1.18542,68.51462,1
