date,tid,price,amount,type
1505863164,21883050,0.01364000,38.93129398,0
1505863164,21883049,0.01362000,124.00000000,0
1505863163,21883048,0.01361000,112.00000000,0
1505863163,21883047,0.01361000,93.71820000,1
1505863163,21883046,0.01361000,208.12900000,1
1505863163,21883045,0.01360000,33.60962870,0
1505863162,21883044,0.01359997,1.44930147,0
1505863162,21883043,0.01359000,117.00000000,0
1505863162,21883042,0.01358940,7.24650737,0
1505863161,21883041,0.01358939,93.53100000,1
1505863161,21883040,0.01358939,56.74653481,0
1505861946,21882107,0.01360000,64.39485514,0
1505861945,21882106,0.01360000,29.29240000,1
1505861945,21882104,0.01357971,1.68599612,0
1505861945,21882103,0.01357970,140.41000000,1
1505861945,21882102,0.01357970,3.56615905,1
1505861945,21882100,0.01357970,9.00000000,1
1505861944,21882098,0.01355909,8.42998060,0
1505861944,21882097,0.01355908,1.99952062,0
1505861943,21882096,0.01355907,35.29600000,0
1505860187,21881298,0.01349999,14.04030669,1
1505859890,21881085,0.01351984,0.87732029,0
1505859890,21881084,0.01350998,13.02955119,0
1505859890,21881083,0.01350996,2.60591024,0
1505859888,21881082,0.01350993,31.49366254,0
1505858991,21880610,0.01350000,7.42592593,0
1505858725,21880447,0.01350000,1.00000000,1
1505858725,21880446,0.01350000,1.50000000,1
1505858601,21880391,0.01355091,0.66896153,1
1505858601,21880390,0.01356761,0.50000000,1
1505858338,21880255,0.01356761,0.50000000,0
1505858193,21880186,0.01356761,0.99999969,0
1505858193,21880185,0.01356760,1.91004231,0
1505858025,21880110,0.01350048,2.25494691,1
1505858025,21880109,0.01350051,31.49366254,1
1505858025,21880108,0.01354086,56.74653455,1
1505856037,21878710,0.01365993,145.06455669,0
1505856036,21878709,0.01363980,1.00000000,0
1505855712,21878449,0.01369624,1.00000000,0
1505855707,21878447,0.01375484,8.49305335,0
1505855702,21878442,0.01368166,1.00000000,0
1505855670,21878432,0.01366510,1.00000000,0
1505855662,21878428,0.01375494,14.84848352,0
1505855660,21878427,0.01370000,1.00000000,0
1505855657,21878426,0.01370000,1.50000000,0
1505855656,21878424,0.01366510,1.00000000,0
1505855580,21878387,0.01362691,7.83968859,0
1505855139,21877981,0.01361997,39.84180859,0
1505855139,21877980,0.01361997,2.80872000,1
1505855139,21877979,0.01359992,14.74000000,1
1505855138,21877977,0.01359990,13.88600000,1
1505855137,21877973,0.01359990,2.00709417,1
1505854482,21877213,0.01357451,21.91295600,0
1505853923,21876570,0.01349199,7.83968859,1
1505853320,21876013,0.01362727,107.38656000,0
1505853181,21875827,0.01362952,27.70303800,1
1505853179,21875822,0.01362952,2.15647100,0
1505853115,21875708,0.01362963,1.09779869,0
1505851511,21873381,0.01345634,40.36182405,0
1505851511,21873380,0.01345634,12.61317595,0
1505851510,21873379,0.01345731,14.74000000,0
1505851510,21873376,0.01345903,35.94800000,1
1505851510,21873375,0.01345903,170.05900000,1
1505851510,21873374,0.01345903,34.07800000,0
1505851508,21873373,0.01351000,0.20000000,1
1505850590,21872243,0.01351457,3.08818200,0
1505850466,21872171,0.01351882,1.63398900,1
1505850271,21871991,0.01360982,4.17780984,0
1505850238,21871969,0.01359974,30.44764091,0
1505849968,21871539,0.01356994,0.00000432,1
1505849921,21871496,0.01356994,0.44102000,1
1505849900,21871486,0.01356994,14.56000000,1
1505849836,21871377,0.01357993,11.84306546,0
1505849621,21871169,0.01349941,8.68143300,0
1505849620,21871165,0.01349941,23.18785100,0
1505849619,21871161,0.01349941,26.37153000,0
1505849617,21871159,0.01349941,1.50000000,0
1505849616,21871158,0.01349941,1.60097000,0
1505849615,21871155,0.01349941,1.50000000,0
1505849614,21871153,0.01349941,171.83600000,0
1505849607,21871145,0.01349941,9.94944900,0
1505849605,21871144,0.01349941,29.46000000,0
1505849604,21871142,0.01349941,38.63932639,0
1505849604,21871141,0.01349940,6.67595536,0
1505849604,21871139,0.01349940,29.72469125,0
1505849475,21870909,0.01349948,1.00000000,0
1505849331,21870717,0.01345001,6.17409728,1
1505849294,21870668,0.01345000,10.44483272,1
1505849291,21870657,0.01345000,10.44342752,1
1505849211,21870422,0.01345000,42.99082975,1
1505849195,21870375,0.01346001,0.76853670,1
1505849088,21870106,0.01351960,1.62953590,0
1505849088,21870104,0.01351960,11.78424157,0
1505849088,21870103,0.01351960,7.92493916,0
1505849070,21870028,0.01345002,12.90094289,0
1505849068,21870017,0.01345001,8.30534348,1
1505849068,21870016,0.01346000,0.00040752,1
1505849058,21869982,0.01346000,5.52890045,1
1505849019,21869875,0.01347549,9.51884501,0
1505849017,21869873,0.01347550,49.15324700,0
1505849016,21869872,0.01347550,1.02435700,0
1505849012,21869861,0.01348267,0.50000000,1
1505848961,21869698,0.01346468,117.40257600,0
1505848960,21869696,0.01346468,4.86383000,0
1505848959,21869695,0.01346468,0.38150000,0
1505848959,21869690,0.01346468,9.56954800,0
1505848958,21869686,0.01346468,0.39403763,0
1505848958,21869684,0.01346467,25.36995137,0
1505848957,21869677,0.01346468,3.27439189,0
1505848957,21869675,0.01346465,25.37032911,0
1505848956,21869668,0.01345782,1.00000000,0
1505848954,21869663,0.01345782,171.57666657,0
1505848954,21869661,0.01345779,6.12333343,0
1505848952,21869658,0.01345000,26.49841041,1
1505848951,21869657,0.01345786,0.82372301,1
1505848951,21869656,0.01346465,1.00000000,1
1505848951,21869653,0.01346468,25.37032911,0
1505848951,21869651,0.01346473,164.01700000,1
1505848950,21869650,0.01346475,135.40702931,1
1505848944,21869632,0.01351995,1.25447000,1
1505848931,21869551,0.01352000,0.80721195,1
1505848913,21869501,0.01353870,1.00000000,1
1505848883,21869417,0.01352488,4.00047911,1
1505848881,21869400,0.01352490,30.33385600,0
1505848880,21869396,0.01352490,2.56612100,0
1505848880,21869395,0.01352490,1.00000000,0
1505848880,21869394,0.01352490,20.00000000,0
1505848880,21869393,0.01352490,2.10191300,0
1505848879,21869387,0.01352489,18.52274900,0
1505848878,21869384,0.01352489,2.56612200,0
1505848878,21869376,0.01352488,2.78435873,0
1505848877,21869364,0.01352488,3.09799421,0
1505848868,21869303,0.01352486,21.36985000,0
1505848866,21869289,0.01352000,4.59278805,1
1505848865,21869278,0.01352489,2.62005818,0
1505848862,21869253,0.01352490,17.60744573,1
1505848862,21869246,0.01352490,82.62697600,1
1505848861,21869240,0.01352490,62.71657827,1
1505848855,21869204,0.01352488,1.52047301,1
1505848855,21869201,0.01352491,3.56175653,1
1505848669,21868884,0.01364841,0.36542938,0
1505848459,21868431,0.01356585,1.55713170,0
1505848457,21868427,0.01361000,0.05743582,1
1505848457,21868424,0.01361000,2.12956418,1
1505848360,21868068,0.01361867,1.00000000,1
1505848312,21867891,0.01363695,6.70648372,0
1505848311,21867886,0.01363692,1.55425400,0
1505848308,21867877,0.01363695,5.15223000,0
1505848197,21867517,0.01361939,2.00750253,0
1505847513,21867072,0.01352049,30.01504354,1
1505847457,21867029,0.01352671,3.10286000,0
1505847438,21866981,0.01352671,4.60036982,1
1505847438,21866979,0.01352671,5.39963018,1
1505847437,21866977,0.01352764,1.48980617,0
1505847436,21866966,0.01352764,22.48990548,0
1505847205,21866744,0.01352702,1.47861900,1
1505847170,21866690,0.01357080,3.69796900,0
1505847169,21866689,0.01357080,0.40392000,1
1505847074,21866514,0.01363998,2.20439728,0
1505846609,21866170,0.01359999,22.37027924,0
1505844364,21864801,0.01364198,1.00000000,0
1505844188,21864632,0.01364195,7.28727930,0
1505844136,21864596,0.01364103,24.20638324,0
1505843522,21864136,0.01355363,31.49366254,1
1505843457,21864122,0.01358999,17.97936100,0
1505843448,21864119,0.01358997,26.80164554,0
1505843414,21864102,0.01360987,4.69201700,0
1505843220,21863828,0.01355221,15.00000000,1
1505842893,21863582,0.01352000,49.44655254,0
1505842893,21863581,0.01352000,1.51593600,0
1505842893,21863580,0.01352000,82.86775000,0
1505842893,21863579,0.01352000,116.00000000,0
1505842892,21863578,0.01352199,0.82527569,1
1505842892,21863577,0.01353000,0.54130177,1
1505842892,21863576,0.01353000,30.45092329,0
1505842891,21863575,0.01355108,1.00000000,1
1505842891,21863574,0.01355111,0.41923508,1
1505842891,21863573,0.01355111,9.21458000,0
1505842890,21863572,0.01362151,28.99100000,1
1505842890,21863571,0.01362154,2.09344563,1
1505842889,21863570,0.01362155,176.63400000,1
1505842814,21863503,0.01359583,39.22538163,0
1505842813,21863502,0.01359583,129.10700000,0
1505842813,21863499,0.01359583,5.58617698,0
1505842812,21863496,0.01359583,26.08144139,1
1505842473,21863290,0.01355000,37.15606754,0
1505842473,21863289,0.01358000,116.00000000,1
1505842473,21863288,0.01360423,7.24434900,1
1505842472,21863287,0.01360569,14.56000000,1
1505842472,21863285,0.01361880,1.00000000,1
1505842470,21863284,0.01367889,6.27482558,1
1505842451,21863228,0.01367877,5.38777885,0
1505841091,21862275,0.01370010,1.00000000,1
1505841085,21862259,0.01370011,10.80000000,1
1505841057,21862219,0.01372000,2.31639869,0
1505841051,21862209,0.01370650,2.37700600,0
1505841051,21862208,0.01370170,3.53644000,0
1505841047,21862201,0.01372000,14.69007362,1
1505841028,21862184,0.01370000,14.28806121,1
1505838824,21860813,0.01362998,1.99280776,0
1505838078,21860322,0.01366948,1.46135917,0
1505837993,21860283,0.01367000,51.87084930,1
1505837993,21860282,0.01367000,125.00000000,0
1505837991,21860281,0.01366998,15.29067875,0
1505837216,21859890,0.01366419,9.99920000,1
1505837069,21859829,0.01366375,50.00000000,1
1505837002,21859715,0.01366337,0.00000042,0
1505836998,21859708,0.01366337,14.70962100,0
1505836930,21859662,0.01366308,31.49000000,1
1505836878,21859621,0.01373999,5.30000000,0
1505836335,21859183,0.01370000,0.61122605,0
1505836220,21859031,0.01366720,30.67090967,1
1505836186,21859003,0.01373993,0.41891262,0
1505834328,21857776,0.01372982,8.17639634,1
1505834327,21857775,0.01372982,3.89510762,0
1505834294,21857748,0.01365521,1.97031239,1
1505833882,21857370,0.01365367,1.09999500,1
1505833559,21857187,0.01370972,15.82668113,0
1505833098,21856782,0.01369989,0.45921125,0
1505830858,21854793,0.01369243,20.18100000,1
1505830630,21854611,0.01372995,14.43936150,0
1505830098,21853974,0.01371989,14.06375000,0
1505829855,21853730,0.01353002,174.45958123,1
1505829855,21853729,0.01353002,4.79999990,0
1505829855,21853726,0.01355858,7.66895905,1
1505829854,21853723,0.01360090,1.00000000,1
1505829854,21853722,0.01360097,164.72800000,1
1505829854,21853718,0.01368981,28.50311150,1
1505829852,21853711,0.01369998,18.52636574,1
1505829788,21853549,0.01369998,18.46684700,1
1505829730,21853500,0.01370398,5.82490000,1
1505829401,21853007,0.01377000,67.37860431,0
1505829398,21853002,0.01377000,40.20853982,0
1505829398,21852999,0.01377000,88.71827587,1
1505829397,21852998,0.01377000,4.52313000,1
1505829396,21852997,0.01377000,4.52313000,1
1505829392,21852980,0.01377000,21.86216413,1
1505829387,21852968,0.01377001,1.97873000,1
1505829386,21852967,0.01377000,2.37330000,1
1505829385,21852962,0.01376000,5.86699128,1
1505829334,21852874,0.01372990,2.54578100,0
1505829334,21852871,0.01369999,12.07129418,0
1505829331,21852866,0.01369999,0.65761313,0
1505829094,21852672,0.01370839,2.99055104,0
1505828172,21852021,0.01384023,8.85068869,1
1505828170,21852012,0.01384021,0.94597556,1
1505828170,21852010,0.01384022,15.02271278,1
1505828040,21851862,0.01385000,3.19370000,1
1505828036,21851856,0.01385000,2.00000000,1
1505828029,21851828,0.01385000,68.12438485,1
1505828027,21851821,0.01385000,1.00038300,1
1505828027,21851820,0.01383000,0.00140000,0
1505828023,21851816,0.01385000,2.00000000,1
1505827991,21851782,0.01394000,6.11120136,0
1505827990,21851781,0.01396339,5.60492334,0
1505827990,21851780,0.01381999,0.68313901,0
1505827989,21851779,0.01381999,0.13848638,0
1505827989,21851778,0.01381651,0.86000000,0
1505827989,21851777,0.01380917,4.10812696,0
1505827989,21851776,0.01379000,0.32144901,0
1505827989,21851774,0.01379000,0.17686099,0
1505827829,21851658,0.01373020,1.00000000,1
1505827817,21851648,0.01373020,1.00000000,1
1505827806,21851642,0.01373020,1.00000000,1
1505827795,21851609,0.01373020,50.00000000,1
1505827783,21851598,0.01373020,50.00000000,1
1505827772,21851576,0.01373017,40.80457507,1
1505827772,21851575,0.01373019,9.19542493,1
1505827744,21851546,0.01372001,0.40999992,0
1505827649,21851472,0.01370051,1.00000000,1
1505827645,21851469,0.01372000,1.81153900,0
1505827627,21851447,0.01372000,0.73230012,1
1505827622,21851436,0.01372001,1.52595600,0
1505827615,21851430,0.01372001,1.51333708,0
1505827606,21851417,0.01372001,17.15070700,0
1505827598,21851406,0.01372319,1.00000000,0
1505827593,21851399,0.01370988,14.89000000,0
1505827593,21851398,0.01370987,9.55737902,0
1505827463,21851290,0.01360986,11.24848565,0
1505827463,21851289,0.01360986,29.31662095,0
1505827427,21851251,0.01353234,7.55055000,0
1505827426,21851249,0.01353234,0.23357142,0
1505827426,21851247,0.01353234,0.80642758,0
1505827420,21851244,0.01353234,1.02762700,0
1505827411,21851240,0.01353234,7.55040000,0
1505827404,21851232,0.01353234,0.81059000,0
1505827392,21851208,0.01353235,21.49093300,0
1505827312,21851073,0.01357978,1.00000000,0
1505827235,21851004,0.01357997,0.80673000,0
1505827212,21850986,0.01359997,0.80467000,0
1505827134,21850917,0.01359148,20.73298861,1
1505826587,21850404,0.01363003,5.21670000,0
1505825772,21849718,0.01357000,6.00871460,0
1505825180,21849308,0.01363996,0.17211999,0
1505825120,21849271,0.01365999,15.15369800,0
1505825108,21849264,0.01366000,177.70000000,0
1505824922,21849098,0.01370000,8.59535100,0
1505824840,21849044,0.01373000,0.57201354,0
1505824061,21848437,0.01380000,22.22542700,0
1505824020,21848336,0.01380000,4.00000000,0
1505824018,21848330,0.01380000,127.44715300,0
1505823578,21847678,0.01383862,14.88999970,1
1505823578,21847677,0.01384067,6.13308330,1
1505823471,21847575,0.01391978,9.62335100,1
1505823200,21847417,0.01383186,20.69000000,1
1505823191,21847414,0.01386440,1.00000000,1
1505823101,21847379,0.01386368,10.80000000,1
1505822692,21846942,0.01399998,1.00000000,0
1505822578,21846800,0.01399998,44.99171117,0
1505822578,21846799,0.01399998,0.99999454,1
1505822554,21846768,0.01399999,0.99999454,0
1505822554,21846766,0.01399185,0.00000546,0
1505822437,21846652,0.01396560,1.06162100,0
1505822437,21846650,0.01396360,8.50416000,0
1505822437,21846649,0.01396340,0.17038800,0
1505822436,21846646,0.01396340,3.92469200,0
1505822436,21846645,0.01395760,4.92654000,0
1505822425,21846625,0.01395360,2.43370000,0
1505822423,21846623,0.01397989,13.17842915,0
1505822422,21846618,0.01397986,72.59578352,1
1505822421,21846617,0.01397986,7.08667065,0
1505822401,21846575,0.01397995,6.00000000,0
1505822398,21846572,0.01399000,24.40699189,1
1505822398,21846571,0.01396574,0.59300811,0
1505822395,21846563,0.01397999,172.54700000,0
1505822395,21846562,0.01397998,0.32207882,0
1505822392,21846557,0.01386011,18.50633746,1
1505822392,21846556,0.01386014,31.49366254,1
1505822390,21846555,0.01394950,7.07526718,0
1505822390,21846554,0.01394998,0.38224282,1
1505822389,21846553,0.01397000,4.99226800,0
1505822388,21846550,0.01397000,6.21745000,1
1505822388,21846549,0.01397000,155.28158700,1
1505822387,21846548,0.01397001,7.70982000,1
1505822386,21846540,0.01397000,2.97530280,1
1505822325,21846452,0.01388280,13.97840000,0
1505822325,21846451,0.01388280,1.33549000,0
1505822322,21846449,0.01393000,42.94737616,0
1505822322,21846447,0.01392998,0.45415305,0
1505822322,21846446,0.01392000,1.78323133,1
1505822320,21846443,0.01392000,170.00000000,0
1505822290,21846399,0.01386790,4.24264000,0
1505822285,21846390,0.01388994,1.15602156,0
1505822284,21846388,0.01388994,1.15661748,0
1505822283,21846387,0.01388000,0.17197800,0
1505822283,21846386,0.01384440,0.00027446,0
1505822202,21846286,0.01384440,2.21043554,0
1505822199,21846282,0.01386001,10.34640000,1
1505822197,21846281,0.01385979,14.89000000,0
1505822197,21846280,0.01385973,0.43526625,0
1505822197,21846279,0.01384999,2.17633125,0
1505822195,21846276,0.01385000,17.22818467,0
1505822195,21846275,0.01384999,18.45149233,0
1505822128,21846232,0.01383998,3.19124800,0
1505822123,21846219,0.01383998,41.47959800,0
1505822088,21846202,0.01379000,133.76733734,0
1505822088,21846201,0.01378997,31.49366254,0
1505822088,21846200,0.01376390,0.00000012,0
1505821807,21846092,0.01373902,82.37335595,1
1505821807,21846091,0.01373903,6.51230772,1
1505821807,21846090,0.01373903,63.12233833,1
1505821807,21846089,0.01373905,7.99199800,1
1505821781,21846077,0.01376390,1.55054800,0
1505821779,21846076,0.01379988,1.54506188,1
1505821771,21846067,0.01373860,0.35000000,1
1505821676,21846020,0.01381993,7.83199800,0
1505821665,21846012,0.01379999,12.57825000,0
1505821661,21846008,0.01379999,1.00000000,0
1505821661,21846006,0.01379997,0.51000000,0
1505821587,21845918,0.01368209,32.78803383,1
1505821587,21845917,0.01368212,16.49366254,1
1505821587,21845916,0.01380000,0.71830363,1
1505821585,21845911,0.01380000,0.00452680,0
1505821561,21845885,0.01380000,0.99547320,0
1505821561,21845884,0.01377000,0.00452680,0
1505821531,21845799,0.01377000,3.63664968,0
1505821531,21845798,0.01377000,2.16615032,0
1505821493,21845700,0.01375000,15.00000000,1
1505821477,21845678,0.01368070,15.00000000,1
1505821467,21845668,0.01368052,13.57825000,1
1505821467,21845667,0.01377000,15.00000000,1
1505821467,21845666,0.01377001,2.91175000,1
1505821467,21845664,0.01377001,4.78095000,1
1505821455,21845652,0.01377000,1.00000000,1
1505821452,21845647,0.01377440,3.05133334,0
1505821452,21845646,0.01377436,165.61600000,0
1505821452,21845645,0.01377436,62.84266666,0
1505821452,21845643,0.01377433,31.49000000,0
1505821447,21845627,0.01379000,3.01538800,1
1505821447,21845622,0.01379000,3.62893704,1
1505821446,21845620,0.01379000,11.36222411,1
1505821412,21845600,0.01366000,34.57701586,1
1505821412,21845599,0.01366001,2.05256160,1
1505821412,21845598,0.01368009,10.26048639,1
1505821411,21845597,0.01368011,3.10993615,1
1505821403,21845587,0.01368009,2.75000000,1
1505821399,21845583,0.01368009,10.26000000,1
1505821387,21845577,0.01368003,37.58982368,1
1505821387,21845576,0.01368004,12.41017632,1
1505821374,21845568,0.01370000,50.00000000,1
1505821365,21845565,0.01367042,13.66000000,1
1505821356,21845560,0.01367040,47.19000000,1
1505821336,21845555,0.01367034,12.80000000,1
1505821327,21845550,0.01370002,12.80000000,1
1505821310,21845542,0.01370001,0.76000000,1
1505821271,21845525,0.01367025,2.90370800,1
1505821271,21845524,0.01367026,47.09629200,1
1505821262,21845513,0.01367026,17.05000000,1
1505821256,21845510,0.01371828,1.14357800,0
1505821248,21845494,0.01367017,0.80728000,0
1505821247,21845491,0.01371000,32.00000000,1
1505821241,21845484,0.01371825,142.00000000,0
1505821241,21845483,0.01368800,1.00000000,0
1505821241,21845482,0.01367007,0.80729000,1
1505821237,21845480,0.01368006,14.44000000,1
1505821234,21845473,0.01368000,0.80729000,1
1505821229,21845470,0.01367006,0.80729000,1
1505821222,21845468,0.01367006,0.80729000,1
1505821216,21845461,0.01367006,0.80729000,1
1505821212,21845455,0.01367001,0.80729000,0
1505821205,21845439,0.01367002,0.80729000,1
1505821189,21845419,0.01365147,6.60328105,1
1505821189,21845418,0.01365151,32.26338478,1
1505821189,21845417,0.01367001,11.13333417,1
1505821169,21845400,0.01370000,5.21892175,1
1505821168,21845397,0.01370001,0.80784000,1
1505821160,21845393,0.01370000,0.80813000,1
1505821156,21845392,0.01373000,8.80964774,1
1505821155,21845389,0.01372997,2.37994829,0
1505821155,21845388,0.01370919,11.89974143,0
1505821155,21845387,0.01370916,110.41700000,0
1505821155,21845386,0.01370913,31.49366254,0
1505821133,21845374,0.01365145,1.00000000,1
1505821123,21845371,0.01365143,0.80814000,1
1505821059,21845315,0.01365119,1.00000000,1
1505821013,21845285,0.01365095,1.00000000,1
1505820999,21845278,0.01365087,1.00000000,1
1505820992,21845273,0.01365083,0.80786000,1
1505820924,21845218,0.01365044,1.00000000,1
1505820917,21845211,0.01365041,1.00000000,1
1505820904,21845196,0.01365034,1.00000000,1
1505820890,21845186,0.01365027,1.00000000,1
1505820879,21845178,0.01365020,1.00000000,1
1505820870,21845172,0.01365016,1.00000000,1
1505820865,21845169,0.01365015,1.00000000,1
1505820840,21845146,0.01366001,0.58545552,1
1505820837,21845143,0.01366001,1.00000000,1
1505820826,21845134,0.01366000,49.75420200,1
1505820824,21845125,0.01366000,74.11335391,1
1505820824,21845124,0.01366002,2.85482255,1
1505820823,21845123,0.01366002,14.27762154,1
1505820820,21845078,0.01366001,5.18388800,1
1505820817,21845074,0.01366001,22.03539388,1
1505820817,21845073,0.01366006,27.96460612,1
1505820815,21845072,0.01368001,0.36000000,1
1505820814,21845071,0.01368000,0.73486325,1
1505820801,21845051,0.01360000,11.14000000,1
1505820799,21845048,0.01368000,1.00000000,1
1505820797,21845042,0.01368000,1.83384239,1
1505820796,21845041,0.01366996,3.34966053,0
1505820796,21845040,0.01366992,89.19600000,0
1505820795,21845039,0.01365000,25.47627036,0
1505820795,21845038,0.01365000,5.44158653,0
1505820792,21845036,0.01359052,0.81231000,1
1505820785,21845025,0.01359021,0.81232000,1
1505820766,21844985,0.01361001,0.80972635,1
1505820765,21844984,0.01361002,0.21032239,0
1505820764,21844983,0.01361002,0.78967761,1
1505820737,21844969,0.01364847,4.18140148,0
1505820734,21844962,0.01364847,11.92832773,1
1505820733,21844961,0.01364847,0.81261000,1
1505820733,21844960,0.01364846,4.57618280,0
1505820733,21844959,0.01363670,1.00000000,0
1505820721,21844953,0.01358027,0.81120000,1
1505820706,21844940,0.01363999,60.23034798,0
1505820687,21844912,0.01363999,104.67565202,0
1505820687,21844911,0.01362839,0.55528529,0
1505820687,21844910,0.01362838,62.95453269,0
1505820687,21844909,0.01356559,0.81453000,0
1505820683,21844897,0.01358863,1.00000000,0
1505820665,21844859,0.01356552,0.81453000,1
1505820645,21844792,0.01356550,0.81291861,1
1505820638,21844788,0.01362839,3.15151516,0
1505820638,21844787,0.01361964,1.00000000,0
1505820638,21844786,0.01360472,2.11957552,0
1505820638,21844785,0.01360472,7.88042448,0
1505820638,21844784,0.01357001,0.52580765,0
1505820636,21844783,0.01357001,0.47419235,0
1505820608,21844735,0.01357028,0.11611581,0
1505820607,21844734,0.01357029,0.69680419,1
1505820594,21844700,0.01357029,0.81293000,1
1505820561,21844658,0.01358000,0.00000531,0
1505820557,21844652,0.01358000,0.57999469,0
1505820540,21844625,0.01357000,9.70449374,0
1505820527,21844612,0.01352199,0.82528000,0
1505820486,21844517,0.01350130,22.08488900,0
1505820481,21844514,0.01351000,40.24660000,1
1505820481,21844512,0.01351001,12.59178864,1
1505820479,21844509,0.01351000,95.75340000,1
1505820477,21844501,0.01352000,3.10368000,1
1505820476,21844497,0.01352000,36.20990000,1
1505820476,21844496,0.01353000,1.00000000,1
1505820464,21844491,0.01351003,0.97478200,1
1505820457,21844480,0.01354000,13.62530651,1
1505820435,21844469,0.01350992,14.88946493,0
1505820416,21844460,0.01350992,14.89000000,0
1505820416,21844456,0.01350989,22.69111183,0
1505820248,21844369,0.01351724,3.18074700,0
1505819630,21844036,0.01351736,0.99707500,0
1505819590,21844023,0.01351736,1.00000000,0
1505819530,21843997,0.01350244,2.00000000,0
1505819524,21843991,0.01350244,2.00000000,0
1505819518,21843988,0.01351043,2.00000000,1
1505819513,21843987,0.01351043,2.00000000,1
1505819507,21843983,0.01351043,2.00000000,1
1505819502,21843975,0.01351042,2.00000000,1
1505819497,21843969,0.01351039,2.00000000,1
1505819492,21843959,0.01351039,2.00000000,1
1505819487,21843957,0.01351039,2.00000000,1
1505819483,21843948,0.01351039,2.00000000,1
1505819477,21843945,0.01351038,2.00000000,1
1505819472,21843940,0.01351035,2.00000000,1
1505819467,21843923,0.01351035,2.00000000,1
1505819461,21843913,0.01351034,2.00000000,1
1505819456,21843908,0.01351025,2.00000000,1
1505819452,21843895,0.01351025,2.00000000,1
1505819447,21843892,0.01351024,2.00000000,1
1505819443,21843879,0.01351023,2.00000000,1
1505819438,21843859,0.01351016,2.00000000,1
1505819412,21843830,0.01350223,2.00000000,0
1505819405,21843822,0.01351000,2.00000000,1
1505819399,21843810,0.01351000,2.00000000,1
1505819391,21843804,0.01350001,7.75436000,1
1505819390,21843803,0.01350004,2.00000000,1
1505819382,21843796,0.01350235,2.00000000,0
1505819377,21843791,0.01351027,2.00000000,1
1505819368,21843785,0.01351024,2.00000000,1
1505819363,21843784,0.01351023,2.00000000,1
1505819358,21843781,0.01351023,2.00000000,1
1505819352,21843779,0.01351021,2.00000000,1
1505819346,21843776,0.01351016,2.00000000,1
1505819341,21843770,0.01351016,2.00000000,1
1505819336,21843748,0.01351015,2.00000000,1
1505819330,21843717,0.01351012,0.37887146,1
1505819316,21843696,0.01354881,3.02934353,0
1505819310,21843689,0.01351735,1.00000000,0
1505819236,21843634,0.01351736,1.00000000,0
1505819080,21843493,0.01351614,20.00000000,0
1505818013,21841863,0.01348000,2.49999500,1
1505817951,21841682,0.01347002,2.11957552,1
1505817951,21841681,0.01347002,7.88042448,1
1505817951,21841680,0.01347014,10.35000000,1
1505817941,21841644,0.01348001,1.09999500,1
1505817559,21841293,0.01350359,0.85000000,0
1505817449,21841223,0.01346000,4.00289971,1
1505816546,21840454,0.01344000,3.40226351,1
1505816545,21840452,0.01344002,0.95205470,1
1505816319,21840236,0.01344000,4.84203256,1
1505816317,21840231,0.01344001,3.15796744,1
1505815283,21839360,0.01343000,7.68474251,1
1505815282,21839359,0.01343001,0.95276431,1
1505815039,21839083,0.01346007,4.35740200,1
1505814988,21839058,0.01346007,5.64259800,1
1505814067,21838303,0.01344004,1.75870000,1
1505814066,21838299,0.01345001,7.79891043,1
1505814026,21838258,0.01346000,1.47834300,1
1505814007,21838238,0.01347000,2.04597700,1
1505813813,21838142,0.01351736,0.28041866,0
1505813735,21838097,0.01348080,1.84110100,1
1505813723,21838089,0.01348076,1.85579800,1
1505813722,21838087,0.01348076,6.78987500,1
1505813689,21838066,0.01351736,0.73794439,0
1505813567,21837902,0.01348029,28.08746600,1
1505813169,21837481,0.01351736,0.99999997,0
1505813169,21837480,0.01351735,9.59145703,0
1505813145,21837468,0.01351459,1.30286500,0
1505813145,21837467,0.01351459,1.09999500,0
1505813145,21837466,0.01351459,0.43451000,0
1505813144,21837465,0.01351459,1.07984000,0
1505812849,21837344,0.01347003,1.80625187,1
1505812612,21837155,0.01345001,1.48705900,1
1505812602,21837148,0.01345001,7.76779900,1
1505812600,21837147,0.01345000,3.01838700,0
1505812598,21837144,0.01345000,46.88160800,1
1505812586,21837132,0.01344005,2.78727200,0
1505812586,21837131,0.01344005,1.01235900,0
1505812583,21837124,0.01344005,3.96816800,0
1505812573,21837107,0.01345021,4.97453572,1
1505812572,21837103,0.01345021,9.91493077,1
1505812572,21837101,0.01345026,4.97443825,1
1505812571,21837096,0.01345027,5.44773964,1
1505812570,21837094,0.01345026,11.73550029,1
1505812569,21837093,0.01345027,1.30770000,0
1505812566,21837088,0.01345027,3.96772186,0
1505812561,21837081,0.01345012,5.44836045,0
1505812548,21837065,0.01345001,12.40380714,1
1505810569,21835391,0.01346961,1.00000000,0
1505810365,21835290,0.01342035,19.99644674,1
1505810365,21835289,0.01347000,0.00000026,1
1505809634,21834568,0.01347000,4.77816900,1
1505809539,21834522,0.01347000,1.56337700,1
1505809463,21834422,0.01350911,1.29038675,0
1505809463,21834420,0.01350911,47.65893349,0
1505809462,21834417,0.01350910,18.09016576,0
1505809462,21834412,0.01350910,3.63377121,0
1505809461,21834402,0.01349297,5.95803411,0
1505809460,21834398,0.01349297,5.27196589,0
1505809409,21834313,0.01347000,3.57024000,1
1505809408,21834312,0.01347000,1.90207000,1
1505809333,21834260,0.01343116,9.86525988,1
1505808982,21834024,0.01342555,1.00000000,1
1505808971,21834017,0.01342556,62.85858021,1
1505808950,21834007,0.01341190,6.32915412,1
1505808912,21833947,0.01348999,32.04846152,0
1505808911,21833944,0.01348999,8.74175345,0
1505808872,21833816,0.01349945,0.15430850,0
1505808850,21833806,0.01346744,1.00000000,0
1505808229,21833313,0.01346849,6.34713171,0
1505807707,21832939,0.01342935,0.44416000,0
1505807520,21832758,0.01335357,7.03450164,0
1505807516,21832754,0.01335360,15.79140157,1
1505807313,21832385,0.01343941,5.93530521,0
1505807312,21832384,0.01343941,1.87448704,0
1505807310,21832381,0.01343940,44.64900402,0
1505807310,21832380,0.01343899,0.56257892,0
1505807309,21832377,0.01343896,27.73219733,0
1505807230,21832262,0.01338387,0.01116031,1
1505807229,21832261,0.01338405,1.87850369,1
1505807225,21832256,0.01338405,0.98884000,1
1505807218,21832222,0.01338405,7.13265631,1
1505807218,21832221,0.01338413,1.30476480,1
1505807218,21832220,0.01339002,1.07730689,1
1505807217,21832218,0.01339002,0.22688397,1
1505807217,21832216,0.01339003,0.56257892,1
1505807216,21832214,0.01344000,0.51472811,1
1505806830,21831401,0.01342868,0.68222986,1
1505806560,21831197,0.01341000,43.63334296,0
1505806560,21831196,0.01341009,11.00000000,1
1505806560,21831195,0.01341009,1.66895000,0
1505806559,21831194,0.01341010,1.30223799,1
1505806559,21831193,0.01341010,1.22623300,0
1505806559,21831192,0.01341012,1.30223605,1
1505806558,21831191,0.01341013,39.86700000,1
1505806323,21831094,0.01341008,1.78964974,1
1505806174,21831008,0.01348392,20.20874559,1
1505806170,21831003,0.01348392,1.79125441,1
1505806167,21830995,0.01340497,21.10659083,0
1505806166,21830993,0.01343011,0.56000000,1
1505805854,21830720,0.01345710,1.00000000,1
1505805822,21830658,0.01348000,1.52969539,1
1505805690,21830600,0.01345710,1.00000000,1
1505805687,21830593,0.01343011,9.44000000,1
1505805686,21830592,0.01345000,0.56000000,1
1505805680,21830586,0.01346246,1.00000000,1
1505805667,21830573,0.01346246,1.00000000,1
1505805453,21830445,0.01346246,1.00000000,1
1505805396,21830406,0.01348910,1.00000000,0
1505805376,21830400,0.01348922,1.00000000,0
1505805368,21830394,0.01348930,1.00000000,0
1505805361,21830388,0.01348930,1.00000000,0
1505805357,21830387,0.01348930,1.00000000,0
1505805345,21830353,0.01348930,1.00000000,0
1505805336,21830348,0.01348930,1.00000000,0
1505805309,21830327,0.01348921,1.00000000,1
1505805267,21830279,0.01348964,1.00000000,1
1505805257,21830270,0.01348949,1.00000000,0
1505805188,21830208,0.01346246,1.00000000,1
1505805116,21830095,0.01346246,1.00000000,1
1505805090,21830036,0.01346246,1.00000000,1
1505805002,21829953,0.01346251,1.29634073,1
1505804916,21829888,0.01349248,24.51261741,1
1505804870,21829785,0.01349250,4.99959237,1
1505804788,21829729,0.01357862,1.82993000,0
1505804691,21829643,0.01357927,8.99966200,0
1505804011,21828764,0.01346015,9.36958355,1
1505803842,21828501,0.01350919,0.26812000,0
1505803654,21828291,0.01344224,19.71829100,1
1505803653,21828289,0.01344227,21.32735022,1
1505803642,21828278,0.01350001,1.60922300,1
1505803501,21828002,0.01347001,3.70378100,1
1505803361,21827707,0.01347944,20.78330400,1
1505803360,21827704,0.01347936,10.61742200,0
1505803345,21827683,0.01345808,0.11000000,0
1505803330,21827630,0.01345808,0.89000000,0
1505803315,21827591,0.01345806,0.88000000,0
1505803300,21827563,0.01345817,1.00000000,0
1505803289,21827546,0.01345821,5.00035294,0
1505803263,21827487,0.01340000,0.69045377,1
1505803263,21827486,0.01340000,3.30954623,1
1505803262,21827485,0.01340196,0.69045392,1
1505803185,21827225,0.01340753,1.00000000,1
1505803179,21827201,0.01345968,1.00000000,0
1505803115,21827049,0.01349965,0.83000000,0
1505803070,21826891,0.01347015,2.74188297,0
1505801467,21825755,0.01339948,1.00000000,0
1505801451,21825746,0.01339945,1.00000000,0
1505801338,21825668,0.01337003,1.00000000,1
1505801327,21825667,0.01337003,24.20399568,1
1505801327,21825666,0.01339021,0.00000032,1
1505801327,21825665,0.01339736,1.00000000,1
1505801306,21825637,0.01339021,1.50544600,1
1505801277,21825586,0.01345271,1.00000000,1
1505801256,21825552,0.01344472,1.00000000,1
1505801227,21825505,0.01344585,1.00000000,1
1505801220,21825489,0.01350973,1.00000000,0
1505801213,21825478,0.01350977,1.00000000,0
1505801205,21825474,0.01350975,1.00000000,0
1505801189,21825452,0.01351008,1.00000000,0
1505801188,21825446,0.01349230,1.00000000,1
1505800998,21825117,0.01353478,1.56829665,0
1505800991,21825083,0.01353478,1.89151700,0
1505800990,21825082,0.01353478,1.23138200,0
1505800973,21825063,0.01353000,3.34468962,1
1505800971,21825059,0.01353000,1.00000000,1
1505800919,21824940,0.01351048,1.00000000,0
1505800719,21824589,0.01342002,11.12741471,0
1505800718,21824588,0.01342002,14.30700000,0
1505800718,21824586,0.01342002,0.55664367,1
1505800606,21824232,0.01338969,7.25372500,0
1505800601,21824218,0.01338968,1.00000000,0
1505800567,21824134,0.01333311,1.00000000,1
1505800555,21824116,0.01333311,1.00000000,1
1505800543,21824090,0.01333311,1.00000000,1
1505800504,21824023,0.01333311,1.00000000,1
1505800491,21824013,0.01333311,1.00000000,1
1505800481,21824003,0.01333311,0.00064425,1
1505800480,21824000,0.01333311,0.99935575,1
1505800480,21823999,0.01333330,0.00064425,1
1505800476,21823988,0.01333330,3.79935575,1
1505800469,21823975,0.01333310,1.00000000,1
1505800452,21823942,0.01330001,1.51565600,1
1505800434,21823898,0.01333311,1.00000000,1
1505800415,21823847,0.01331733,1.50147891,0
1505800409,21823836,0.01330259,4.10187900,1
1505800405,21823826,0.01331730,2.07941351,1
1505800401,21823810,0.01333311,1.00000000,1
1505800395,21823797,0.01334754,0.99000000,0
1505800370,21823765,0.01334760,2.00000000,0
1505800357,21823733,0.01330262,5.21145392,0
1505800356,21823732,0.01334540,3.97150000,1
1505800356,21823731,0.01334551,0.13037908,1
1505800354,21823727,0.01334764,1.74232400,1
1505800352,21823724,0.01334764,2.35955462,1
1505800352,21823723,0.01335455,1.00000000,1
1505800352,21823722,0.01335456,1.74232438,1
1505800296,21823681,0.01334551,1.61312682,1
1505800239,21823576,0.01339815,1.00000000,1
1505800233,21823571,0.01340381,1.00000000,1
1505800214,21823558,0.01347949,7.31333307,0
1505800209,21823548,0.01340374,5.39917255,1
1505800209,21823547,0.01340387,1.00000000,1
1505800209,21823546,0.01340797,2.00305475,1
1505800209,21823545,0.01340806,2.00304131,1
1505800193,21823526,0.01347980,0.81344000,0
1505800090,21823397,0.01348938,0.81316000,0
1505800074,21823384,0.01339795,40.30439809,1
1505800069,21823354,0.01343261,0.93317068,1
1505800069,21823352,0.01348737,0.00000033,1
1505800066,21823335,0.01348950,1.00000000,0
1505800032,21823315,0.01348964,0.81264000,0
1505800022,21823299,0.01348964,1.00000000,0
1505800018,21823289,0.01348966,6.76162385,0
1505800016,21823281,0.01348968,77.48212000,0
1505800016,21823279,0.01348967,13.52514800,0
1505800013,21823273,0.01348969,1.00000000,0
1505800008,21823264,0.01348976,2.35251800,0
1505799999,21823250,0.01348988,1.00000000,0
1505799968,21823219,0.01348737,1.00000000,1
1505799962,21823213,0.01349130,1.21044592,1
1505799958,21823204,0.01348737,2.55219967,1
1505799958,21823202,0.01349212,1.00000000,1
1505799958,21823200,0.01350010,0.00000033,1
1505799953,21823184,0.01350010,2.41381600,1
1505799935,21823149,0.01350010,2.13838321,1
1505799935,21823146,0.01350011,2.41381679,1
1505799912,21823119,0.01350010,1.37688946,1
1505799912,21823118,0.01350011,4.81668054,1
1505799908,21823110,0.01350010,4.55220000,1
1505799904,21823099,0.01350010,5.22923000,1
1505799902,21823098,0.01350010,54.28948100,1
1505799900,21823094,0.01350101,9.61015493,1
1505799900,21823093,0.01351000,0.87113387,1
1505799885,21823075,0.01351000,9.12886613,1
1505799885,21823074,0.01351000,7.64671644,1
1505799885,21823073,0.01351001,3.15641743,1
1505799860,21823018,0.01351000,6.29817100,1
1505799858,21823015,0.01351000,11.05511256,1
1505799858,21823014,0.01351001,0.62964744,1
1505799858,21823013,0.01351001,5.66851900,1
1505799827,21822990,0.01351001,12.56636400,1
1505799414,21822279,0.01354001,3.52514300,1
1505799088,21821905,0.01354220,1.00000000,1
1505799061,21821827,0.01358910,12.67804175,1
1505799060,21821823,0.01358910,7.31743825,1
1505799059,21821819,0.01361000,0.00000009,1
1505798956,21821731,0.01361000,9.99999991,1
1505798956,21821730,0.01361003,10.94947209,1
1505798890,21821701,0.01361004,10.00000000,1
1505798575,21821359,0.01361006,2.19524740,0
1505798235,21820866,0.01368694,6.40950716,0
1505797823,21820516,0.01365974,28.43315601,0
1505797823,21820515,0.01365973,1.09933140,0
1505797823,21820514,0.01365973,1.85765443,0
1505797811,21820508,0.01365977,1.23700814,0
1505797773,21820488,0.01366972,1.23611136,0
1505797621,21820343,0.01368985,1.23559013,0
1505797563,21820319,0.01371372,0.54701989,0
1505797475,21820281,0.01371501,1.22049747,0
1505797301,21820135,0.01371765,1.27096979,0
1505797043,21819950,0.01370224,1.00000000,0
1505797027,21819924,0.01370730,0.00933745,1
1505797026,21819923,0.01370730,0.86000000,1
1505796941,21819865,0.01373763,0.21287688,0
1505796870,21819814,0.01373856,0.21245878,0
1505796817,21819666,0.01370731,0.56775198,1
1505796817,21819663,0.01370731,8.09752420,1
1505796811,21819642,0.01374392,7.41183784,0
1505796807,21819610,0.01374399,0.86657898,0
1505796781,21819497,0.01370731,0.87000000,0
1505796781,21819496,0.01370731,1.78000000,0
1505796779,21819494,0.01370731,0.86875581,0
1505796773,21819475,0.01370731,0.86940944,0
1505796770,21819469,0.01370731,1.55121610,0
1505796741,21819305,0.01370730,0.86824742,0
1505796731,21819249,0.01370731,0.23494775,0
1505796466,21818702,0.01367479,1.81937746,0
1505796447,21818677,0.01366433,1.12887900,0
1505796177,21818419,0.01366434,6.78214752,0
1505795755,21818143,0.01368534,1.69009027,0
1505794853,21817668,0.01361024,1.06883506,1
1505793746,21817139,0.01358910,0.00452000,1
1505793746,21817138,0.01359332,6.45107000,1
1505793583,21816989,0.01359332,1.70000000,1
1505793147,21816869,0.01359332,1.84893000,1
1505792293,21816606,0.01365000,1.00000000,1
1505791410,21816310,0.01366159,1.12888400,1
1505791396,21816294,0.01366150,27.87246440,1
1505789895,21815420,0.01376543,5.79716653,0
1505789217,21815095,0.01372054,1.09999500,1
1505788198,21814308,0.01378981,2.99264030,0
1505788193,21814278,0.01378984,12.21756074,0
1505788193,21814273,0.01378983,2.91579523,0
1505785233,21812312,0.01373081,1.10000000,1
1505785036,21812177,0.01388400,0.30875479,1
1505785036,21812175,0.01388400,1.04286161,1
1505784693,21811940,0.01381947,10.99785568,0
1505784309,21811663,0.01384334,2.36752990,0
1505784298,21811650,0.01375044,6.89742721,1
1505784268,21811601,0.01378029,6.46183346,0
1505784265,21811596,0.01378029,22.98431004,1
1505784204,21811509,0.01386406,6.89742721,1
1505784085,21810953,0.01379441,3.00000000,0
1505783233,21810388,0.01379891,25.13314457,0
1505782695,21809882,0.01377047,152.47100000,1
1505782695,21809881,0.01377048,161.52900000,1
1505782595,21809825,0.01377019,10.00000000,1
1505782441,21809708,0.01380014,27.99900000,1
1505782052,21809043,0.01380059,1.42128300,1
1505782051,21809037,0.01380058,2.72700700,1
1505782046,21809021,0.01380057,11.72978200,0
1505782043,21809014,0.01380057,0.00000013,0
1505782036,21808990,0.01380057,23.19651300,0
1505782033,21808972,0.01380057,5.44141559,1
1505782027,21808929,0.01380055,9.02500500,1
1505782026,21808920,0.01380056,32.26829641,1
1505782026,21808918,0.01380058,10.22169859,1
1505781967,21808725,0.01382784,1.10415500,0
1505781864,21808607,0.01377004,0.16666927,1
1505781859,21808606,0.01377002,0.19432618,1
1505781854,21808600,0.01377000,0.22707762,1
1505781849,21808597,0.01377003,0.26492409,1
1505781844,21808595,0.01377000,0.30859289,1
1505781839,21808591,0.01377001,0.35953984,1
1505781834,21808589,0.01377001,0.41994835,1
1505781829,21808587,0.01377004,0.48999675,1
1505781823,21808584,0.01376001,0.18244392,1
1505781823,21808583,0.01376001,0.38836954,1
1505781817,21808579,0.01376001,0.66619172,1
1505781810,21808573,0.01377000,0.77685964,1
1505781804,21808570,0.01377003,0.90540058,1
1505781713,21808505,0.01376015,0.00113974,0
1505781713,21808502,0.01376015,1.05456699,0
1505781710,21808496,0.01376015,0.89429327,0
1505781710,21808495,0.01374528,1.05570673,0
1505781702,21808490,0.01376000,1.23190055,1
1505781696,21808485,0.01376020,13.05000000,1
1505781688,21808473,0.01376019,1.43648923,1
1505781676,21808459,0.01376016,1.43649971,1
1505781671,21808454,0.01375271,1.67529982,0
1505781664,21808446,0.01376018,1.96580018,1
1505781159,21807840,0.01375008,9.99900000,1
1505781078,21807803,0.01375044,3.89400000,1
1505780459,21807270,0.01377064,1.08000000,1
1505779760,21806709,0.01386998,12.02673899,0
1505779760,21806707,0.01384988,23.64666101,0
1505779754,21806699,0.01384988,9.02708182,0
1505779750,21806694,0.01384988,2.93583771,0
1505779746,21806674,0.01384988,1.45141946,0
1505779721,21806597,0.01384991,5.48698185,0
1505779720,21806593,0.01384991,17.59756186,0
1505779643,21806500,0.01385996,1.45108539,0
1505779590,21806457,0.01386996,78.52497156,0
1505779586,21806436,0.01386996,3.60454997,0
1505779583,21806423,0.01386997,4.27685960,0
1505779537,21806333,0.01385997,23.24709216,0
1505779532,21806326,0.01385997,8.81192383,0
1505779532,21806325,0.01385997,61.67042483,0
1505779529,21806318,0.01385997,10.52989292,0
1505779527,21806307,0.01385997,17.61122138,0
1505779512,21806274,0.01385997,1.44192231,0
1505779510,21806268,0.01385997,14.70540586,0
1505779509,21806266,0.01379078,30.18681000,1
1505779440,21806207,0.01379019,0.17091126,1
1505779384,21806086,0.01378007,0.16369821,1
1505779379,21806080,0.01378005,0.19134516,1
1505779374,21806066,0.01378004,0.22335728,1
1505779368,21806059,0.01378003,0.26046261,1
1505779363,21806033,0.01377002,0.30360891,1
1505779362,21806019,0.01383649,127.29653817,0
1505779361,21806015,0.01383650,3.42561404,0
1505779358,21805998,0.01376003,0.35384429,1
1505779352,21805986,0.01376018,0.41281894,1
1505779349,21805976,0.01383653,8.72660992,0
1505779347,21805970,0.01376015,0.48125876,1
1505779341,21805939,0.01376011,0.56134844,1
1505779335,21805893,0.01376000,0.65454199,1
1505779317,21805747,0.01382998,55.58391800,1
1505779316,21805738,0.01382998,2.89621664,0
1505779315,21805737,0.01382074,1.00000000,0
1505779315,21805736,0.01379995,46.94124514,0
1505779314,21805732,0.01379995,5.38922590,0
1505779311,21805721,0.01379995,52.87084371,0
1505779303,21805679,0.01379995,53.12968525,0
