date,tid,price,amount,type
1505865610,21884410,44.20,1.88268500,0
1505865606,21884402,44.16,12.16014500,0
1505865604,21884396,44.16,1.59079000,0
1505865604,21884393,44.16,5.52381000,0
1505865603,21884389,44.16,5.62518000,0
1505865598,21884377,44.20,7.06840000,0
1505865537,21884276,44.15,5.40503700,0
1505865513,21884263,44.15,5.40501100,0
1505865496,21884247,44.17,1.19578050,1
1505865434,21884217,44.23,0.56250000,0
1505865384,21884194,44.18,1.09987076,1
1505865380,21884192,44.19,5.63258655,0
1505865376,21884185,44.18,1.09989838,1
1505864419,21883852,44.38,1.00000000,1
1505864400,21883848,44.40,1.00000000,1
1505864400,21883847,44.40,0.78695192,1
1505864400,21883846,44.40,1.00000000,1
1505864246,21883764,44.59,6.00023000,0
1505864117,21883695,44.58,2.23777479,0
1505864044,21883662,44.58,2.23755047,0
1505863583,21883482,44.49,96.60499800,1
1505863581,21883481,44.49,0.71284200,1
1505863510,21883437,44.50,5.90000000,1
1505863465,21883430,44.51,12.23141500,1
1505863465,21883429,44.52,4.61000000,1
1505863449,21883425,44.57,4.79000000,1
1505863448,21883420,44.57,2.79458500,1
1505863340,21883311,44.50,11.05700000,1
1505863332,21883284,44.50,10.03803800,1
1505863284,21883239,44.49,43.10000000,1
1505863284,21883238,44.49,9.37725600,1
1505863209,21883110,44.54,4.62000000,1
1505863178,21883075,44.50,3.13363000,1
1505863177,21883072,44.50,1.65446000,1
1505863176,21883070,44.51,12.95670000,1
1505863075,21882971,44.40,0.38000000,1
1505862979,21882867,44.42,5.69281800,1
1505862979,21882866,44.42,0.28859100,1
1505862972,21882854,44.42,5.98140900,1
1505862961,21882846,44.42,4.98140900,1
1505862961,21882845,44.42,1.00000000,1
1505862419,21882443,44.65,0.11354983,0
1505861102,21881710,44.51,2.10445810,0
1505861100,21881709,44.50,8.80201529,0
1505861100,21881708,44.50,10.93098471,0
1505860998,21881669,44.52,12.32300090,0
1505860605,21881514,44.42,10.11838848,0
1505860580,21881511,44.40,4.45315315,0
1505860459,21881473,44.43,2.24532973,0
1505860359,21881411,44.36,10.77096483,0
1505860331,21881404,44.29,2.25242718,0
1505860140,21881250,44.39,1.57873394,1
1505860139,21881249,44.37,0.66896153,0
1505859569,21880888,44.37,5.00023000,0
1505859490,21880858,44.02,2.99498747,1
1505859489,21880857,44.13,2.00501253,1
1505859082,21880671,44.01,17.60000000,1
1505859082,21880669,44.02,36.00000000,1
1505859082,21880667,44.03,18.40000000,1
1505859072,21880651,44.03,16.27000000,1
1505859072,21880648,44.04,4.06000000,1
1505858784,21880504,44.20,0.20000000,0
1505858743,21880461,44.29,0.20000000,1
1505858626,21880397,44.42,2.39683992,1
1505858624,21880395,44.42,0.15673000,1
1505858544,21880374,44.49,2.00864000,0
1505858505,21880333,44.42,0.44508000,1
1505858504,21880332,44.44,0.70000000,1
1505858504,21880331,44.45,1.00000000,1
1505857914,21880073,44.63,0.54023000,1
1505857913,21880072,44.63,5.46000000,0
1505857837,21880038,44.60,1.84972629,0
1505857837,21880037,44.70,15.95295881,1
1505857835,21880036,44.69,1.35000000,0
1505857835,21880035,44.65,48.61628700,0
1505857835,21880034,44.61,6.75000000,0
1505857718,21879913,44.62,0.26307114,0
1505857269,21879623,44.53,3.42300000,0
1505857047,21879417,44.70,1.00402685,0
1505856901,21879212,44.61,1.24074000,0
1505856880,21879195,44.69,2.23763706,1
1505856638,21879066,44.62,2.68000000,0
1505856518,21878997,44.73,21.10738300,1
1505856518,21878996,44.73,50.00000000,1
1505856206,21878789,44.97,1.55281299,0
1505855799,21878508,45.05,3.66862000,0
1505855792,21878500,45.05,1.48515000,0
1505855787,21878494,45.05,1.67661000,0
1505855764,21878473,45.05,1.28793744,0
1505855732,21878454,45.05,0.20000000,0
1505855699,21878441,45.05,1.62751000,0
1505855652,21878421,45.05,2.01179000,0
1505855632,21878412,45.00,6.10000000,1
1505855631,21878411,45.00,0.90000000,1
1505855611,21878395,44.85,10.00000000,0
1505855493,21878320,44.73,28.89261700,1
1505855304,21878195,44.61,72.67858527,1
1505855304,21878194,44.62,12.20000000,1
1505855233,21878099,44.62,1.51338000,1
1505855233,21878098,44.62,1.36000000,1
1505855154,21878042,44.61,21.54610000,1
1505855132,21877951,44.43,4.91058000,1
1505855114,21877910,44.52,0.01050000,0
1505855113,21877908,44.61,15.00000000,1
1505855073,21877878,44.42,0.00135008,0
1505855012,21877750,44.46,1.92958992,1
1505854986,21877720,44.44,0.58041008,0
1505854983,21877717,44.44,0.31958992,0
1505854849,21877586,44.43,1.13113368,0
1505854821,21877539,44.30,2.77896706,1
1505854821,21877537,44.31,10.87297094,1
1505854821,21877535,44.31,6.32000000,1
1505854804,21877489,44.38,6.95737800,1
1505854804,21877488,44.38,6.64685700,1
1505854802,21877482,44.36,6.32000000,0
1505854801,21877477,44.21,0.00072800,0
1505854732,21877421,44.25,1.03485200,1
1505854732,21877420,44.25,3.80747000,1
1505854694,21877366,44.41,0.17000000,0
1505854477,21877208,44.25,10.15767800,1
1505854400,21877132,44.30,1.12545421,0
1505854330,21877011,44.23,16.75196000,1
1505854330,21877010,44.23,0.50104000,1
1505854273,21876954,44.23,17.66896000,1
1505854068,21876747,44.44,1.25652565,1
1505854068,21876746,44.43,1.79000000,0
1505854066,21876745,44.36,8.97000000,0
1505853856,21876476,44.07,0.02663323,0
1505853855,21876475,44.13,18.17000000,1
1505853855,21876474,44.13,19.92816677,1
1505853675,21876307,44.29,1.96223300,1
1505853604,21876211,44.44,9.77204100,1
1505853604,21876210,44.44,2.47882400,1
1505853602,21876207,44.44,7.96110100,1
1505853602,21876206,44.44,1.78803400,1
1505853538,21876153,44.45,5.92190800,1
1505853382,21876033,44.81,10.00000000,0
1505853347,21876020,44.73,0.22000000,0
1505853328,21876015,44.74,2.22954850,0
1505853313,21875996,44.76,1.84133780,0
1505853311,21875990,44.88,21.57197487,0
1505853311,21875989,44.78,23.98917500,0
1505853311,21875988,44.71,3.12885013,0
1505853311,21875986,45.08,17.87162287,1
1505853310,21875985,45.08,78.98165500,1
1505853310,21875983,45.08,24.31467400,1
1505853309,21875980,44.90,1.84709509,0
1505853309,21875978,44.89,1.65000000,1
1505853309,21875977,44.79,1.00000000,0
1505853308,21875976,44.71,18.39600000,1
1505853307,21875975,44.71,48.90000000,1
1505853307,21875974,44.71,1.65000000,0
1505853178,21875818,44.61,2.24231000,1
1505853177,21875814,44.61,6.16151000,1
1505853166,21875795,44.57,4.36491000,0
1505853164,21875793,44.62,0.90000000,1
1505853163,21875792,44.62,0.90000000,1
1505853154,21875780,44.63,0.00619000,1
1505853154,21875779,44.64,8.83859000,1
1505853153,21875778,44.64,6.16141000,1
1505853146,21875774,44.87,0.11098730,0
1505853143,21875773,44.63,0.81000000,1
1505853140,21875767,44.57,0.90000000,0
1505853120,21875717,44.54,0.00870000,1
1505853119,21875716,44.56,15.00000000,1
1505853118,21875713,44.55,0.00185000,1
1505853118,21875712,44.55,2.64000000,1
1505853108,21875705,44.53,19.56340000,1
1505853104,21875704,44.51,0.01570000,1
1505853104,21875703,44.52,22.40500000,1
1505853097,21875701,44.49,0.01207832,0
1505853034,21875627,44.55,17.02432168,1
1505853031,21875626,44.55,0.86348355,0
1505853026,21875619,44.55,1.00000000,0
1505853018,21875612,44.46,2.00000000,1
1505852996,21875554,44.40,18.17000000,0
1505852994,21875553,44.40,6.51774000,0
1505852986,21875543,44.40,7.48226000,0
1505852985,21875541,44.39,2.66000000,0
1505852984,21875536,44.36,2.66000000,0
1505852979,21875532,44.36,14.00000000,0
1505852979,21875530,44.36,1.87097483,0
1505852979,21875529,44.35,13.31000000,0
1505852975,21875507,44.31,4.00000000,1
1505852969,21875488,44.29,18.17000000,1
1505852967,21875483,44.28,15.81000000,0
1505852967,21875481,44.28,17.27000000,0
1505852967,21875480,44.28,0.90000000,0
1505852967,21875478,44.27,49.10000000,0
1505852937,21875415,44.03,3.99900000,1
1505852900,21875336,44.10,2.07016277,0
1505852899,21875330,44.10,2.26213151,0
1505852897,21875321,44.02,0.00184000,1
1505852896,21875319,44.05,2.63000000,1
1505852892,21875301,44.10,1.62190000,0
1505852889,21875281,44.10,2.56000000,0
1505852850,21875164,44.10,0.45238095,0
1505852846,21875158,44.01,1.89747000,1
1505852841,21875152,44.10,1.62820161,0
1505852841,21875151,44.05,0.10000000,0
1505852834,21875142,44.00,4.14935600,1
1505852834,21875140,44.02,18.11170300,1
1505852712,21874988,44.00,17.93962273,1
1505852712,21874987,44.00,11.02019927,1
1505852705,21874972,44.00,11.97980073,1
1505852705,21874971,44.00,7.81813636,1
1505852705,21874970,44.00,2.46312191,1
1505852681,21874949,44.00,1.90731000,1
1505852654,21874924,44.00,4.73081000,1
1505852650,21874921,44.00,4.73554800,1
1505852624,21874867,44.00,5.63630162,1
1505852615,21874858,44.00,10.79988200,1
1505852389,21874539,44.00,19.72702647,1
1505852389,21874538,44.00,0.27297353,1
1505852374,21874510,44.00,4.72702647,1
1505852374,21874508,44.00,0.23054892,1
1505852374,21874507,44.00,9.00000000,0
1505852372,21874502,44.01,18.01000000,1
1505852372,21874501,44.01,8.33242461,1
1505852359,21874477,44.04,9.00000000,0
1505852332,21874413,44.04,9.00000000,0
1505852283,21874344,44.01,3.00000000,1
1505852262,21874314,44.02,2.33000000,1
1505852125,21874144,44.00,0.76945108,1
1505852125,21874143,44.00,1.00000000,1
1505852125,21874142,44.00,5.00000000,1
1505852125,21874141,44.00,1.00000000,1
1505852125,21874140,44.00,2.00000000,1
1505852124,21874139,44.00,6.21645091,1
1505851988,21873962,44.00,0.21100529,1
1505851915,21873901,44.05,0.90000000,0
1505851904,21873896,44.00,3.57254380,1
1505851904,21873895,44.00,0.50000000,1
1505851903,21873894,44.01,0.19564231,0
1505851902,21873891,44.01,14.38000000,1
1505851902,21873890,44.01,2.26653033,1
1505851757,21873762,44.05,5.00000000,1
1505851722,21873718,44.12,8.38705399,0
1505851722,21873717,44.11,12.61317601,0
1505851566,21873483,44.05,2.65993167,1
1505851535,21873423,44.10,1.87097483,1
1505851529,21873415,44.11,2.37877800,0
1505851494,21873345,44.28,1.86348355,1
1505851483,21873326,44.43,1.12023698,0
1505851482,21873325,44.39,3.99999302,0
1505851482,21873324,44.38,15.00000000,1
1505851475,21873303,44.39,4.00000000,0
1505851437,21873214,44.17,0.58676471,1
1505851355,21873092,44.50,9.58362134,0
1505851130,21872822,44.88,48.43696078,1
1505851130,21872821,44.88,11.59000000,1
1505851129,21872820,44.83,1.35179766,0
1505851129,21872819,44.83,0.50000000,0
1505851129,21872817,44.78,1.85387366,0
1505851128,21872816,44.72,2.49000000,0
1505851128,21872815,44.69,18.38439014,1
1505851128,21872814,44.43,2.75000000,0
1505851127,21872813,44.42,15.19341975,0
1505851127,21872812,44.40,28.37321511,0
1505851125,21872810,44.38,13.77000000,0
1505851039,21872753,44.38,0.18000000,0
1505851002,21872734,44.39,5.00000000,0
1505850991,21872729,44.38,1.00901307,0
1505850897,21872573,44.13,28.93088602,1
1505850860,21872520,44.14,12.96911315,1
1505850860,21872519,44.14,1.01000000,1
1505850791,21872447,44.39,1.01103852,0
1505850725,21872376,44.40,21.05011951,1
1505850725,21872375,44.40,10.64322059,1
1505850707,21872341,44.41,18.43000000,0
1505850706,21872336,44.40,9.35677941,1
1505850706,21872335,44.50,0.00006459,1
1505850664,21872300,44.50,9.99993541,1
1505850663,21872299,44.50,8.38432955,1
1505850660,21872297,44.50,17.41567045,1
1505850660,21872296,44.50,5.04387989,1
1505850655,21872287,44.51,1.93553775,1
1505850655,21872286,44.51,18.38446225,1
1505850574,21872230,44.58,18.15993697,1
1505850405,21872108,44.61,22.00000000,1
1505850236,21871930,44.74,2.33124720,0
1505850236,21871925,44.73,7.56000000,0
1505850236,21871924,44.73,30.44489200,0
1505850234,21871923,44.65,0.00470000,0
1505850219,21871893,44.70,6.70981000,1
1505850218,21871889,44.70,3.29019000,1
1505850098,21871677,44.50,15.66359551,1
1505850051,21871610,44.64,0.00014715,1
1505850050,21871607,44.63,3.26901816,1
1505849994,21871565,44.50,2.08650978,1
1505849982,21871556,44.50,0.00792063,1
1505849982,21871555,44.55,11.30613333,1
1505849982,21871554,44.55,0.00004604,1
1505849973,21871544,44.55,4.98092009,1
1505849967,21871537,44.55,1.86271445,1
1505849961,21871532,44.55,8.15631942,0
1505849900,21871484,44.63,0.00067219,1
1505849900,21871483,44.63,14.99932781,1
1505849895,21871481,44.51,6.77312868,1
1505849894,21871480,44.51,1.85387366,1
1505849894,21871479,44.51,40.00000000,1
1505849894,21871478,44.52,1.33999766,1
1505849893,21871477,44.52,15.53000234,1
1505849892,21871476,44.56,1.35179766,1
1505849886,21871465,44.56,0.50000000,1
1505849864,21871439,44.65,0.00012378,1
1505849863,21871437,44.65,6.41061322,1
1505849862,21871436,44.65,28.58926300,1
1505849862,21871435,44.65,15.00000000,0
1505849855,21871420,44.52,3.00000000,1
1505849852,21871414,44.60,1.33614992,1
1505849845,21871392,44.60,0.50000000,1
1505849843,21871391,44.60,13.79850491,1
1505849843,21871390,44.61,1.84709509,1
1505849837,21871381,44.80,3.33452195,0
1505849837,21871380,44.88,24.74917334,1
1505849837,21871379,44.88,1.64000000,1
1505849836,21871378,44.87,20.00000000,1
1505849836,21871376,44.82,1.85221248,0
1505849836,21871375,44.82,8.21000000,1
1505849835,21871374,44.81,1.85262750,0
1505849835,21871370,44.80,1.64000000,0
1505849835,21871369,44.80,3.99999978,1
1505849835,21871368,44.80,3.95658233,1
1505849834,21871364,44.70,0.17783437,0
1505849834,21871363,44.70,1.67613032,0
1505849834,21871362,44.70,15.00000000,1
1505849833,21871360,44.63,15.00000000,0
1505849819,21871336,44.60,1.57233184,1
1505849794,21871304,44.50,0.69809419,1
1505849757,21871286,44.50,0.50000000,1
1505849719,21871261,44.66,5.03023000,0
1505849718,21871260,44.40,6.98094194,1
1505849699,21871228,44.40,2.70000000,1
1505849656,21871212,44.32,9.00000000,1
1505849650,21871198,44.31,5.55668749,0
1505849647,21871194,44.30,7.34400000,1
1505849640,21871189,44.30,9.00000000,1
1505849632,21871180,44.29,9.00000000,1
1505849626,21871176,44.29,3.08700000,1
1505849604,21871140,44.31,6.17409722,0
1505849604,21871138,44.31,4.74999978,0
1505849244,21870541,44.44,0.16340844,1
1505849244,21870537,44.44,3.12480467,1
1505849243,21870536,44.43,18.46200000,0
1505849188,21870357,44.36,5.74272588,1
1505849187,21870354,44.36,5.02940362,1
1505849183,21870344,44.36,4.99986550,1
1505849181,21870340,44.41,0.00013450,1
1505849169,21870302,44.63,4.47008739,0
1505849158,21870260,44.56,4.13657045,1
1505849153,21870258,44.56,5.38576471,1
1505849151,21870251,44.56,4.11982621,1
1505849149,21870250,44.55,6.45046792,0
1505849149,21870248,44.55,0.44777631,0
1505849143,21870234,44.55,116.58691369,1
1505849140,21870231,44.55,19.13809809,1
1505849137,21870224,44.55,32.15084153,1
1505849134,21870217,44.55,4.99207943,1
1505849132,21870215,44.55,6.21093000,1
1505849130,21870212,44.55,5.04727284,1
1505849127,21870201,44.55,29.61612009,1
1505849124,21870194,44.55,5.41580713,1
1505849124,21870190,44.55,0.84193720,0
1505849115,21870177,44.55,8.67190671,0
1505849115,21870175,44.55,1.32832329,0
1505849100,21870155,44.55,3.59340300,0
1505849093,21870143,44.47,0.22037329,0
1505849080,21870072,44.41,41.83167148,1
1505849075,21870054,44.50,7.97529600,0
1505849074,21870050,44.50,1.96000000,0
1505849072,21870045,44.55,4.70154350,0
1505849072,21870044,44.53,0.62558750,0
1505849072,21870042,44.53,1.94441250,0
1505849072,21870040,44.48,1.67619150,0
1505849072,21870037,44.47,5.63943600,0
1505849071,21870032,44.47,5.60843700,0
1505849071,21870031,44.47,1.58212700,0
1505849069,21870022,44.40,7.99512858,1
1505849069,21870020,44.40,0.22165003,1
1505849069,21870018,44.41,1.63732700,1
1505849068,21870015,44.41,36.23167300,1
1505849064,21869997,44.48,3.89027400,0
1505849058,21869986,44.48,22.96000000,1
1505849053,21869964,44.46,0.17783437,1
1505849053,21869963,44.47,0.20000000,0
1505849051,21869962,44.46,1.67613032,1
1505849048,21869950,44.49,19.06964500,0
1505849046,21869944,44.47,5.73175392,1
1505849046,21869940,44.47,1.71327499,1
1505849041,21869925,44.47,5.65067500,1
1505849040,21869924,44.48,47.83744500,1
1505849035,21869910,44.51,6.04000000,0
1505849034,21869905,44.51,5.26082321,1
1505849028,21869890,44.51,48.81657045,1
1505849002,21869833,44.54,3.43801094,0
1505848990,21869780,44.55,4.57302471,1
1505848986,21869773,44.55,50.35270797,1
1505848982,21869758,44.54,1.85133153,0
1505848976,21869745,44.53,1.85262071,1
1505848975,21869744,44.59,0.55293080,0
1505848973,21869736,44.53,4.18726427,1
1505848973,21869735,44.53,6.04000000,1
1505848973,21869733,44.53,6.04000000,1
1505848973,21869732,44.53,6.04000000,1
1505848972,21869731,44.54,1.85262750,1
1505848966,21869711,44.63,0.20000000,1
1505848957,21869672,44.57,24.66838682,1
1505848952,21869659,44.56,6.33707339,0
1505848946,21869640,44.53,6.03996767,0
1505848942,21869623,44.45,1.00000000,0
1505848938,21869602,44.51,4.42638211,1
1505848937,21869593,44.04,405.83501970,1
1505848937,21869592,44.20,3.38501188,1
1505848936,21869591,44.20,2.00000000,1
1505848936,21869590,44.30,61.00000000,1
1505848936,21869588,44.31,110.24657500,1
1505848936,21869587,44.38,0.50000000,1
1505848936,21869585,44.50,89.68960000,1
1505848936,21869582,44.52,55.11881400,1
1505848935,21869576,44.50,10.31040000,1
1505848935,21869575,44.50,0.78960000,1
1505848920,21869510,44.69,0.00009107,1
1505848913,21869500,44.70,0.54845637,0
1505848911,21869493,44.71,1.28398074,1
1505848904,21869482,44.72,5.46861167,0
1505848902,21869475,44.71,47.56601926,1
1505848902,21869474,44.72,0.00016460,1
1505848899,21869467,44.79,0.31000000,0
1505848895,21869453,44.72,3.59983520,1
1505848891,21869444,44.69,1.79990893,1
1505848891,21869443,44.73,0.00004610,1
1505848890,21869440,44.73,57.60243590,1
1505848890,21869437,44.73,0.25134189,1
1505848888,21869433,44.80,2.70900000,0
1505848882,21869407,44.80,9.00000000,0
1505848877,21869366,44.74,3.99932932,1
1505848875,21869358,44.73,1.74865811,1
1505848875,21869357,44.73,2.00000000,1
1505848872,21869342,44.66,2.00000000,0
1505848870,21869332,44.52,18.14778752,1
1505848870,21869330,44.55,1.85221248,1
1505848870,21869328,44.65,60.00000000,1
1505848869,21869316,45.01,8.62341701,0
1505848868,21869307,44.98,3.08041300,0
1505848868,21869306,44.98,3.16000000,0
1505848868,21869305,44.62,22.62687329,1
1505848868,21869301,44.62,0.38822000,1
1505848867,21869300,44.74,0.50000000,1
1505848866,21869281,44.64,59.99982561,1
1505848865,21869277,44.62,0.50000000,0
1505848862,21869251,44.63,0.68966353,1
1505848862,21869250,44.64,10.25700480,1
1505848862,21869248,44.64,0.74299520,1
1505848829,21869133,45.08,2.20010102,0
1505848829,21869132,45.08,16.17000000,0
1505848827,21869131,44.90,3.77213907,0
1505848815,21869101,44.92,0.70023000,0
1505848689,21868899,44.78,10.99992297,1
1505848652,21868853,44.73,0.19745536,0
1505848651,21868849,44.80,3.78000000,0
1505848650,21868848,44.80,0.22254464,1
1505848576,21868763,44.98,11.14101231,0
1505848526,21868627,44.98,1.78187000,1
1505848519,21868615,44.90,0.00007542,1
1505848517,21868613,44.92,1.87118000,0
1505848502,21868590,44.90,65.82672584,1
1505848487,21868552,44.90,5.85527000,1
1505848430,21868363,44.90,28.31792874,1
1505848430,21868361,44.90,68.05707126,1
1505848428,21868356,44.92,3.62500000,1
1505848418,21868307,45.00,0.00007898,1
1505848416,21868301,45.00,2.99992102,1
1505848416,21868299,45.00,1.00000000,1
1505848416,21868298,45.00,1.02676000,1
1505848416,21868296,45.00,33.56278321,1
1505848414,21868295,45.00,42.31467279,1
1505848414,21868293,45.00,12.00000000,1
1505848414,21868292,45.00,1.00000000,1
1505848414,21868290,45.00,9.97488888,1
1505848414,21868288,45.02,1.83291433,1
1505848414,21868287,45.02,8.22750000,1
1505848407,21868265,45.02,11.77250000,1
1505848404,21868249,45.05,2.00000000,1
1505848394,21868164,45.10,20.17884480,1
1505848393,21868161,45.10,1.99999978,1
1505848393,21868156,45.10,6.18545342,1
1505848393,21868153,45.10,71.63570200,1
1505848392,21868150,45.10,3.00000000,1
1505848390,21868136,45.11,7.52766348,1
1505848389,21868134,45.11,10.86233652,1
1505848369,21868093,45.27,0.26390115,0
1505848363,21868078,45.11,2.96334992,1
1505848363,21868077,45.13,0.38640914,1
1505848362,21868076,45.20,0.82746494,1
1505848337,21868008,45.20,2.17253506,1
1505848337,21868007,45.20,3.00000000,1
1505848337,21868006,45.21,0.82746472,1
1505848330,21867979,45.21,0.05508339,1
1505848330,21867977,45.21,1.82522661,1
1505848221,21867595,45.37,1.81880258,1
1505848218,21867579,45.46,3.42688800,1
1505848217,21867575,45.46,6.56984200,0
1505848217,21867574,45.46,0.00350000,0
1505848121,21867441,45.24,6.26262000,0
1505848121,21867440,45.24,0.50000000,0
1505847944,21867292,45.29,1.04592626,1
1505847908,21867273,45.29,0.45243426,0
1505847906,21867271,45.29,2.17000000,0
1505847904,21867268,45.29,0.99000000,1
1505847868,21867244,45.30,1.00000000,1
1505847866,21867243,45.31,0.20000000,0
1505847797,21867204,45.36,0.83240181,1
1505847637,21867164,45.36,0.98680095,1
1505847637,21867161,45.40,0.83220258,1
1505847600,21867130,45.40,0.16779742,1
1505847564,21867116,45.45,0.20000000,0
1505847493,21867061,45.45,0.00007820,1
1505847488,21867050,45.45,65.84128648,1
1505847443,21866999,45.21,33.00000000,1
1505847427,21866952,45.21,40.00000000,1
1505847416,21866945,45.21,40.00000000,1
1505847407,21866942,45.21,40.00000000,1
1505847287,21866848,45.17,15.84138811,0
1505847287,21866847,45.38,17.25861189,1
1505847285,21866845,45.39,6.90000000,1
1505847202,21866731,45.50,4.00000000,1
1505847201,21866730,45.50,1.00000000,1
1505847168,21866680,45.51,0.20000000,0
1505847166,21866674,45.51,8.76648805,1
1505847166,21866673,45.51,2.19281195,1
1505847165,21866672,45.51,2.80718784,1
1505847152,21866653,45.52,14.78052000,1
1505847139,21866643,45.52,5.00000000,1
1505847130,21866633,45.51,47.19281216,1
1505847129,21866632,45.61,0.00000484,1
1505847118,21866613,45.61,0.69762000,1
1505847075,21866518,45.70,1.00000000,1
1505847074,21866515,45.71,1.20439728,1
1505847070,21866501,45.75,26.22965488,1
1505846696,21866234,45.75,17.13410000,1
1505846696,21866233,45.76,26.26000000,1
1505846610,21866171,45.75,22.37027924,1
1505846584,21866149,45.75,2.00000000,1
1505846578,21866145,45.75,4.81480100,1
1505846578,21866144,45.77,0.11000000,1
1505846434,21865976,45.96,0.13038223,0
1505846419,21865971,45.75,19.10770000,1
1505846417,21865970,45.80,10.89030000,1
1505846223,21865844,45.81,19.17999500,1
1505846021,21865689,45.78,7.92000000,1
1505846021,21865688,45.79,12.08000000,1
1505846021,21865687,45.79,20.00000000,1
1505845864,21865606,46.04,0.20000000,0
1505845691,21865511,46.01,1.71721329,0
1505845674,21865502,46.05,15.16286644,0
1505845433,21865423,46.06,1.07902735,0
1505845431,21865422,45.76,0.00379258,0
1505845123,21865280,45.61,52.56034806,1
1505845122,21865279,45.63,27.12100000,1
1505845122,21865278,45.64,60.00000000,1
1505845122,21865277,45.71,0.20320052,1
1505845120,21865276,45.72,0.63900000,1
1505845080,21865254,45.82,5.16334742,1
1505845006,21865190,45.82,0.00445000,1
1505845006,21865189,45.83,6.35520000,1
1505844997,21865183,45.83,23.97380000,1
1505844925,21865135,46.05,1.52000000,1
1505844866,21865096,46.02,2.16753585,0
1505844416,21864824,45.71,20.00000000,1
1505844399,21864818,45.72,53.32800770,1
1505844388,21864816,45.72,58.90923010,0
1505844387,21864815,45.72,1.09076990,1
1505844369,21864807,45.73,60.00000000,1
1505844361,21864798,45.73,60.00000000,1
1505844314,21864770,45.73,60.00000000,1
1505844305,21864759,45.73,50.00000000,1
1505844285,21864743,45.73,50.00000000,1
1505844272,21864738,45.74,10.00000000,1
1505844265,21864696,45.73,16.03946000,0
1505844263,21864694,45.78,2.86574000,1
1505844263,21864693,45.78,11.09480000,1
1505844258,21864690,45.73,30.00000000,0
1505844255,21864681,45.73,30.00000000,1
1505844250,21864672,45.75,30.00000000,1
1505844244,21864669,45.73,54.09184345,0
1505844243,21864667,45.73,1.80195521,0
1505844240,21864653,45.73,29.54000000,1
1505844240,21864652,45.74,30.46000000,1
1505844232,21864649,45.73,59.49769369,1
1505844231,21864648,45.80,0.50230631,1
1505844217,21864644,45.80,7.67358895,1
1505844217,21864643,45.87,0.32641105,1
1505844183,21864627,46.20,8.81298701,1
1505844183,21864625,46.00,2.17371449,0
1505844181,21864623,45.99,15.00000000,0
1505844177,21864622,46.00,2.82628551,0
1505844136,21864595,46.01,0.00056702,1
1505844135,21864594,46.01,24.12584221,1
1505844134,21864593,45.97,23.68370677,0
1505844134,21864592,45.97,4.25594789,0
1505844134,21864591,45.95,13.01000000,0
1505844121,21864569,45.96,0.90000000,1
1505843700,21864252,46.30,0.43606911,0
1505843674,21864242,45.97,4.19376000,1
1505843457,21864123,46.23,1.78575375,0
1505843401,21864089,45.80,1.82410474,1
1505843401,21864088,45.90,1.18976361,1
1505843400,21864086,45.96,12.54873804,1
1505843308,21864016,46.26,38.67128839,1
1505843307,21864008,46.26,2.74871161,1
1505843272,21863941,46.48,40.27538726,1
1505843272,21863937,46.28,4.13000000,0
1505843271,21863927,46.26,5.09023339,1
1505843270,21863923,46.26,15.00000000,0
1505843236,21863876,45.89,3.76777885,1
1505843225,21863849,46.21,2.54000000,1
1505843223,21863842,46.21,0.19000000,1
1505843223,21863841,46.21,14.78700574,1
1505843222,21863836,46.21,2.55299426,0
1505843221,21863831,46.21,17.34000000,1
1505843220,21863830,46.27,0.00010226,1
1505843103,21863725,46.27,1.77566437,1
1505843082,21863713,46.49,3.13815433,0
1505843074,21863709,46.48,1.35705306,0
1505842898,21863587,46.33,19.86390000,1
1505842897,21863586,46.29,36.77488000,0
1505842897,21863585,46.31,7.66000000,1
1505842897,21863584,46.31,38.35000000,1
1505842896,21863583,46.33,1.83342000,1
1505842813,21863497,46.41,5.58617698,1
1505842693,21863391,46.58,1.62000000,0
1505842693,21863390,46.55,15.38000000,0
1505842693,21863389,46.54,15.00000000,0
1505842564,21863341,46.31,5.43478261,0
1505842458,21863270,46.44,1.77726036,0
1505842457,21863269,46.45,6.49454667,0
1505842457,21863268,46.45,1.72545333,0
1505842457,21863265,46.45,36.86216089,0
1505842457,21863264,46.44,4.14783911,0
1505842456,21863261,46.44,10.85216089,0
1505842456,21863260,46.44,10.50000000,0
1505842454,21863252,46.45,1.75696424,0
1505842453,21863246,46.54,9.65542154,1
1505842453,21863244,46.54,33.23263175,1
1505842453,21863242,46.64,16.76736825,1
1505842453,21863241,46.64,26.02872952,1
1505842453,21863240,46.99,23.97127048,1
1505842453,21863239,46.99,50.00000000,1
1505842453,21863237,46.99,50.00000000,1
1505842451,21863227,46.98,1.76698938,0
1505842450,21863226,46.83,1.77257150,0
1505842450,21863224,46.83,50.00000000,1
1505842450,21863221,46.80,21.47717187,0
1505842450,21863219,46.73,2.54000000,0
1505842449,21863217,46.73,36.52465600,1
1505842449,21863215,46.73,6.39256100,1
1505842449,21863214,46.65,1.46927415,0
1505842449,21863213,46.65,0.31000000,0
1505842449,21863212,46.65,14.48524716,1
1505842449,21863211,46.65,4.94942200,1
1505842448,21863210,46.65,28.98637400,1
1505842448,21863209,46.65,4.61400100,1
1505842448,21863208,46.65,1.01619000,1
1505842448,21863207,46.65,3.03466800,1
1505842447,21863206,46.64,1.77959465,0
1505842447,21863205,46.55,1.78308843,0
1505842447,21863204,46.55,0.23976000,1
1505842447,21863203,46.54,2.02000000,1
1505842446,21863202,46.53,0.22837179,0
1505842446,21863201,46.53,1.54904200,0
1505842446,21863200,46.53,0.00705876,0
1505842446,21863199,46.51,10.11000000,1
1505842445,21863198,46.43,25.20043750,0
1505842445,21863197,46.43,0.26973000,1
1505842445,21863196,46.42,68.19963700,1
1505842445,21863195,46.42,21.12896700,1
1505842445,21863194,46.42,8.10460600,1
1505842444,21863192,46.42,2.00000000,1
1505842443,21863191,46.42,15.00000000,0
1505842419,21863179,46.22,0.99622000,1
1505842150,21862942,46.53,31.57789823,1
1505842149,21862941,46.52,1.78420285,0
1505842149,21862940,46.51,1.78483939,0
1505842149,21862939,46.51,5.62449000,1
1505842149,21862938,46.50,51.00000000,0
1505842148,21862937,46.50,42.51891156,0
1505842148,21862936,46.48,14.70012092,0
1505842148,21862935,46.48,52.37618400,1
1505842147,21862934,46.47,2.26000000,0
1505842147,21862933,46.47,52.79931100,1
1505842147,21862932,46.47,71.62951400,1
1505842147,21862931,46.45,20.53300000,0
1505842146,21862930,46.44,66.45800000,1
1505842145,21862929,46.44,11.31000000,0
1505842145,21862928,46.44,3.36287383,0
1505841892,21862721,46.39,13.25515310,0
1505841883,21862708,46.25,18.68747849,1
1505841868,21862703,46.22,1.81787000,1
1505841770,21862664,46.25,1.81929000,1
1505841688,21862622,46.22,1.69644464,1
1505841656,21862609,46.27,40.00000000,1
1505841648,21862608,46.21,1.37399000,0
1505841577,21862563,46.45,0.10721206,0
1505841453,21862498,46.46,2.14700818,0
1505841280,21862361,46.31,1.82356000,1
1505841278,21862360,46.48,2.14629948,0
1505841087,21862264,46.49,0.69023000,0
1505841086,21862260,46.47,9.31000000,0
1505841066,21862241,46.39,1.77959465,0
1505841064,21862236,46.50,28.14344086,0
1505841063,21862233,46.49,1.32000000,0
1505841063,21862232,46.47,1.78617585,0
1505841063,21862230,46.47,1.78647759,0
1505841063,21862229,46.47,0.10136518,0
1505841063,21862228,46.47,1.68504088,0
1505841062,21862227,46.46,6.60000000,0
1505841062,21862226,46.45,0.51345533,0
1505841061,21862225,46.44,1.00000000,1
1505841056,21862217,46.45,9.48654467,0
1505841055,21862215,46.43,7.84000000,0
1505841055,21862212,46.40,8.35800000,0
1505841053,21862211,46.34,17.34000000,0
1505841051,21862207,46.35,25.00000000,0
1505841031,21862188,46.21,9.31000000,1
1505841026,21862181,46.18,14.46626679,0
1505841025,21862179,46.18,50.00000000,0
1505841025,21862175,46.18,50.00000000,0
1505841025,21862173,46.18,50.00000000,0
1505841024,21862172,46.18,50.00000000,0
1505841024,21862171,46.18,50.00000000,0
1505841023,21862170,46.18,50.00000000,0
1505841023,21862169,46.18,35.71000000,0
1505841023,21862168,46.17,14.29000000,0
1505840951,21862127,46.17,1.89069600,0
1505840891,21862070,46.17,5.00023000,0
1505840876,21862046,46.17,10.78081005,0
1505840679,21861905,46.03,3.81231816,0
1505840679,21861904,46.03,5.10858547,0
1505840662,21861870,46.00,3.14830470,0
1505840377,21861580,46.00,2.50000000,0
1505839979,21861433,46.02,4.21866922,0
1505839910,21861391,46.03,1.08342385,0
1505839673,21861227,46.03,1.01164457,0
1505839668,21861226,46.03,0.44036498,0
1505839667,21861222,46.03,1.03092114,0
1505839370,21861085,46.18,2.82373321,0
1505839370,21861084,46.05,12.51000000,0
1505839370,21861083,46.05,39.03000000,0
1505839369,21861080,46.03,17.34000000,1
1505839369,21861079,46.03,41.34257485,1
1505839067,21860905,45.92,10.02933000,0
1505838846,21860828,45.90,1.15452074,0
1505838828,21860818,45.90,0.15203659,0
1505838811,21860806,45.85,10.99989684,1
1505838695,21860708,45.89,2.00001523,1
1505838694,21860707,45.89,15.30998477,1
1505838686,21860693,45.89,60.65485923,1
1505838686,21860692,45.90,32.65000000,1
1505838649,21860654,45.91,15.00000000,0
1505838548,21860612,45.89,17.88643700,1
1505838542,21860606,45.89,8.14408700,1
1505838478,21860588,45.89,3.70955600,1
1505838478,21860586,45.90,17.34000000,1
1505838387,21860510,45.90,22.83196905,1
1505838387,21860508,45.93,17.08000000,1
1505838387,21860507,45.93,0.25857195,1
1505838353,21860485,45.93,17.08142805,1
1505838348,21860479,45.94,1.40869069,0
1505838012,21860290,46.09,10.29121935,1
1505838011,21860289,46.09,0.53000000,0
1505837923,21860263,45.89,15.23507600,1
1505837920,21860261,45.89,29.06000000,1
1505837917,21860260,45.90,0.53000000,1
1505837914,21860258,45.99,2.08745052,0
1505837906,21860252,45.90,19.44139651,1
1505837905,21860251,45.92,0.55860349,1
1505837858,21860236,45.90,4.93000000,1
1505837715,21860134,45.92,1.00000000,1
1505837681,21860119,46.09,10.00023000,0
1505837523,21860053,45.95,18.88255500,1
1505837303,21859924,46.20,1.66948051,0
1505837303,21859923,46.03,82.00000000,0
1505837301,21859922,45.96,45.00000000,0
1505837129,21859851,45.95,0.40000000,0
1505837126,21859849,45.95,2.00000000,0
1505837121,21859847,45.89,2.00000000,0
1505837064,21859822,45.85,7.34000000,0
1505837062,21859820,45.85,10.00000000,1
1505836998,21859709,45.99,10.62307700,0
1505836988,21859696,45.98,8.55248639,1
1505836922,21859660,46.12,10.00000000,1
1505836585,21859410,46.22,2.39092902,0
1505836585,21859409,46.22,10.40000000,0
1505836585,21859408,46.22,2.45000000,0
1505836433,21859272,46.12,1.10000000,1
1505836354,21859199,46.18,17.34000000,0
1505836340,21859192,46.22,1.78617585,0
1505836339,21859188,46.18,1.79759329,0
1505836318,21859142,46.10,10.00000000,0
1505836315,21859139,46.08,60.00000000,0
1505836315,21859138,46.07,0.59300000,0
1505836314,21859136,46.07,5.33700000,0
1505836312,21859135,46.07,10.40000000,0
1505836250,21859056,45.98,1.09780000,1
1505836162,21858969,46.07,10.00000000,0
1505836063,21858804,46.00,49.20941955,0
1505836063,21858803,45.99,1.09985910,0
1505836021,21858761,45.98,0.34971361,0
1505835991,21858753,45.92,15.21223831,1
1505835723,21858505,46.00,3.79058045,0
1505835723,21858503,45.99,15.11000000,0
1505835721,21858502,45.98,1.09964955,0
1505835069,21858209,45.53,39.75227053,1
1505834768,21858051,46.02,1.00119000,0
1505834660,21858025,46.01,6.58639000,1
1505834659,21858022,46.01,1.07367918,1
1505834658,21858021,46.01,14.02000000,0
1505834598,21857980,45.92,4.34494774,0
1505833613,21857218,45.85,4.35114504,0
1505833557,21857181,45.60,10.40000000,0
1505833556,21857180,45.63,0.20000000,1
1505833555,21857179,46.10,13.11605227,1
1505833555,21857178,46.10,59.99999979,1
1505833555,21857177,45.95,2.44000000,0
1505833555,21857176,45.94,3.95000000,0
1505833554,21857175,45.79,19.75000000,0
1505833554,21857174,45.78,1.09930280,1
1505833512,21857138,45.82,0.95061765,0
1505833412,21857065,45.78,21.89143731,0
1505833387,21857045,45.64,18.32599518,1
1505833376,21857035,45.90,1.79759329,0
1505833250,21856895,45.71,24.53992540,1
1505833241,21856887,45.70,23.96008731,1
1505833241,21856886,45.70,17.34000000,1
1505833241,21856885,45.71,0.58000000,1
1505833154,21856809,45.80,70.53319193,1
1505833153,21856808,45.90,11.00023000,0
1505833022,21856729,45.73,97.99999979,1
1505832889,21856616,45.82,6.42601463,1
1505832851,21856585,45.85,25.24994526,1
1505832799,21856537,46.05,2.16612378,0
1505832615,21856459,46.08,2.16471354,0
1505832576,21856430,45.86,5.57674450,1
1505832576,21856429,45.90,0.00022868,1
1505832529,21856384,45.90,3.34400850,1
1505832379,21856254,46.12,0.43256722,0
1505831820,21855725,45.85,1.00000000,1
1505831741,21855587,46.29,0.70368006,1
1505831739,21855586,45.99,6.50352061,0
1505831739,21855585,45.99,12.09153592,0
1505831422,21855294,45.99,19.20419553,1
1505831421,21855293,45.99,5.54807500,1
1505831421,21855290,45.99,15.00000000,1
1505831392,21855202,45.74,11.34188740,0
1505831391,21855201,45.74,17.34000000,1
1505830999,21854926,46.12,16.10333515,1
1505830998,21854925,46.12,4.56454763,1
1505830960,21854896,45.84,6.99489000,0
1505830823,21854772,46.00,0.00003043,0
1505830823,21854771,46.00,11.53410000,0
1505830778,21854723,46.00,0.46586957,0
1505830737,21854674,45.95,12.97976061,1
1505830616,21854599,45.74,3.66258474,1
1505830581,21854555,45.74,1.14800000,1
1505830569,21854544,46.22,1.07897014,0
1505830564,21854541,46.24,1.78308843,0
1505830560,21854538,45.87,1.80212608,0
1505830493,21854398,45.76,2.64969406,1
1505830484,21854381,45.75,1.63560000,1
1505830482,21854376,45.75,13.12440000,1
1505830481,21854375,45.76,2.95000000,1
1505830406,21854313,45.84,19.93200000,1
1505830404,21854310,45.84,30.06800000,0
1505830372,21854269,45.66,31.67674114,1
1505830155,21853999,45.86,1.00043611,0
1505830130,21853992,45.86,0.07235176,0
1505830130,21853991,45.83,15.88000000,0
1505830128,21853990,45.81,21.09832585,0
1505830061,21853942,45.72,0.39260717,0
1505830010,21853892,45.51,40.69900000,1
1505829842,21853680,45.51,1.33000000,1
1505829842,21853678,45.51,3.67000000,1
1505829841,21853666,45.58,2.67906700,0
1505829841,21853662,45.57,12.49000002,1
1505829841,21853659,45.57,5.00000000,1
1505829839,21853648,45.57,0.85999998,1
1505829839,21853646,45.57,7.57202502,1
1505829839,21853644,45.57,13.05890800,1
1505829837,21853625,45.57,0.86000000,1
1505829837,21853623,45.58,4.14000000,1
1505829758,21853524,45.61,20.17451292,1
1505829757,21853520,45.62,1.80212608,1
1505829660,21853417,45.86,5.45137375,0
1505829609,21853343,45.69,10.19335560,0
1505829609,21853339,45.69,4.65000000,1
1505829609,21853337,45.69,23.31000000,1
1505829433,21853050,45.88,1.93903000,1
1505829421,21853033,46.20,13.20909090,0
1505829420,21853030,46.19,65.95445768,1
1505829420,21853029,46.19,46.36000000,0
1505829420,21853028,46.19,15.00000000,0
1505829414,21853023,45.86,0.87900000,1
1505829410,21853017,46.25,1.78420285,0
1505829408,21853016,45.86,2.07430000,1
1505829393,21852990,45.82,17.15090000,1
1505829362,21852933,45.77,1.88306000,1
1505829344,21852903,45.74,8.22693464,1
1505829338,21852887,46.19,1.78647759,0
1505829337,21852885,45.77,10.61000000,0
1505829335,21852881,45.78,1.10036800,0
1505829335,21852877,45.73,35.83174896,1
1505829335,21852876,45.73,41.76830000,1
1505829334,21852875,45.73,16.97365104,1
1505829333,21852870,45.73,24.79464896,1
1505829331,21852868,45.61,20.96522536,0
1505829331,21852867,45.61,20.80311270,0
1505829314,21852856,45.61,20.80302900,0
1505829312,21852850,46.34,48.00539490,1
1505829311,21852849,46.19,2.42000000,0
1505829311,21852847,45.94,1.79745369,0
1505829310,21852846,45.87,3.14000000,1
1505829310,21852844,45.87,15.72000000,1
1505829310,21852843,45.87,28.47747157,1
1505829310,21852842,45.73,21.27918368,0
1505829308,21852841,45.61,0.22403797,0
1505829148,21852719,45.60,17.89997785,1
1505829144,21852710,45.58,4.61182943,1
1505829143,21852709,45.58,8.11749000,1
1505829073,21852658,45.84,0.21174934,0
1505828899,21852568,45.68,1.69254631,1
1505828897,21852567,45.69,1.79745369,1
1505828888,21852565,45.90,1.73856209,0
1505828373,21852147,46.20,4.07696971,1
1505828369,21852139,46.21,1.49850000,1
1505828367,21852138,46.21,1.27012821,1
1505828367,21852137,46.21,0.22837179,1
1505828366,21852136,46.21,1.54904200,1
1505828354,21852133,46.26,2.00023000,0
1505828245,21852078,46.28,13.00000000,1
1505828215,21852061,46.26,18.57245600,1
1505828215,21852060,46.27,22.27000000,1
1505828215,21852059,46.27,40.47754400,1
1505828215,21852057,46.28,38.68000000,1
1505828199,21852052,46.27,24.60000000,1
1505828193,21852037,46.31,17.65760200,0
1505828171,21852019,46.32,8.85068869,0
1505828171,21852017,46.32,29.79397500,0
1505828169,21852009,46.33,15.96868834,0
1505828168,21852007,46.34,21.49093300,1
1505828168,21852005,46.35,24.54000000,1
1505828163,21852004,46.41,17.41641500,0
1505828161,21852001,46.41,1.10961000,0
1505828070,21851891,46.25,6.83000000,1
1505828065,21851890,46.28,0.55590900,1
1505828035,21851855,46.39,1.46927415,1
1505828034,21851852,46.39,0.31000000,0
1505828030,21851849,46.21,17.87000000,1
1505828029,21851825,46.20,0.00000038,0
1505828028,21851823,46.20,18.98498061,0
1505828022,21851814,46.20,17.75189300,0
1505828020,21851812,46.19,10.08248538,0
1505827988,21851773,46.20,1.78483939,0
1505827987,21851772,46.20,5.27742200,0
1505827985,21851765,46.20,6.20086500,0
1505827982,21851762,46.19,0.82000000,0
1505827981,21851760,46.19,4.11000000,0
1505827981,21851759,46.14,1.79891244,0
1505827980,21851756,46.00,18.63046747,0
1505827904,21851712,46.00,2.09220418,0
1505827896,21851701,46.00,9.11731700,0
1505827882,21851700,46.00,10.00000000,1
1505827840,21851677,46.00,23.16000000,0
1505827800,21851616,45.99,2.16894977,0
1505827798,21851612,45.95,17.87000000,0
1505827771,21851572,45.95,12.58000000,1
1505827771,21851570,45.99,5.29000000,1
1505827770,21851566,46.00,26.84000000,0
1505827770,21851565,45.99,5.29000000,0
1505827770,21851564,45.95,17.87000000,0
1505827738,21851540,45.90,0.00000038,0
1505827727,21851501,45.89,0.00283616,0
1505827635,21851458,45.82,1.63694845,0
1505827632,21851457,45.82,0.17459625,0
1505827596,21851404,45.74,250.06615400,0
1505827595,21851402,45.74,16.05654500,0
1505827594,21851401,45.74,197.44000000,0
1505827594,21851400,45.73,9.56000000,0
1505827524,21851357,45.57,1.81154470,0
1505827514,21851345,45.72,7.94811667,1
1505827514,21851344,45.72,1.53101517,1
1505827514,21851342,45.58,1.80166718,0
1505827513,21851341,45.57,13.48000000,0
1505827513,21851340,45.57,36.00000000,1
1505827513,21851339,45.50,1.82095454,0
1505827513,21851338,45.50,1.53101517,1
1505827511,21851337,45.49,1.53101517,0
1505827392,21851214,45.07,4.60000000,0
1505827388,21851196,45.12,0.00000022,0
1505827388,21851195,45.11,14.99999978,0
1505827150,21850951,45.33,7.00000000,1
1505827141,21850939,45.39,5.83240000,1
1505827136,21850922,45.31,47.55000000,0
1505827134,21850920,45.07,50.05000000,1
1505827134,21850919,45.07,126.70943590,1
1505827134,21850916,45.08,98.00000000,0
1505827134,21850915,45.08,20.00000000,1
1505827133,21850914,45.08,1.82095454,0
1505827133,21850913,45.08,50.04960956,0
1505827133,21850910,45.22,2.42000000,1
1505827130,21850894,45.07,65.96889889,1
1505827129,21850890,45.08,30.00000000,1
1505827129,21850886,45.18,6.05000000,1
1505827129,21850885,45.18,20.00000000,0
1505827129,21850883,45.25,2.00000000,1
1505827128,21850882,45.31,20.04000000,1
1505827128,21850881,45.38,21.49093302,0
1505827128,21850880,45.39,2.45000000,1
1505827127,21850878,45.41,15.00000000,0
1505827127,21850877,45.41,4.00000000,1
1505827127,21850876,45.56,0.00016809,1
1505827125,21850873,45.56,2.32737841,1
1505827122,21850869,45.57,13.32833611,1
1505827122,21850868,45.58,1.80174860,1
1505827036,21850789,45.82,3.76363596,1
1505827034,21850787,45.82,0.00240507,0
1505827003,21850755,45.82,0.10759493,0
1505827001,21850753,45.79,0.11000000,0
1505826662,21850485,45.84,6.93620000,0
1505826658,21850483,45.84,0.15000000,0
1505826641,21850480,45.85,0.15000000,0
1505826560,21850394,45.86,0.00000500,0
1505826555,21850389,45.86,15.83999500,0
1505826242,21850157,45.90,1.99980900,0
1505826240,21850155,45.90,0.00019062,1
1505826213,21850109,45.91,47.88700000,1
1505826171,21850074,46.14,2.16737132,0
1505826070,21849956,46.18,8.64010394,0
1505826059,21849946,46.19,0.10136518,1
1505826059,21849942,46.19,1.68504088,1
1505826056,21849939,46.19,0.43191167,0
1505826055,21849938,46.53,1.67688664,1
1505826055,21849936,46.49,0.11000000,0
1505826055,21849935,46.48,3.87000000,0
1505826054,21849932,46.39,0.11000000,0
1505826054,21849931,46.29,0.11000000,0
1505826054,21849930,46.19,0.11000000,0
1505826053,21849929,46.09,0.11000000,0
1505826053,21849928,46.07,1.79334336,0
1505826051,21849927,45.99,0.11000000,0
1505825773,21849719,45.90,6.00871460,1
1505825668,21849600,45.89,24.83411000,1
1505825668,21849597,45.89,6.76000000,1
1505825667,21849588,45.89,0.11000000,0
1505825666,21849586,45.89,2.11589000,0
1505825586,21849538,45.89,7.88411000,0
1505825585,21849537,45.84,0.11000000,0
1505825426,21849461,45.79,0.11000000,0
1505825415,21849441,45.75,0.82881797,0
1505825232,21849379,45.80,3.04426053,0
1505825196,21849357,45.76,5.18665664,1
1505825196,21849356,45.76,1.79334336,1
1505825189,21849352,45.80,3.31668000,0
1505825184,21849310,45.96,5.81024150,1
1505825183,21849309,45.96,5.04158618,0
1505825144,21849297,46.00,0.19432695,1
1505825103,21849237,46.00,2.80567305,1
1505825042,21849183,46.34,1.07617609,0
1505825036,21849176,46.05,2.30036134,1
1505825036,21849175,46.06,2.37000000,1
1505825034,21849173,46.10,5.00000000,1
1505824970,21849137,46.26,17.42831081,1
1505824970,21849136,46.26,40.87000000,1
1505824969,21849133,46.28,1.77963026,1
1505824814,21849020,46.44,1.17418041,0
1505824810,21849014,46.25,3.73071359,1
1505824810,21849013,46.25,8.33000000,1
1505824758,21848965,46.41,13.49493643,0
1505824756,21848963,46.40,8.00000000,0
1505824750,21848961,46.40,2.00000000,0
1505824650,21848913,46.29,6.81000000,0
1505824639,21848910,46.80,1.76403948,0
1505824638,21848908,46.60,1.68000000,0
1505824638,21848907,46.55,1.78308958,0
1505824638,21848906,46.54,8.40000000,0
1505824638,21848905,46.30,121.98688682,0
1505824632,21848898,46.30,1.78308958,0
1505824630,21848896,46.31,15.00000000,1
1505824569,21848858,46.19,0.82814965,1
1505824337,21848725,46.46,15.00000000,1
1505824288,21848676,46.60,7.00000000,1
1505824274,21848671,46.78,1.78023000,0
1505824274,21848670,46.78,0.11000000,0
1505824272,21848668,46.69,0.11000000,0
1505823865,21848030,46.72,1.76698938,0
1505823854,21848022,46.80,10.60876505,0
1505823854,21848021,46.79,12.16000000,0
1505823854,21848020,46.79,0.11000000,0
1505823854,21848019,46.78,2.43000000,0
1505823853,21848018,46.73,1.76884705,0
1505823853,21848017,46.69,0.11000000,0
1505823851,21848015,46.68,14.28000000,0
1505823829,21847950,46.59,4.26819000,0
1505823827,21847942,46.59,4.15819000,0
1505823827,21847939,46.59,0.11000000,0
1505823825,21847931,46.58,9.30510000,0
1505823813,21847929,46.58,1.02211000,0
1505823798,21847916,46.60,7.57654000,0
1505823796,21847915,46.59,7.57978000,0
1505823793,21847911,46.59,7.57978000,0
1505823790,21847902,46.59,9.00000000,0
1505823750,21847845,46.46,12.43115295,1
1505823750,21847844,46.47,1.76884705,1
1505823696,21847790,46.46,3.44713349,0
1505823696,21847787,46.46,15.35784972,1
1505823551,21847648,46.81,17.73991177,1
1505823549,21847640,46.81,0.13008823,0
1505823548,21847638,46.81,17.86991177,0
1505823547,21847637,46.81,0.00008823,0
1505823547,21847636,46.81,17.75999210,1
1505823545,21847635,46.79,0.11000000,0
1505823545,21847634,46.77,0.00000790,0
1505823537,21847630,46.77,9.99999189,1
1505823535,21847627,46.77,30.94000811,1
1505823535,21847626,46.78,9.99991043,1
1505823535,21847625,46.78,10.11008957,1
1505823534,21847624,46.80,10.00000000,1
1505823475,21847579,46.89,0.95000000,1
1505823474,21847577,46.89,0.11000000,0
1505823471,21847574,46.81,9.62335100,1
1505823223,21847430,46.82,18.81000000,1
1505823065,21847327,46.95,1.00000000,0
1505823003,21847228,47.00,0.19000000,1
1505823000,21847223,47.00,1.70000000,1
1505823000,21847222,46.99,0.11000000,0
1505822929,21847168,47.05,10.00000000,1
1505822927,21847163,47.06,14.99999363,1
1505822908,21847141,47.02,0.04000000,1
1505822908,21847140,47.02,2.37000000,1
1505822908,21847137,47.02,2.10000000,1
1505822907,21847136,47.02,10.49000000,1
1505822906,21847135,47.01,9.88587400,1
1505822906,21847134,47.01,1.45882600,1
1505822904,21847132,47.01,0.88048200,1
1505822903,21847130,47.01,12.66069200,1
1505822902,21847129,47.00,1.14456000,1
1505822901,21847126,47.00,16.69902958,1
1505822899,21847122,46.99,1.56505800,1
1505822899,21847121,46.99,17.55470000,1
1505822899,21847120,46.99,17.55470000,1
1505822899,21847119,46.99,0.69722328,1
1505822899,21847118,46.99,16.85747672,1
1505822898,21847117,46.99,17.55470000,1
1505822898,21847116,46.99,17.55470000,1
1505822898,21847115,46.99,15.60390928,1
1505822898,21847114,46.99,1.95079072,1
1505822898,21847113,46.99,4.90458428,1
1505822897,21847112,47.00,15.00000000,0
1505822897,21847111,46.99,6.99743286,1
1505822897,21847110,46.99,5.65268286,1
1505822897,21847109,46.99,1.34475000,1
1505822896,21847108,47.00,17.55470000,1
1505822896,21847107,47.00,6.73820963,1
1505822895,21847106,47.00,3.22000000,1
1505822895,21847105,47.00,7.59649037,1
1505822895,21847104,47.00,8.50350963,1
1505822894,21847103,47.00,9.05119037,0
1505822894,21847101,47.00,17.55470000,0
1505822893,21847099,47.00,17.55470000,0
1505822893,21847097,46.99,16.10000000,0
1505822893,21847096,46.99,0.10995000,0
1505822892,21847095,46.99,0.00005000,0
1505822892,21847093,46.91,1.34465000,0
1505822883,21847086,46.92,13.65451758,1
1505822880,21847083,46.92,1.34548242,1
1505822879,21847079,46.91,1.34548242,1
1505822879,21847078,46.91,13.18951758,1
1505822879,21847076,46.91,1.34548242,1
1505822833,21847046,46.91,0.11000000,1
1505822833,21847045,46.91,0.11000000,1
1505822833,21847044,46.91,0.11000000,1
1505822833,21847043,46.91,0.11000000,1
1505822833,21847042,46.91,0.11000000,1
1505822831,21847040,46.88,0.11000000,0
1505822830,21847037,46.91,0.11000000,1
1505822830,21847036,46.91,0.11000000,1
1505822830,21847035,46.89,0.11000000,0
1505822804,21847013,46.81,15.00000000,1
1505822784,21847001,46.81,0.11314400,1
1505822716,21846972,46.85,3.09214800,1
1505822707,21846956,46.90,0.00000200,1
1505822706,21846954,46.90,36.64999800,1
1505822706,21846953,46.91,16.31091200,1
1505822698,21846947,46.93,8.24355615,1
1505822687,21846938,46.91,2.00000000,1
1505822626,21846879,46.99,7.85000000,0
1505822605,21846852,47.08,1.42000000,0
1505822605,21846851,47.07,1.08200532,0
1505822605,21846850,47.04,5.99791674,0
1505822604,21846848,47.04,42.03269530,1
1505822604,21846845,47.04,5.99799448,1
1505822603,21846844,47.07,1.08200552,1
1505822601,21846841,47.04,1.85923983,1
1505822601,21846840,47.08,0.56354817,1
1505822597,21846831,47.08,1.19000000,0
1505822595,21846830,47.04,0.11007039,1
1505822595,21846829,47.04,49.89000000,1
1505822594,21846828,47.04,0.11000000,1
1505822593,21846827,47.00,8.05000000,0
1505822593,21846826,47.00,50.00000000,0
1505822592,21846823,47.00,50.00000000,0
1505822592,21846821,47.00,50.00000000,0
1505822592,21846819,47.00,50.00000000,0
1505822592,21846817,47.00,43.95000000,0
1505822592,21846816,46.99,5.94000000,0
1505822592,21846815,46.99,0.11000000,0
1505822574,21846798,46.89,0.11000000,0
1505822555,21846774,47.00,50.00000000,0
1505822555,21846772,47.00,50.00000000,0
1505822555,21846771,47.00,48.00000000,0
1505822555,21846770,47.00,1.00000000,0
1505822555,21846769,47.00,1.00000000,0
1505822553,21846765,46.99,3.56975016,1
1505822553,21846764,46.99,2.14024984,1
1505822551,21846758,46.99,4.60975016,1
1505822551,21846757,46.99,0.00024984,1
1505822551,21846755,46.99,6.74975016,1
1505822551,21846754,46.99,6.75000000,1
1505822549,21846753,46.99,6.75000000,0
1505822539,21846738,46.99,13.27920000,0
1505822539,21846737,46.99,0.00001600,0
1505822539,21846736,46.98,13.27918400,0
1505822532,21846729,46.99,2.12279208,0
1505822531,21846727,46.98,9.99999979,1
1505822527,21846724,46.99,0.60420000,0
1505822526,21846723,46.99,3.70290000,0
1505822526,21846720,46.99,3.70290000,0
1505822526,21846718,46.98,0.00003542,0
1505822525,21846717,46.98,3.70290000,0
1505822522,21846713,46.98,32.05664700,0
1505822516,21846707,46.98,5.00000000,0
1505822501,21846694,46.99,1.51049500,0
1505822499,21846692,46.98,3.48973500,0
1505822493,21846683,46.99,1.64666065,0
1505822492,21846682,46.99,0.11000000,0
1505822492,21846681,46.97,32.88085481,1
1505822484,21846678,46.94,0.00003091,0
1505822484,21846676,46.94,17.86996909,0
1505822484,21846675,46.94,0.00983091,0
1505822412,21846605,46.92,0.15000000,0
1505822378,21846526,46.70,9.00601000,1
1505822376,21846522,46.69,16.16740000,0
1505822375,21846520,46.70,5.65910000,1
1505822375,21846519,46.73,5.65910000,1
1505822374,21846517,46.92,0.95143516,1
1505822372,21846512,46.91,0.38000000,0
1505822372,21846511,46.90,1.00000000,0
1505822372,21846510,46.89,0.11000000,0
1505822372,21846509,46.85,1.11265484,0
1505822370,21846507,46.79,0.11000000,0
1505822370,21846506,46.79,1.77314903,0
1505822370,21846503,46.76,1.77531380,0
1505822370,21846502,46.76,1.77505532,0
1505822370,21846501,46.75,3.50000000,0
1505822370,21846499,46.69,0.11000000,0
1505822370,21846497,46.66,0.10749182,0
1505822369,21846495,46.63,1.53905373,0
1505822369,21846493,46.63,0.24096024,0
1505822369,21846492,46.59,0.11000000,0
1505822369,21846491,46.57,1.78259753,0
1505822369,21846490,46.57,1.76900338,0
1505822369,21846489,46.55,0.00000046,0
1505822367,21846486,46.55,23.69473400,0
1505822367,21846485,46.53,0.11000000,0
1505822355,21846476,46.49,0.11000000,0
1505822322,21846450,46.53,1.67413857,0
1505822322,21846448,46.48,0.11000000,0
1505822299,21846419,46.49,1.93095289,0
1505822298,21846418,46.49,0.37000000,1
1505822296,21846410,46.50,21.28747298,0
1505822294,21846407,46.49,0.79000000,0
1505822284,21846389,46.50,26.63887300,0
1505822283,21846385,46.50,52.07365402,0
1505822283,21846383,46.50,7.98047198,0
1505822282,21846381,46.50,73.50307800,0
1505822282,21846380,46.49,1.16000000,0
1505822269,21846338,46.41,2.00000000,1
1505822268,21846336,46.50,3.49322501,0
1505822268,21846335,46.49,0.12677499,0
1505822268,21846334,46.49,1.38000000,0
1505822258,21846329,46.50,1.77531380,0
1505822255,21846327,46.50,10.00000000,0
1505822249,21846323,46.50,3.24791121,0
1505822248,21846322,46.49,1.63000000,0
1505822248,21846321,46.49,0.11000000,0
1505822248,21846320,46.45,0.01208879,0
1505822211,21846296,46.40,1.68139329,0
1505822210,21846295,46.40,1.78911671,0
1505822210,21846294,46.39,0.11000000,0
1505822196,21846278,46.37,2.18000000,0
1505822196,21846277,46.36,36.32000000,0
1505822190,21846269,46.36,5.16393443,0
1505822135,21846239,46.38,1.53905373,1
1505822132,21846234,46.38,0.24096024,0
1505822127,21846231,46.36,1.79043114,0
1505822126,21846230,46.35,1.65510000,1
1505822126,21846229,46.35,1.65510000,1
1505822126,21846228,46.35,1.51937467,1
1505822124,21846223,46.35,0.13572533,0
1505822124,21846222,46.35,1.65510000,0
1505822122,21846218,46.32,0.11000000,1
1505822122,21846217,46.33,0.11001136,1
1505822122,21846216,46.32,1.54508864,0
1505822121,21846215,46.29,0.11000000,0
1505821791,21846080,46.31,1.00000000,1
1505821777,21846073,46.34,0.00045662,0
1505821776,21846072,46.31,6.51025697,1
1505821775,21846070,46.31,5.55000000,0
1505821652,21845991,46.31,1.78259753,0
1505821645,21845978,46.31,7.18223855,0
1505821645,21845977,46.29,0.11000000,0
1505821645,21845975,46.27,0.00855945,0
1505821547,21845817,46.26,0.83330000,1
1505821547,21845816,46.26,6.07010000,1
1505821535,21845809,46.22,2.36603220,0
1505821535,21845808,46.20,1.79659943,0
1505821535,21845807,46.19,0.11000000,0
1505821535,21845806,46.18,1.79745369,0
1505821527,21845794,46.15,17.78924409,1
1505821527,21845793,46.15,8.98048508,1
1505821527,21845792,46.17,23.20040000,1
1505821524,21845786,46.12,11.43993908,0
1505821524,21845785,46.12,0.32050511,0
1505821524,21845784,46.10,11.43993900,0
1505821523,21845781,46.13,8.66952089,1
1505821522,21845778,46.13,12.48047911,0
1505821520,21845775,46.12,0.00002900,1
1505821520,21845774,46.17,2.26110000,1
1505821518,21845765,46.12,18.12438800,1
1505821517,21845763,46.15,1.78888511,0
1505821515,21845759,46.13,12.48047911,1
1505821512,21845751,46.16,4.05000000,1
1505821512,21845747,46.16,6.84804838,1
1505821511,21845743,46.16,15.30076166,1
1505821510,21845742,46.13,12.23008137,0
1505821510,21845740,46.13,0.25039774,1
1505821509,21845736,46.13,22.12960226,1
1505821508,21845735,46.15,1.79884044,0
1505821508,21845734,46.13,50.62489117,1
1505821507,21845728,46.14,9.39000000,0
1505821505,21845727,46.12,0.63000000,1
1505821502,21845710,46.11,8.98879788,1
1505821500,21845705,46.10,0.00004353,0
1505821500,21845704,46.10,46.41870000,0
1505821492,21845697,46.10,1.79082533,0
1505821488,21845693,46.10,1.79043114,0
1505821486,21845690,46.09,0.00001986,0
1505821486,21845687,46.09,1.80110000,0
1505821486,21845686,46.09,0.11000000,0
1505821479,21845683,46.08,15.52008571,0
1505821479,21845682,46.06,0.01311429,0
1505821464,21845662,46.05,5.19405000,1
1505821454,21845651,46.05,0.11000000,1
1505821450,21845637,46.01,0.00000898,0
1505821450,21845636,46.01,0.07019192,0
1505821450,21845635,46.01,0.63180808,0
1505821450,21845634,46.01,1.10230000,0
1505821450,21845632,46.00,1.80430000,0
1505821447,21845624,46.00,1.80430898,0
1505821444,21845613,46.00,11.68002564,1
1505821443,21845612,46.00,10.00000000,0
1505821443,21845611,45.99,17.23767436,0
1505821443,21845609,45.98,0.11000000,0
1505821409,21845595,45.99,2.53000000,0
1505821409,21845594,45.99,0.11000000,0
1505821340,21845556,45.76,2.75000000,1
1505821325,21845548,45.75,2.75000000,1
1505821257,21845511,45.97,0.00037602,1
1505821256,21845509,45.97,1.14357800,1
1505821236,21845476,45.97,1.09974598,1
1505821234,21845472,45.94,2.24367558,0
1505821187,21845416,45.95,4.15891000,0
1505821186,21845415,45.89,0.11000000,0
1505821162,21845396,45.77,3.00000000,0
1505821049,21845305,45.84,35.13044132,1
1505820930,21845221,45.98,1.25237481,1
1505820899,21845190,45.94,7.43100000,1
1505820856,21845158,45.91,6.14994599,1
1505820851,21845154,45.90,5.00000000,0
1505820824,21845126,45.88,18.61829599,0
1505820823,21845120,45.89,24.35003182,0
1505820823,21845119,45.89,4.75000000,0
1505820822,21845116,45.90,20.01000000,1
1505820822,21845111,45.90,3.75000000,1
1505820811,21845068,45.87,5.40258558,1
1505820811,21845064,45.86,3.00000000,1
1505820809,21845058,45.85,0.49965024,0
1505820787,21845027,45.95,1.79659943,0
1505820779,21845018,46.00,0.47651456,0
1505820779,21845017,46.00,1.45459576,0
1505820779,21845016,46.00,0.34997663,0
1505820779,21845015,46.00,100.00000000,0
1505820779,21845014,46.00,1.00000000,0
1505820779,21845013,46.00,1.00000000,0
1505820779,21845012,45.99,3.98000000,0
1505820778,21845011,45.99,0.11000000,0
1505820778,21845010,45.95,1.79721871,0
1505820778,21845009,45.95,0.00928124,0
1505820778,21845008,45.95,0.01197683,0
1505820778,21845007,45.89,1.60420761,0
1505820777,21845006,45.89,0.11000000,0
1505820777,21845005,45.83,17.87000000,1
1505820777,21845004,45.79,0.11000000,0
1505820775,21845000,45.77,0.30054709,0
1505820737,21844970,45.69,2.73619612,1
1505820687,21844908,45.79,20.69948669,0
1505820687,21844907,45.78,6.83000000,0
1505820686,21844906,45.78,0.69680466,0
1505820686,21844905,45.77,0.30033665,0
1505820686,21844904,45.76,28.52000000,0
1505820684,21844900,45.77,0.00021044,1
1505820678,21844892,45.77,0.30054709,1
1505820659,21844839,45.84,20.69944269,1
1505820659,21844834,45.79,0.11000000,0
1505820656,21844817,45.78,45.14994736,1
1505820603,21844715,45.77,1.50000000,1
1505820561,21844657,45.76,2.08882060,0
1505820540,21844624,45.76,6.73132800,0
1505820533,21844619,45.76,2.17985140,0
1505820505,21844581,45.72,9.56904000,0
1505820505,21844578,45.71,2.87867000,0
1505820501,21844555,45.82,1.80111986,0
1505820501,21844554,45.82,1.79960552,0
1505820499,21844548,45.95,47.87762185,1
1505820499,21844547,45.95,9.56904000,1
1505820498,21844546,45.92,1.80750411,0
1505820498,21844545,45.91,0.44623170,0
1505820498,21844544,45.91,0.45278023,0
1505820498,21844543,45.91,0.45278023,0
1505820497,21844542,45.91,0.45278023,0
1505820497,21844541,45.91,5.32343606,0
1505820497,21844539,45.89,0.11000000,0
1505820497,21844538,45.87,2.55000000,0
1505820497,21844537,45.87,15.67720000,1
1505820497,21844535,45.87,9.56904000,1
1505820496,21844529,45.86,2.62450083,1
1505820496,21844528,45.83,1.81106797,0
1505820495,21844527,45.83,23.63160726,1
1505820495,21844526,45.82,1.81147490,0
1505820495,21844524,45.82,1.81172115,0
1505820495,21844523,45.81,38.92649859,0
1505820494,21844521,45.80,12.73000000,0
1505820494,21844520,45.79,0.11000000,0
1505820494,21844519,45.78,17.87000000,0
1505820492,21844518,45.77,15.67542300,0
1505820422,21844466,45.75,0.00017659,1
1505820415,21844454,45.75,49.99982341,1
1505820374,21844433,45.56,2.67245350,1
1505820374,21844432,45.60,1.08000000,1
1505820373,21844431,45.60,2.53160650,1
1505820371,21844427,45.60,5.50321200,1
1505820371,21844426,45.60,17.16561900,1
1505820356,21844414,45.61,3.98672000,1
1505820349,21844405,45.61,21.03702700,1
1505820345,21844401,45.61,19.86856800,1
1505820282,21844384,45.62,7.40070000,1
1505820248,21844370,45.61,3.18074700,1
1505820161,21844341,45.61,0.44392523,1
1505820027,21844235,45.60,0.44623170,1
1505820022,21844232,45.60,0.45278023,1
1505820017,21844229,45.61,0.45278023,1
1505820012,21844220,45.60,0.45278023,1
1505820011,21844218,45.72,8.44879265,1
1505820010,21844217,45.72,2.46000000,0
1505820006,21844216,45.60,0.45278023,1
1505820000,21844211,45.61,0.45278023,0
1505819984,21844205,45.73,4.36256287,0
1505819815,21844140,45.70,15.00000000,0
1505819571,21844014,45.79,1.47427371,1
1505819571,21844013,45.79,0.11000000,0
1505819569,21844008,45.75,3.41595629,0
1505819527,21843994,45.75,2.58404371,0
1505819404,21843817,45.77,2.00000000,0
1505819344,21843775,45.81,26.27352106,0
1505819344,21843774,45.80,6.28000000,1
1505819342,21843773,45.79,0.11000000,0
1505819320,21843703,45.76,6.16433000,1
1505819319,21843701,45.76,2.00000000,1
1505819310,21843688,45.75,2.00000000,0
1505819283,21843660,45.74,2.00000000,1
1505819278,21843654,45.74,2.00000000,1
1505819236,21843633,45.80,8.65690400,0
1505819236,21843632,45.79,0.11000000,0
1505819191,21843588,45.70,4.00000000,1
1505819120,21843517,45.81,1.79998035,0
1505819117,21843514,45.80,1.80223100,0
1505819114,21843513,45.80,0.27246731,0
1505819113,21843512,45.78,1.81302736,0
1505819113,21843511,45.77,0.00043731,0
1505819113,21843510,45.77,0.62468099,0
1505819113,21843509,45.77,1.18852510,0
1505819111,21843507,45.75,1.40757305,0
1505819082,21843494,45.74,4.70277000,0
1505819048,21843474,45.75,2.18032787,0
1505818916,21843346,45.61,14.00000000,1
1505818801,21843107,45.75,34.77412192,1
1505818800,21843100,45.75,23.67695200,0
1505818794,21843089,45.76,17.58430166,1
1505818791,21843080,45.76,1.79022000,1
1505818790,21843079,45.76,1.79778000,1
1505818787,21843074,45.76,1.79778000,1
1505818787,21843073,45.76,3.80479200,1
1505818785,21843070,45.75,4.23509200,0
1505818784,21843069,45.74,23.88383300,0
1505818774,21843061,45.60,1.00000000,1
1505818674,21842910,45.75,0.07020090,1
1505818671,21842882,45.75,0.63180808,1
1505818669,21842872,45.75,1.10230000,0
1505818664,21842858,45.69,1.25929454,1
1505818661,21842854,45.70,1.79721871,0
1505818659,21842844,45.69,0.54540424,0
1505818657,21842841,45.69,1.45459576,1
1505818652,21842827,45.69,1.46684175,0
1505818651,21842824,45.66,1.81778310,0
1505818651,21842821,45.65,1.80822007,0
1505818651,21842820,45.65,0.01022804,0
1505818651,21842819,45.64,1.81881371,0
1505818649,21842816,45.63,1.80665109,0
1505818649,21842814,45.63,0.01241658,0
1505818612,21842622,45.62,1.44000000,0
1505818612,21842617,45.60,4.67902300,0
1505818596,21842578,45.54,1.78898000,1
1505818594,21842566,45.62,1.80750411,0
1505818587,21842545,45.60,1.53979851,0
1505818587,21842543,45.60,1.53979851,0
1505818586,21842541,45.60,1.53979851,0
1505818574,21842515,45.53,3.24957633,1
1505818535,21842438,45.52,0.00043731,1
1505818505,21842426,45.54,0.75000000,1
1505818367,21842348,45.59,10.64873032,0
1505818363,21842342,45.54,1.09999453,0
1505818363,21842341,45.53,0.89778347,0
1505818360,21842337,45.53,0.20158860,1
1505818350,21842318,45.53,1.09993389,1
1505818345,21842311,45.53,1.09955744,1
1505818342,21842306,45.53,2.59892007,1
1505818297,21842261,45.52,0.62468099,1
1505818163,21842080,45.57,3.28330042,1
1505818133,21842064,45.52,1.18852510,1
1505818133,21842063,45.52,1.81147490,1
1505818050,21841966,45.53,1.81302736,1
1505818037,21841947,45.53,26.70000000,0
1505818037,21841943,45.53,0.91551482,0
1505818036,21841942,45.53,1.12266820,0
1505818036,21841941,45.53,1.09565599,0
1505818036,21841940,45.53,1.81172115,0
1505818035,21841938,45.53,1.81106797,0
1505818033,21841930,45.63,31.27569581,1
1505818033,21841929,45.63,12.88319088,1
1505818033,21841928,45.63,50.00000000,1
1505818032,21841926,45.62,0.00000044,0
1505818032,21841924,45.60,1.19620999,0
1505818032,21841922,45.60,1.53734131,1
1505818031,21841921,45.54,31.32764500,1
1505818031,21841920,45.54,3.07941082,1
1505818030,21841918,45.60,0.62434210,0
1505818030,21841917,45.60,11.00000000,1
1505818030,21841914,45.59,0.02256006,0
1505818029,21841912,45.57,0.00000036,0
1505818029,21841911,45.56,1.89000000,1
1505818029,21841906,45.54,1.82266826,0
1505818028,21841905,45.52,0.09866450,0
1505818028,21841903,45.52,1.72482814,0
1505818027,21841902,45.51,26.25000000,1
1505818027,21841901,45.51,9.44000000,1
1505818027,21841900,45.51,1.82415551,0
1505818027,21841899,45.50,1.82448622,0
1505818027,21841898,45.50,3.50000000,0
1505818026,21841897,45.48,1.82523715,0
1505818026,21841896,45.44,1.70688754,0
1505818026,21841895,45.44,0.12000000,0
1505818026,21841894,45.42,0.26923813,0
1505818025,21841893,45.40,0.01451282,0
1505818025,21841890,45.40,1.81393000,0
1505818021,21841880,45.37,0.01290342,0
1505818001,21841819,45.33,1.83112258,0
1505818001,21841818,45.33,0.01231746,0
1505818000,21841811,45.32,7.58340319,0
1505817999,21841809,45.32,1.81881371,0
1505817998,21841808,45.32,1.81778310,0
1505817993,21841797,45.32,11.66353973,0
1505817993,21841796,45.32,1.66646027,0
1505817993,21841795,45.32,0.33353973,0
1505817991,21841790,45.32,1.49819488,0
1505817991,21841789,45.32,0.50190067,0
1505817991,21841788,45.32,1.32846392,0
1505817991,21841786,45.32,1.83149509,0
1505817989,21841782,45.31,0.00000044,0
1505817989,21841781,45.31,33.61947000,0
1505817989,21841779,45.31,15.88052956,0
1505817988,21841778,45.31,0.33139833,0
1505817988,21841777,45.31,1.49809911,0
1505817981,21841762,45.27,1.83361005,0
1505817981,21841760,45.27,0.00000116,0
1505817981,21841759,45.26,0.75211579,0
1505817778,21841400,45.24,1.00000000,1
1505817726,21841342,45.25,1.00102940,0
1505817599,21841306,45.24,5.75000000,1
1505817546,21841279,45.24,21.49093302,0
1505817448,21841222,45.01,4.00324783,0
1505817447,21841221,45.01,0.33353973,1
1505817321,21841139,45.22,0.09866450,1
1505817320,21841138,45.22,1.72482814,1
1505817318,21841131,45.01,1.49819488,0
1505817316,21841128,45.01,0.33139833,1
1505817316,21841126,45.01,1.49809911,1
1505817316,21841125,45.02,0.50190067,1
1505817306,21841110,45.02,1.32846392,1
1505817226,21841030,45.23,4.41123148,0
1505817179,21841021,45.17,1.82448622,0
1505817173,21840989,45.05,3.32230855,0
1505817161,21840965,45.24,1.82266826,0
1505817157,21840961,45.07,1.10642930,1
1505817157,21840960,45.07,0.00007170,0
1505817141,21840932,45.06,1.01231200,0
1505817090,21840852,45.07,18.33296558,1
1505817089,21840850,45.08,23.86994810,1
1505817089,21840846,45.08,32.93000000,1
1505817071,21840830,45.19,6.66712563,1
1505817071,21840829,45.26,0.24237737,1
1505817071,21840828,45.19,18.93012626,0
1505817025,21840753,45.18,1.32846392,0
1505816981,21840664,45.19,1.06987374,0
1505816979,21840663,45.15,1.11000000,0
1505816785,21840608,45.20,0.11017699,0
1505816711,21840586,45.24,19.18427326,1
1505816709,21840585,45.24,0.65989120,0
1505816613,21840501,45.16,5.03023000,0
1505816406,21840319,45.22,1.82523715,0
1505816270,21840196,45.01,4.68556100,1
1505816269,21840193,45.19,1.82415551,0
1505816269,21840191,45.01,5.31443900,1
1505816264,21840178,45.24,10.05625644,0
1505816264,21840177,45.24,2.99812021,0
1505816264,21840176,45.23,13.02000000,0
1505816264,21840175,45.23,0.00000175,0
1505816264,21840174,45.23,1.83240575,0
1505816263,21840173,45.23,42.95907700,1
1505816263,21840171,45.22,2.60000000,0
1505816263,21840170,45.22,1.38149768,0
1505816263,21840168,45.10,17.87000000,1
1505816261,21840167,45.10,17.65320212,0
1505815692,21839773,45.10,0.21679788,0
1505815573,21839624,45.19,1.70688754,1
1505815572,21839620,45.19,0.12000000,0
1505815571,21839616,44.89,1.84732383,0
1505815569,21839613,44.88,1.19171214,0
1505815475,21839487,44.88,0.65931372,0
1505815475,21839486,44.86,0.43000000,0
1505815474,21839485,44.85,1.85350602,0
1505815474,21839482,44.84,1.85433422,0
1505815472,21839478,44.83,1.85350602,0
1505815411,21839449,44.76,1.85931899,1
1505815292,21839362,44.69,1.85931899,1
1505815104,21839109,44.66,1.85848634,0
1505815101,21839108,44.88,7.04873555,1
1505815099,21839107,44.84,21.09500000,0
1505814808,21838894,44.64,66.31367993,0
1505814781,21838889,44.64,0.50000000,0
1505814741,21838865,44.64,0.50000000,0
1505814740,21838846,44.60,0.01366271,0
1505814705,21838806,44.64,17.87000000,0
1505814704,21838805,44.64,17.87000000,1
1505814661,21838716,44.87,0.01040000,1
1505814580,21838662,44.83,14.89000000,0
1505814493,21838619,44.92,0.43313600,0
1505814436,21838604,44.87,2.98608000,0
1505814388,21838581,44.94,0.44392523,0
1505814355,21838563,45.12,0.77324581,1
1505814355,21838562,45.09,0.12000000,0
1505814355,21838561,44.99,0.12000000,0
1505814353,21838560,44.80,1.20628457,0
1505814139,21838333,44.79,0.43215507,1
1505814067,21838302,44.80,1.75870000,0
1505814067,21838300,44.80,7.79891043,0
1505814026,21838257,44.80,1.47834300,0
1505814012,21838242,44.80,2.00000000,0
1505814007,21838237,44.80,2.04597700,0
1505813921,21838187,44.80,1.85598700,1
1505813921,21838186,44.80,1.85579800,1
1505813921,21838185,44.81,10.00000000,1
1505813911,21838180,44.82,23.69999500,0
1505813735,21838096,44.81,1.84110100,0
1505813723,21838091,44.81,1.29676581,0
1505813723,21838090,44.81,1.78112935,0
1505813723,21838088,44.80,1.85599284,0
1505813596,21838015,44.81,2.22606561,0
1505813593,21838006,44.81,2.61097932,1
1505813589,21837982,44.81,0.69951034,1
1505813589,21837981,44.80,0.69951034,0
1505813585,21837972,44.75,10.92213962,0
1505813583,21837963,44.80,0.00048966,1
1505813578,21837943,44.80,0.69951034,1
1505813576,21837933,44.81,3.86000000,1
1505813572,21837918,44.81,4.34695713,1
1505813530,21837877,44.85,4.43000000,1
1505813498,21837848,44.87,4.26970471,1
1505813496,21837847,44.86,0.00008895,0
1505813491,21837843,44.86,23.60000000,1
1505813454,21837750,45.21,2.24043353,0
1505813454,21837749,45.19,0.12000000,0
1505813453,21837747,45.18,2.36000000,0
1505813453,21837744,45.18,5.64971751,1
1505813453,21837743,45.17,28.88000000,0
1505813452,21837741,45.09,5.10336073,1
1505813451,21837737,45.09,0.12000000,0
1505813340,21837587,45.21,1.08071649,0
1505813263,21837523,44.88,0.26000000,1
1505813259,21837519,45.22,2.58447589,1
1505813257,21837517,45.21,1.82824044,0
1505813172,21837483,45.19,1.22586335,1
1505813170,21837482,45.19,0.01025083,0
1505813076,21837444,45.17,1.10405136,0
1505813060,21837425,45.19,0.10974917,0
1505813060,21837424,45.18,2.51000000,0
1505813058,21837422,45.17,1.79585200,0
1505812835,21837334,45.21,20.66290643,1
1505812835,21837333,45.09,3.10000000,0
1505812835,21837331,45.09,15.49000000,0
1505812834,21837330,45.03,15.47576172,1
1505812833,21837327,45.03,4.97443825,0
1505812539,21837050,44.77,1.68069748,1
1505812499,21836798,45.22,0.44537815,0
1505812499,21836797,45.19,0.12000000,0
1505812499,21836796,45.09,0.12000000,0
1505812498,21836795,45.08,2.14000000,0
1505812498,21836794,44.99,0.12000000,0
1505812498,21836793,44.99,0.00663173,0
1505812497,21836792,44.90,0.73941129,0
1505812497,21836791,44.90,0.73889356,0
1505812346,21836745,44.90,0.00051773,1
1505812341,21836740,44.90,0.73941129,1
1505812325,21836734,44.90,0.00007098,0
1505811685,21836348,44.87,15.50467997,1
1505811685,21836347,44.89,0.50000000,1
1505811563,21836293,44.90,1.82687583,1
1505811563,21836292,44.93,0.00000175,1
1505811514,21836263,44.99,0.11336827,0
1505811317,21836202,44.93,1.83240575,1
1505811227,21836031,45.00,20.53300000,1
1505811223,21836019,45.01,23.63000000,0
1505811164,21835948,45.15,0.00027905,1
1505811073,21835902,45.15,29.55289924,1
1505810967,21835822,45.24,0.00007353,1
1505810965,21835815,45.24,37.41665739,1
1505810964,21835811,45.24,72.52864256,1
1505810964,21835810,45.25,23.47135722,1
1505810962,21835800,45.25,7.71931504,1
1505810961,21835796,45.25,2.54932774,0
1505810957,21835790,45.24,5.15353418,1
1505810955,21835786,45.25,18.79097400,1
1505810952,21835785,45.24,10.71614764,1
1505810951,21835782,45.25,7.12174284,1
1505810951,21835781,45.25,12.16781416,1
1505810948,21835776,45.25,15.86218584,0
1505810948,21835774,45.24,27.46842031,1
1505810947,21835772,45.24,4.66306481,1
1505810947,21835769,45.24,76.30764000,1
1505810946,21835766,45.24,2.70879545,1
1505810946,21835763,45.24,4.71018129,1
1505810945,21835757,45.24,12.00000000,1
1505810944,21835756,45.24,15.78100000,1
1505810944,21835751,45.24,7.09949191,1
1505810943,21835749,45.24,5.04635093,1
1505810942,21835745,45.24,15.33000000,0
1505810942,21835744,45.22,3.07000000,0
1505810933,21835733,45.24,2.75468181,0
1505810933,21835732,45.24,12.24554819,0
1505810817,21835612,45.22,6.61764705,0
1505810758,21835551,45.17,1.10405136,0
1505810707,21835511,45.23,1.82243120,0
1505810706,21835508,45.24,1.82266826,0
1505810702,21835500,45.24,6.51259946,1
1505810702,21835498,45.14,1.00000000,0
1505810701,21835496,45.12,1.17252078,0
1505810700,21835495,45.11,5.29399291,0
1505810655,21835444,45.11,9.67036134,0
1505810460,21835321,45.12,1.82747922,0
1505810459,21835320,44.82,1.00000000,0
1505810360,21835274,44.81,1.00000000,1
1505810134,21835200,45.11,2.00023000,0
1505809937,21835018,45.11,0.29291776,1
1505809936,21835017,45.11,21.18000000,0
1505809926,21835009,44.84,2.87288114,1
1505809819,21834899,44.80,3.31693000,1
1505809818,21834891,44.80,1.38584000,1
1505809736,21834701,45.09,1.82834451,0
1505809735,21834698,45.10,1.82834451,0
1505809711,21834657,44.88,21.27831774,0
1505809553,21834532,45.02,4.87450022,0
1505809487,21834481,45.08,1.82915566,0
1505809478,21834471,45.09,0.00914311,1
1505809477,21834467,45.09,1.81947881,1
1505809476,21834463,45.09,0.00008504,0
1505809476,21834462,44.91,3.34014496,1
1505809475,21834461,44.91,6.66000000,0
1505809472,21834453,45.10,1.82828963,0
1505809465,21834432,45.11,0.61480935,0
1505809465,21834430,45.11,0.01451282,0
1505809465,21834429,45.11,1.81393000,0
1505809462,21834415,45.25,7.38884902,1
1505809462,21834413,45.25,12.48828100,1
1505809462,21834411,45.25,10.00000000,1
1505809462,21834409,45.25,0.80451925,1
1505809462,21834407,45.25,5.64971751,1
1505809462,21834405,45.25,5.27196589,1
1505809461,21834403,45.25,2.95546000,1
1505809460,21834400,45.25,75.62995000,1
1505809460,21834397,45.25,10.70000000,1
1505809459,21834393,45.26,0.97456473,0
1505809459,21834392,45.26,0.12000000,0
1505809459,21834391,45.25,32.67236686,1
1505809458,21834390,45.25,1.76861739,1
1505809458,21834387,45.25,1.29000000,1
1505809457,21834386,45.25,5.44140525,1
1505809456,21834385,45.25,1.83442741,0
1505809456,21834384,45.25,1.83464553,0
1505809456,21834383,45.24,2.60000000,0
1505809456,21834382,45.24,1.01340512,0
1505809456,21834381,45.24,0.82135706,0
1505809456,21834380,45.22,0.18232158,0
1505809455,21834379,45.22,1.64089419,0
1505809455,21834378,45.22,0.01253570,0
1505809455,21834377,45.20,1.83648858,0
1505809455,21834376,45.19,0.12000000,0
1505809455,21834375,45.17,1.83769807,0
1505809455,21834374,45.13,1.83953647,0
1505809455,21834373,45.11,1.84032652,0
1505809454,21834371,45.10,1.84063157,0
1505809454,21834369,45.08,1.84143096,0
1505809454,21834368,45.05,5.65184627,0
1505809454,21834367,45.04,1.33000000,0
1505809454,21834366,45.03,49.86132280,0
1505809406,21834310,45.03,1.83112258,0
1505809398,21834308,45.04,1.83078013,0
1505809394,21834305,44.82,1.82863409,0
1505809394,21834304,45.08,7.10936113,1
1505809393,21834301,45.06,1.82984884,0
1505809393,21834299,45.06,0.01232860,0
1505809393,21834297,45.06,1.84222352,0
1505809391,21834295,45.05,1.38000000,0
1505809341,21834275,44.58,4.24632122,0
1505809340,21834272,44.58,6.05000000,1
1505809241,21834223,44.95,1.83425305,0
1505809239,21834221,44.95,1.83442741,0
1505809237,21834219,44.52,6.00000000,0
1505809207,21834195,44.53,0.99474741,1
1505809177,21834182,44.94,1.01340512,1
1505809176,21834181,44.94,0.82135706,0
1505809038,21834075,45.03,1.83078013,0
1505809025,21834068,44.87,1.83769807,0
1505809013,21834061,44.89,1.83648858,0
1505808996,21834052,44.76,1.84143096,0
1505808992,21834048,44.88,1.83361041,0
1505808991,21834047,44.76,0.00000116,0
1505808991,21834045,44.76,1.82984884,1
1505808985,21834030,44.46,1.85455212,0
1505808970,21834016,44.45,0.00004365,0
1505808969,21834015,44.45,6.19000000,1
1505808951,21834009,44.47,50.28992331,1
1505808943,21834002,45.05,0.03016315,0
1505808943,21834001,45.04,1.80000000,0
1505808931,21833994,44.82,1.83953647,0
1505808915,21833971,44.84,1.84063157,0
1505808913,21833962,45.00,15.57294821,1
1505808913,21833960,45.00,17.07951679,1
1505808913,21833959,45.09,1.70864021,1
1505808912,21833951,45.09,0.12000000,0
1505808912,21833945,45.00,5.66251416,1
1505808911,21833939,45.00,10.80000000,1
1505808911,21833932,45.00,8.04519252,1
1505808911,21833930,45.00,40.63288889,1
1505808910,21833921,45.00,1.51780377,1
1505808910,21833919,45.00,55.62550000,1
1505808910,21833912,44.99,0.12000000,0
1505808909,21833910,44.97,1.84567511,0
1505808909,21833908,44.92,1.84801294,0
1505808909,21833905,44.89,2.46000000,0
1505808909,21833903,44.88,49.82000000,0
1505808909,21833900,44.88,13.28000000,0
1505808909,21833898,44.83,1.85162593,0
1505808909,21833896,44.80,0.91537000,0
1505808908,21833893,44.80,0.93749657,0
1505808908,21833891,44.78,2.66000000,0
1505808908,21833886,44.75,0.00000046,0
1505808908,21833883,44.75,1.84240100,0
1505808908,21833880,44.75,0.01266460,0
1505808908,21833878,44.65,17.45800000,0
1505808908,21833876,44.62,0.01238905,0
1505808710,21833756,44.56,5.01532315,1
1505808709,21833755,44.56,17.37000000,0
1505808537,21833597,44.58,13.29632122,0
1505808536,21833595,44.21,1.91020954,1
1505808536,21833593,44.50,0.00000046,1
1505808519,21833575,44.58,1.85162593,0
1505808516,21833572,44.50,1.84240100,1
1505808508,21833554,44.40,1.80863841,1
1505808503,21833550,44.40,2.25013000,1
1505808501,21833547,44.40,1.55354000,1
1505808499,21833541,44.40,1.09923053,0
1505808498,21833540,44.40,1.09923053,0
1505808498,21833539,44.40,1.09923053,0
1505808498,21833538,44.40,1.09000000,0
1505808456,21833469,44.13,1.11407011,1
1505808229,21833312,44.22,14.32677499,1
1505808059,21833213,44.38,1.00000000,0
1505807941,21833132,44.15,56.62550000,1
1505807719,21832978,44.31,1.86040199,0
1505807715,21832969,43.92,1.89066059,1
1505807704,21832929,44.40,18.70789283,0
1505807704,21832927,44.40,4.39042200,0
1505807704,21832926,44.40,0.73168517,0
1505807703,21832922,44.40,9.70675783,1
1505807702,21832917,44.40,3.87970000,1
1505807702,21832913,44.40,68.71189000,1
1505807701,21832912,44.40,18.76315600,1
1505807701,21832911,44.40,1.61688500,1
1505807701,21832910,44.40,69.56359000,1
1505807701,21832909,44.40,2.06947300,1
1505807701,21832908,44.40,21.01071400,1
1505807701,21832907,44.40,1.09923053,1
1505807700,21832904,44.40,5.76714700,1
1505807700,21832902,44.40,23.04373900,1
1505807700,21832901,44.40,20.81967600,1
1505807700,21832899,44.40,1.20400000,1
1505807700,21832896,44.40,1.03186471,1
1505807700,21832894,44.40,24.56190000,1
1505807698,21832891,44.40,8.68743000,1
1505807698,21832890,44.40,40.59376400,1
1505807698,21832889,44.40,1.15204400,1
1505807698,21832888,44.40,1.95921000,1
1505807698,21832887,44.40,6.98394000,1
1505807698,21832886,44.40,54.22727800,1
1505807698,21832885,44.41,3.86000000,1
1505807697,21832881,44.40,1.59217341,1
1505807696,21832877,44.40,1.56079522,1
1505807695,21832876,44.40,58.51355388,1
1505807695,21832873,44.39,2.52000000,0
1505807695,21832871,44.37,0.00008842,0
1505807695,21832870,44.29,20.00000000,0
1505807695,21832869,44.28,15.00000000,0
1505807695,21832868,44.24,2.39000000,0
1505807694,21832867,44.24,11.97000000,0
1505807378,21832476,43.87,44.05070748,1
1505807376,21832472,43.93,14.99977872,1
1505807376,21832471,43.93,0.00011404,1
1505807375,21832468,43.93,4.49988596,1
1505807374,21832464,43.94,22.55992773,1
1505807337,21832417,44.00,57.98496400,0
1505807330,21832414,43.88,1.89152233,1
1505807329,21832411,44.00,2.37857000,0
1505807315,21832387,43.86,1.89238486,0
1505807314,21832386,43.86,0.01285588,1
1505807312,21832383,44.30,19.72244508,1
1505807309,21832375,44.30,64.99543700,1
1505807309,21832374,44.30,9.48755100,1
1505807309,21832372,44.30,7.81181100,1
1505807308,21832368,44.30,20.82237500,1
1505807307,21832365,44.30,46.64151317,1
1505807307,21832363,44.31,35.95362615,1
1505807306,21832360,44.30,15.40000000,1
1505807306,21832359,44.30,3.08000000,1
1505807306,21832357,44.30,33.74160011,1
1505807305,21832356,44.30,3.49059382,0
1505807305,21832354,44.30,15.45028831,0
1505807305,21832353,44.29,35.95367210,0
1505807305,21832352,44.23,3.08000000,0
1505807304,21832351,44.23,15.40000000,0
1505807304,21832350,44.16,1.87952898,0
1505807304,21832349,44.14,1.14625091,0
1505807304,21832348,44.11,0.01271105,0
1505807304,21832347,44.10,1.88422247,0
1505807240,21832281,43.94,1.88893946,1
1505807234,21832273,43.94,1.88893946,1
1505807233,21832271,43.94,11.39596927,1
1505807233,21832269,43.95,1.87570621,1
1505807232,21832268,43.97,0.01262533,1
1505807232,21832267,43.97,1.86265709,1
1505807232,21832266,44.00,17.37000000,0
1505807230,21832263,44.04,17.37000000,1
1505807218,21832223,44.05,1.88765067,1
1505807217,21832219,43.99,0.17528284,0
1505807217,21832217,43.99,1.69830616,1
1505807217,21832215,43.99,0.17528300,1
1505807216,21832213,44.00,1.70000000,1
1505807202,21832197,44.04,5.84025600,1
1505807034,21831938,44.08,1.88294010,1
1505807030,21831932,44.08,0.01272830,0
1505807016,21831922,44.14,1.13355707,1
1505807016,21831921,44.16,1.86642680,1
1505807014,21831919,44.22,0.00001613,1
1505807012,21831909,44.22,24.57428744,1
1505807012,21831908,44.22,4.74443012,1
1505807003,21831892,44.22,1.30556988,1
1505807003,21831891,44.23,0.92803460,1
1505806988,21831855,44.30,1.66712363,1
1505806988,21831854,44.30,3.45423416,1
1505806985,21831840,44.30,6.77666584,1
1505806985,21831838,44.30,9.08551997,1
1505806983,21831830,44.30,1.14538003,1
1505806983,21831828,44.30,8.86457000,1
1505806975,21831809,44.23,0.93749657,0
1505806974,21831805,44.24,0.64830470,1
1505806937,21831735,44.37,1.16488769,1
1505806935,21831715,44.37,0.19564231,1
1505806931,21831696,44.37,1.42093000,1
1505806930,21831694,44.30,3.72861842,1
1505806819,21831387,44.37,0.19519928,0
1505806815,21831382,44.73,1.84567511,0
1505806807,21831376,44.36,1.75637599,0
1505806785,21831367,44.75,13.49028095,1
1505806785,21831366,44.75,5.55145089,1
1505806785,21831362,44.75,47.83000000,0
1505806697,21831312,44.38,23.75671440,0
1505806665,21831287,44.31,1.87358916,1
1505806650,21831270,44.32,1.87570621,1
1505806643,21831265,44.26,0.01262533,0
1505806641,21831263,44.41,4.95000000,1
1505806241,21831048,44.38,1.87021180,1
1505806201,21831023,44.92,1.83521644,0
1505806184,21831017,44.86,1.84032652,0
1505806181,21831011,44.86,0.28577797,0
1505806179,21831010,44.80,1.71773919,0
1505806171,21831006,44.55,0.85650767,0
1505806170,21831004,44.55,1.79125441,0
1505806169,21831001,44.55,8.51090200,0
1505806169,21831000,44.55,7.64104800,0
1505806166,21830994,44.55,2.28043000,0
1505806165,21830992,44.55,21.66659083,0
1505806103,21830907,44.48,1.86894843,1
1505805969,21830779,44.80,2.23214286,0
1505805924,21830756,44.80,0.16996616,0
1505805854,21830717,44.80,1.00000000,0
1505805825,21830660,44.80,0.44600000,0
1505805645,21830561,44.80,0.43415179,0
1505805573,21830522,44.83,1.08331098,0
1505805269,21830280,44.89,1.83676904,0
1505805240,21830245,44.56,1.86265709,1
1505805229,21830228,44.58,2.11393669,1
1505805129,21830127,44.82,9.03874946,0
1505805129,21830126,44.82,1.86642680,0
1505805045,21829999,44.47,1.86642680,1
1505804998,21829950,44.27,0.57891883,1
1505804998,21829949,44.27,1.29678738,1
1505804956,21829917,44.63,24.95894354,0
1505804865,21829778,44.44,1.86768676,1
1505804788,21829728,44.88,1.83037375,1
1505804788,21829727,44.89,0.00033800,1
1505804691,21829640,44.89,8.99966200,1
1505804659,21829577,44.99,7.48588554,1
1505804649,21829552,44.99,16.08884892,0
1505804649,21829551,44.99,0.12000000,0
1505804611,21829426,45.10,5.40208410,0
1505804591,21829398,45.11,3.31604610,0
1505804591,21829397,44.88,25.00000000,1
1505804560,21829377,45.16,4.81638142,0
1505804487,21829336,45.16,47.83482645,1
1505804486,21829335,45.16,15.52000000,0
1505804486,21829334,45.16,1.82785028,0
1505804486,21829333,45.16,0.01019307,0
1505804471,21829306,44.88,23.90736000,1
1505804344,21829203,44.94,2.00000000,1
1505804021,21828817,45.14,1.82671521,0
1505804019,21828813,45.09,1.82972180,0
1505804019,21828812,45.11,1.82732653,1
1505804017,21828800,45.12,0.61910038,1
1505804017,21828797,45.13,47.38089962,1
1505804015,21828780,45.11,1.84028970,0
1505804015,21828779,45.11,0.66576858,0
1505804014,21828778,45.11,1.17440855,0
1505804013,21828776,45.10,0.01245145,0
1505804010,21828759,45.08,9.36958355,0
1505804006,21828753,45.09,7.20000000,1
1505803884,21828570,45.09,0.00009170,1
1505803882,21828569,45.09,1.70791728,1
1505803875,21828561,45.09,0.12000000,0
1505803785,21828406,45.06,0.00007139,1
1505803784,21828400,45.06,1.82985953,1
1505803658,21828294,45.06,1.82989430,1
1505803652,21828286,44.86,0.00002251,1
1505803652,21828283,44.86,21.34997749,1
1505803649,21828282,44.90,20.00000000,1
1505803637,21828268,44.84,22.43906698,1
1505803637,21828267,44.85,27.07000000,1
1505803637,21828266,44.85,21.49093302,1
1505803633,21828259,44.86,18.49767344,1
1505803633,21828258,44.86,1.82785028,1
1505803633,21828257,44.87,1.67447628,1
1505803627,21828244,45.05,1.83007158,0
1505803626,21828239,44.87,0.16317582,0
1505803624,21828236,44.87,1.83682418,1
1505803619,21828230,45.07,1.82950660,0
1505803617,21828225,44.89,0.95166315,1
1505803599,21828158,44.97,0.18232158,1
1505803584,21828145,45.07,1.83149509,0
1505803581,21828141,45.07,1.81896855,1
1505803573,21828138,45.04,1.52043865,1
1505803562,21828118,45.04,1.53276038,0
1505803562,21828116,45.03,0.31026822,0
1505803555,21828100,45.03,0.40320008,0
1505803555,21828098,45.03,1.13000000,0
1505803539,21828063,44.99,1.71394398,1
1505803533,21828061,44.99,0.12000000,0
1505803531,21828053,44.97,1.64089419,1
1505803514,21828031,44.89,0.96430629,0
1505803514,21828030,44.89,0.13259725,0
1505803511,21828021,44.89,0.12000000,0
1505803502,21828006,44.82,1.85188532,0
1505803502,21828003,44.82,0.00993195,0
1505803496,21827992,44.81,0.01166516,0
1505803417,21827780,44.58,2.93473000,1
1505803395,21827752,44.67,1.84075937,0
1505803339,21827669,44.73,0.71346830,1
1505803335,21827659,44.73,1.13000000,0
1505803324,21827606,44.58,1.85188532,0
1505803321,21827603,44.58,1.84921002,0
1505803318,21827600,44.67,1.84302860,0
1505803317,21827599,44.74,4.88291643,1
1505803316,21827598,44.70,1.85712331,0
1505803316,21827597,44.70,0.65700000,0
1505803316,21827596,44.70,0.88684502,0
1505803316,21827595,44.70,0.97000000,0
1505803316,21827594,44.69,1.39000000,0
1505803315,21827593,44.69,25.79077072,0
1505803315,21827592,44.69,15.00000000,1
1505803315,21827590,44.68,6.95000000,0
1505803314,21827589,44.60,1.86128752,0
1505803314,21827588,44.59,1.07056584,0
1505803314,21827587,44.59,0.79121644,0
1505803314,21827586,44.59,0.01242331,0
1505803312,21827581,44.55,3.43233689,0
1505803304,21827568,44.56,1.83950570,1
1505803290,21827550,44.53,1.06056466,0
1505803290,21827547,44.53,0.80344635,0
1505803289,21827545,44.53,1.86433063,0
1505803233,21827419,44.48,3.57013800,0
1505803230,21827397,44.49,6.96954035,0
1505803230,21827395,44.46,0.17714465,0
1505803229,21827387,44.46,1.69096248,0
1505803229,21827386,44.44,0.17714452,0
1505803192,21827253,44.43,11.22552330,0
1505803099,21826989,44.44,1.69644464,0
1505803043,21826863,44.29,0.81344753,0
1505803040,21826858,44.43,10.00000000,1
1505802829,21826695,44.54,13.81746744,0
1505802829,21826694,44.52,1.86469216,0
1505802829,21826693,44.48,1.84637775,0
1505802828,21826692,44.47,1.86488068,0
1505802828,21826691,44.46,1.86305365,0
1505802828,21826690,44.46,0.00420942,0
1505802827,21826689,44.45,3.18000000,0
1505802827,21826688,44.44,15.89000000,0
1505802827,21826687,44.43,71.86726948,0
1505802825,21826681,44.40,0.00993426,0
1505802660,21826563,44.39,20.00000000,1
1505802302,21826310,44.39,1.74337965,0
1505802227,21826285,44.39,0.12641084,1
1505802212,21826278,44.39,1.87358916,0
1505802201,21826270,44.30,1.87358916,1
1505802108,21826231,44.30,1.71071692,1
1505802108,21826230,44.30,0.00001192,1
1505802103,21826227,44.30,1.85481197,0
1505802103,21826226,44.30,0.01910990,0
1505802103,21826225,44.30,0.00596621,0
1505802074,21826214,44.29,1.06358347,0
1505802073,21826212,44.29,0.01957608,0
1505802073,21826211,44.29,0.00557379,0
1505802065,21826206,44.27,0.00001830,0
1505802064,21826205,44.27,1.87020000,0
1505802062,21826204,44.26,1.85020604,1
1505802062,21826203,44.26,0.02507638,1
1505802056,21826200,44.26,1.87528242,1
1505802054,21826196,44.26,0.00004120,0
1505802053,21826193,44.26,1.88119180,0
1505802053,21826192,44.25,0.01920820,0
1505801908,21826120,44.24,26.38031250,1
1505801908,21826119,44.24,3.62004531,1
1505801881,21826078,44.24,1.37995469,0
1505801831,21826032,44.24,0.50000000,0
1505801621,21825898,44.04,1.88679245,1
1505801603,21825856,44.12,1.88936945,0
1505801559,21825822,44.09,0.94432490,0
1505801559,21825821,43.91,0.01325127,0
1505801559,21825820,43.90,0.01325729,0
1505801559,21825819,43.89,0.00943188,0
1505801559,21825818,43.87,0.01973466,0
1505801558,21825817,43.86,1.89411227,0
1505801542,21825815,43.80,0.01246412,0
1505801341,21825669,43.71,1.89887897,1
1505801311,21825647,43.91,0.00000004,1
1505801310,21825646,43.91,1.88251300,1
1505801310,21825645,43.94,0.01309844,1
1505801310,21825644,43.94,1.86345593,1
1505801307,21825643,43.97,1.87740330,1
1505801307,21825642,43.98,1.86215616,1
1505801307,21825641,43.98,1.87021830,1
1505801306,21825638,43.99,1.85479991,1
1505801304,21825629,44.00,1.85481197,1
1505801296,21825615,44.16,1.86305365,1
1505801290,21825604,44.16,0.00420942,0
1505801286,21825601,44.16,1.86069058,0
1505801282,21825596,44.09,0.27932748,1
1505801282,21825595,44.09,1.29500000,1
1505801282,21825594,44.09,0.29588432,1
1505801282,21825593,44.09,1.85475633,1
1505801265,21825569,44.37,1.85830459,1
1505801260,21825557,44.16,1.86852769,1
1505801260,21825556,44.17,1.86488068,1
1505801259,21825555,44.36,1.85724453,0
1505801256,21825553,44.21,0.54921991,1
1505801256,21825551,44.22,1.86469216,1
1505801255,21825550,44.22,1.84637775,1
1505801255,21825549,44.23,1.85752309,1
1505801200,21825469,44.51,1.83281794,0
1505801191,21825455,44.53,1.85139596,0
1505801188,21825449,44.38,1.57494553,1
1505801188,21825448,44.38,1.57495859,1
1505801188,21825447,44.38,1.57495859,1
1505801144,21825337,44.60,1.84881390,0
1505801143,21825336,44.38,2.28843672,0
1505801143,21825335,44.39,1.85565580,0
1505801141,21825334,44.43,1.84590748,1
1505801077,21825287,44.63,26.32500000,0
1505801076,21825286,44.62,16.27000000,0
1505801031,21825216,44.68,3.34982095,0
1505801000,21825126,44.68,0.67121056,1
1505801000,21825123,44.68,1.17449642,0
1505800999,21825119,44.68,1.34550358,0
1505800998,21825118,44.67,0.50000000,0
1505800995,21825110,44.69,0.05200991,0
1505800995,21825109,44.68,3.27000000,0
1505800994,21825108,44.68,1.85771856,0
1505800994,21825106,44.67,0.65000000,0
1505800994,21825105,44.62,0.29588432,0
1505800994,21825104,44.62,1.55175714,0
1505800994,21825103,44.62,0.01258945,0
1505800994,21825102,44.55,1.86345593,0
1505800993,21825101,44.49,1.86599541,0
1505800993,21825099,44.49,1.86569599,0
1505800993,21825097,44.48,1.86640844,0
1505800992,21825094,44.46,1.86852769,0
1505800985,21825080,44.39,3.16530000,1
1505800985,21825079,44.39,3.16530000,1
1505800985,21825078,44.39,3.16530000,1
1505800985,21825077,44.39,3.16530000,1
1505800979,21825070,44.38,0.27932748,0
1505800979,21825069,44.38,1.29500000,0
1505800969,21825056,44.38,1.55175714,1
1505800969,21825055,44.39,1.85719784,1
1505800969,21825054,44.42,0.88684502,1
1505800968,21825051,44.42,0.97000000,0
1505800965,21825042,44.39,1.87021180,1
1505800964,21825041,44.39,4.83000000,0
1505800959,21825035,44.28,1.29501065,0
1505800956,21825027,44.28,0.57949826,0
1505800956,21825026,44.26,1.87740330,0
1505800956,21825025,44.24,0.01309844,0
1505800954,21825017,44.22,1.87740330,1
1505800942,21824996,44.21,1.87511598,0
1505800942,21824995,44.20,0.00000004,0
1505800942,21824994,44.19,0.01566407,0
1505800937,21824988,44.18,1.89078029,0
1505800937,21824987,44.18,3.96000000,0
1505800937,21824986,44.18,5.33992871,0
1505800936,21824983,44.18,8.06328900,0
1505800928,21824958,44.18,1.68678229,0
1505800928,21824957,44.18,0.57125302,0
1505800924,21824947,44.18,1.71072884,0
1505800916,21824937,44.06,5.78841000,1
1505800914,21824932,44.18,14.31801814,1
1505800913,21824929,44.18,0.76573016,0
1505800912,21824928,44.18,16.60426984,0
1505800912,21824927,44.18,1.88208616,0
1505800859,21824801,43.99,1.88679245,0
1505800854,21824794,43.98,1.88722146,1
1505800846,21824785,44.20,1.88251300,0
1505800838,21824781,44.07,1.88936945,0
1505800825,21824759,44.08,3.51000000,0
1505800821,21824752,43.92,1.89023001,1
1505800819,21824748,44.08,1.89151700,1
1505800819,21824746,44.10,1.89150000,1
1505800819,21824745,44.10,1.89149967,1
1505800818,21824744,44.11,1.89150000,1
1505800817,21824738,44.18,2.83791384,0
1505800817,21824734,44.17,1.88208616,0
1505800816,21824731,44.18,1.86640844,0
1505800814,21824725,44.08,0.00000033,0
1505800813,21824714,44.08,1.89152200,0
1505800759,21824657,43.76,1.89670932,1
1505800750,21824636,43.87,3.00000000,1
1505800749,21824633,44.14,1.87030801,0
1505800748,21824631,43.87,0.01157289,1
1505800745,21824625,44.19,16.12278753,1
1505800745,21824624,44.19,1.88038060,1
1505800743,21824622,44.14,4.57402231,0
1505800743,21824619,44.14,0.01597769,0
1505800742,21824618,44.10,5.96232654,0
1505800742,21824617,44.10,1.88224797,0
1505800741,21824616,43.98,1.71544136,0
1505800741,21824615,43.98,0.17188928,0
1505800741,21824614,43.96,0.01615168,0
1505800739,21824613,43.92,0.50000000,1
1505800725,21824598,43.91,0.00388900,1
1505800725,21824597,43.92,5.55880100,1
1505800720,21824590,43.92,11.83119900,1
1505800708,21824580,43.84,2.32422730,1
1505800659,21824447,43.82,4.49871205,1
1505800659,21824444,43.86,1.88224797,1
1505800659,21824442,43.91,1.87511598,1
1505800648,21824398,43.90,1.87810436,0
1505800648,21824396,43.89,74.75807827,0
1505800648,21824395,43.88,2.14000000,0
1505800648,21824394,43.86,1.89258031,0
1505800642,21824364,43.83,1.89394466,0
1505800635,21824336,43.82,2.10285715,0
1505800635,21824335,43.81,15.00000000,0
1505800635,21824332,43.80,1.89714285,0
1505800624,21824301,43.68,1.90410644,0
1505800623,21824297,43.59,29.75440000,1
1505800616,21824282,43.59,10.41010000,1
1505800613,21824268,43.58,0.75000000,0
1505800613,21824267,43.58,3.77000000,0
1505800609,21824246,43.58,1.34000000,0
1505800609,21824245,43.58,4.69546566,0
1505800609,21824244,43.57,1.90760744,0
1505800605,21824230,43.51,11.10000000,1
1505800604,21824227,43.51,14.42080000,1
1505800602,21824223,43.58,1.98453434,0
1505800602,21824222,43.58,0.01546566,0
1505800597,21824206,43.59,1.89394466,0
1505800595,21824201,43.50,2.05000000,0
1505800595,21824197,43.50,10.25000000,0
1505800595,21824195,43.36,1.35319237,0
1505800593,21824192,43.36,0.55948035,0
1505800593,21824189,43.34,0.01272922,0
1505800593,21824186,43.33,0.25296450,0
1505800592,21824185,43.32,0.77238128,0
1505800589,21824174,43.32,1.15203328,0
1505800589,21824172,43.32,1.92933519,0
1505800588,21824171,43.31,1.91863153,0
1505800548,21824110,43.13,2.00000000,1
1505800545,21824096,43.01,1.92978377,1
1505800544,21824095,43.01,10.66845658,1
1505800544,21824094,43.02,10.30000000,1
1505800543,21824092,43.04,0.30671730,1
1505800543,21824091,43.04,1.35585016,1
1505800543,21824089,43.05,0.01256113,1
1505800543,21824088,43.05,1.88979963,1
1505800542,21824087,43.08,1.91267272,1
1505800542,21824086,43.12,1.50394248,1
1505800540,21824085,43.13,2.05000000,1
1505800520,21824060,43.33,0.30671730,0
1505800520,21824059,43.13,0.69577270,0
1505800461,21823960,43.13,2.00000000,1
1505800412,21823841,43.29,2.30422730,0
1505800411,21823840,43.12,0.41096076,0
1505800409,21823837,43.12,1.51390009,1
1505800407,21823830,43.12,0.00000091,0
1505800406,21823829,43.12,1.51390000,0
1505800402,21823811,43.13,1.92486085,1
1505800400,21823809,43.12,1.48835356,1
1505800399,21823808,43.17,1.50000000,1
1505800399,21823807,43.21,1.90804597,1
1505800399,21823806,43.25,0.66155527,1
1505800399,21823804,43.25,1.23126114,1
1505800398,21823803,43.27,0.00344540,1
1505800398,21823802,43.27,0.64710546,1
1505800398,21823801,43.31,0.65700000,1
1505800396,21823799,43.32,0.01343357,1
1505800396,21823798,43.32,1.88979963,1
1505800389,21823787,43.33,1.35585016,1
1505800383,21823776,43.40,28.37321511,1
1505800373,21823769,43.43,0.17188928,1
1505800372,21823768,43.43,1.72655536,1
1505800372,21823767,43.43,1.89844464,1
1505800370,21823766,43.50,0.00000903,1
1505800370,21823764,43.50,34.72370000,1
1505800368,21823757,43.50,16.82897900,1
1505800362,21823744,43.54,0.55000000,1
1505800359,21823734,43.50,11.99864700,1
1505800356,21823730,43.50,5.69620300,1
1505800354,21823728,43.50,17.62460900,1
1505800353,21823726,43.50,27.32549000,1
1505800353,21823725,43.50,2.82507700,1
1505800351,21823721,43.50,16.65744000,1
1505800351,21823720,43.50,50.00000000,1
1505800349,21823718,43.50,16.31984597,1
1505800349,21823717,43.50,33.68015403,1
1505800349,21823716,43.50,50.00000000,1
1505800348,21823715,43.50,50.00000000,1
1505800348,21823713,43.50,50.00000000,1
1505800347,21823712,43.50,16.31984597,1
1505800346,21823711,43.50,6.09195403,1
1505800291,21823675,43.50,2.00000000,1
1505800283,21823666,43.50,1.90804597,1
1505800272,21823651,43.56,1.24183400,1
1505800270,21823647,43.60,0.65700000,1
1505800264,21823638,43.64,0.97656643,0
1505800264,21823637,43.61,0.01343357,0
1505800263,21823634,43.63,0.98743887,1
1505800255,21823606,43.65,1.14000000,0
1505800255,21823604,43.65,1.49701934,1
1505800254,21823601,43.65,0.39149033,1
1505800254,21823599,43.65,0.74850967,1
1505800253,21823598,43.65,1.14000000,1
1505800249,21823591,43.66,3.75813424,1
1505800241,21823577,43.70,0.00000050,1
1505800210,21823549,43.70,6.12068600,1
1505800204,21823536,43.70,1.89931350,1
1505800201,21823533,43.71,1.88636363,1
1505800201,21823532,43.72,1.71544136,1
1505800199,21823531,43.72,1.72655536,1
1505800194,21823527,43.72,1.89844464,1
1505800192,21823524,43.83,1.29315741,1
1505800137,21823480,43.83,0.59149290,1
1505800125,21823472,43.85,0.43215507,0
1505800095,21823408,43.89,12.09865573,0
1505800095,21823405,43.88,16.59000000,0
1505800094,21823404,43.87,4.88351949,0
1505800094,21823402,43.86,15.00000000,0
1505800094,21823401,43.86,0.00344540,0
1505800092,21823399,43.85,0.66155527,0
1505800028,21823307,43.85,1.23126114,1
1505800020,21823295,43.87,0.88379482,1
1505800020,21823294,43.87,1.00000000,1
1505800020,21823293,43.87,3.00000000,1
1505800018,21823292,43.89,1.87825299,1
1505800018,21823291,43.90,27.94839579,1
1505800018,21823290,43.90,1.88465000,1
1505800017,21823287,43.90,4.15053400,1
1505800017,21823286,43.90,4.88379500,1
1505800017,21823284,43.90,1.88893900,1
1505800017,21823283,43.90,1.23126200,1
1505800016,21823282,43.90,32.57492100,1
1505800016,21823280,43.90,125.43750321,1
1505800016,21823278,43.90,1.87825299,1
1505800016,21823277,43.91,41.98757580,1
1505800015,21823276,43.91,1.87825300,1
1505800008,21823263,43.91,2.35251800,1
1505799994,21823244,43.92,1.00000000,1
1505799991,21823242,43.92,1.00000000,1
1505799990,21823239,43.93,0.00003666,1
1505799990,21823238,43.93,1.99995841,1
1505799989,21823237,43.94,15.12895126,1
1505799989,21823236,43.95,0.11149033,1
1505799961,21823211,43.95,1.88850967,1
1505799959,21823206,44.00,35.01409900,1
1505799958,21823205,44.00,50.00000000,1
1505799958,21823203,44.00,50.00000000,1
1505799958,21823201,44.00,50.00000000,1
1505799958,21823199,44.00,14.98590100,1
1505799958,21823198,44.00,35.01409900,1
1505799958,21823197,44.00,50.00000000,1
1505799957,21823196,44.00,8.26000000,1
1505799956,21823195,44.00,8.26000000,1
1505799956,21823194,44.00,8.26000000,1
1505799956,21823193,44.00,8.26000000,1
1505799956,21823191,44.01,8.26000000,1
1505799952,21823177,44.00,2.44000000,1
1505799951,21823176,44.01,8.26000000,1
1505799909,21823111,44.00,47.15285200,1
1505799908,21823109,44.00,32.35304900,1
1505799887,21823078,44.04,9.11000000,0
1505799878,21823066,44.06,50.00000000,1
1505799878,21823065,44.06,50.00000000,1
1505799877,21823064,44.06,50.00000000,1
1505799877,21823062,44.06,50.00000000,1
1505799810,21822971,44.10,2.00734259,0
1505799809,21822970,44.10,0.59836200,0
1505799808,21822966,44.10,49.40163800,1
1505799807,21822962,44.10,50.00000000,1
1505799790,21822922,44.10,19.59836200,1
1505799789,21822914,44.10,18.00000000,1
1505799785,21822904,44.10,18.00000000,1
1505799782,21822896,44.10,4.00000000,1
1505799782,21822894,44.10,23.00000000,1
1505799777,21822877,44.10,18.00000000,1
1505799758,21822845,44.18,0.69986419,0
1505799617,21822680,44.18,0.50000000,0
1505799578,21822636,44.24,1.86569599,0
1505799574,21822630,44.27,1.89734656,0
1505799574,21822629,44.27,15.34000000,0
1505799574,21822628,44.18,1.87885862,0
1505799574,21822627,44.17,0.88379482,0
1505799449,21822331,44.17,1.00000000,0
1505799441,21822310,43.96,14.81161861,0
1505799441,21822309,43.96,0.65683139,0
1505799439,21822306,43.98,15.00000000,1
1505799438,21822302,43.95,1.88850967,1
1505799414,21822278,43.93,0.12935484,0
1505799413,21822277,43.94,15.00000000,0
1505799413,21822276,43.94,6.04000000,1
1505799402,21822270,43.94,4.86120000,1
1505799402,21822269,44.00,5.06940000,1
1505799402,21822268,44.00,5.06940000,1
1505799386,21822263,43.97,5.06941224,1
1505799385,21822261,43.98,15.00000000,1
1505799385,21822260,43.99,1.09994260,1
1505799332,21822169,44.17,1.88893946,0
1505799251,21822073,43.91,11.46004643,0
1505799251,21822071,43.93,5.00000000,1
1505799251,21822070,43.93,17.37000000,1
1505799251,21822069,43.94,1.87885862,0
1505799250,21822068,43.94,13.59877105,1
1505799176,21821976,43.92,1.88979963,1
1505799148,21821951,43.92,1.88979963,1
1505799092,21821908,44.38,7.11604326,1
1505799090,21821907,44.14,1.88465031,0
1505799083,21821898,44.05,8.00000000,1
1505799080,21821891,44.04,29.51636363,0
1505799080,21821890,44.04,50.00000000,0
1505799080,21821889,44.04,48.11363637,1
1505799080,21821885,44.04,1.88636363,1
1505799078,21821879,44.15,17.37000000,0
1505799077,21821874,44.00,6.30000000,1
1505799076,21821871,43.91,18.14055023,0
1505799076,21821869,43.91,1.59007060,1
1505799076,21821868,43.92,94.00000000,1
1505799076,21821867,43.92,1.10043074,0
1505799075,21821865,43.93,20.00000000,0
1505799075,21821862,44.00,2.00000000,1
1505799075,21821861,44.00,2.00000000,1
1505799075,21821860,44.00,1.00000000,1
1505799074,21821859,44.00,2.00000000,1
1505799074,21821858,44.00,2.00000000,1
1505799074,21821857,44.07,1.00000000,1
1505799073,21821855,44.10,4.00000000,1
1505799072,21821854,44.11,0.01254047,1
1505799072,21821853,44.11,1.85640796,1
1505799040,21821796,44.19,1.87825299,0
1505799036,21821791,44.19,1.87825299,1
1505799034,21821790,44.18,13.75039782,1
1505799034,21821789,44.19,14.26000000,1
1505799033,21821788,44.20,0.01248996,1
1505799033,21821787,44.20,0.01232381,1
