date,tid,price,amount,type
1505865600,21884382,52.42,0.30600000,1
1505865600,21884381,52.47,28.09000000,1
1505865600,21884380,52.55,1.10000000,1
1505865544,21884289,52.68,107.14019555,1
1505865544,21884288,52.69,1.10000000,1
1505865535,21884273,52.69,1.10000000,1
1505865512,21884261,52.70,1.10000000,1
1505865507,21884253,52.72,5.81123700,0
1505865441,21884219,52.69,1.99428109,1
1505865441,21884218,52.69,1.10000000,1
1505865396,21884200,52.74,5.00500500,0
1505865383,21884193,52.73,1.10000000,0
1505865379,21884191,52.74,29.53000000,0
1505865377,21884186,52.73,1.10000000,0
1505865362,21884176,52.74,2.92777900,0
1505864792,21884023,52.85,16.14572079,1
1505864749,21883990,52.90,1.88738000,0
1505864659,21883933,52.86,2.00000000,0
1505864450,21883867,53.11,1.10000000,1
1505864431,21883856,53.10,1.10000000,1
1505864282,21883768,53.29,0.57833549,0
1505863951,21883630,53.37,5.00000000,0
1505863949,21883628,53.37,2.04210526,0
1505863002,21882908,53.42,1.54530962,0
1505863000,21882907,53.42,25.39480130,0
1505863000,21882906,53.41,8.61000000,0
1505863000,21882905,53.32,1.55674870,0
1505862496,21882467,53.31,2.38551509,1
1505862488,21882463,53.31,38.17155000,0
1505862458,21882459,53.31,4.43845000,0
1505862440,21882452,53.31,40.00000000,0
1505862423,21882447,53.31,17.39000000,0
1505862422,21882446,53.30,22.61000000,0
1505862192,21882359,53.23,93.46702987,0
1505862190,21882358,53.20,94.00000000,0
1505862128,21882341,53.20,9.18567938,0
1505862075,21882291,53.21,11.83805300,1
1505862066,21882279,53.21,0.63194700,1
1505862055,21882273,53.19,10.53000000,0
1505862054,21882272,53.18,8.00000000,0
1505862031,21882227,53.16,6.38635900,1
1505861988,21882180,53.16,1.10000000,0
1505861946,21882108,52.97,1.56714870,0
1505861945,21882101,52.95,2.00100000,0
1505861937,21882095,52.94,8.00000000,1
1505861915,21882093,52.94,29.59364119,0
1505861913,21882092,52.93,1.10000000,1
1505861909,21882090,52.93,1.10000000,0
1505861886,21882035,52.93,1.10000000,0
1505861877,21882007,52.93,1.10000000,0
1505861871,21882006,52.92,1.10000000,0
1505861862,21881994,52.93,1.10000000,0
1505861789,21881952,52.94,11.73396300,1
1505861655,21881904,52.94,5.25603700,1
1505861578,21881874,52.94,1.10000000,0
1505861569,21881858,52.94,10.01000000,1
1505861561,21881856,52.93,11.90000000,0
1505861538,21881850,52.87,38.89962338,0
1505861538,21881849,52.86,1.10000000,0
1505860799,21881569,52.94,4.39000000,0
1505860237,21881347,52.92,32.63991613,0
1505860149,21881264,52.92,1.10000000,1
1505860142,21881254,52.95,1.55674870,0
1505860141,21881253,52.92,1.90397000,1
1505860140,21881251,52.92,1.10000000,1
1505860136,21881247,52.92,1.91667000,1
1505860133,21881243,52.92,1.56704806,0
1505860133,21881242,52.91,1.10000000,0
1505860082,21881203,52.88,27.50747318,0
1505860082,21881202,52.87,8.54948212,0
1505860082,21881200,52.77,2.84266808,0
1505860082,21881199,52.76,1.10000000,0
1505860013,21881144,52.60,151.58130648,1
1505860013,21881143,52.61,93.00000000,1
1505860012,21881142,52.63,103.00000000,1
1505860012,21881141,52.65,14.99000000,1
1505859838,21881065,52.77,29.14125200,0
1505859838,21881064,52.68,4.00000000,1
1505859799,21881019,52.77,10.30438847,0
1505859675,21880923,52.63,5.75542000,1
1505859675,21880922,52.63,39.16980000,1
1505859674,21880921,52.73,17.70000000,1
1505859642,21880910,52.70,3.65720000,0
1505859353,21880803,52.61,15.71000000,0
1505859080,21880665,52.47,2.12254000,0
1505859078,21880662,52.47,2.42478000,0
1505859072,21880649,52.45,24.39000000,0
1505858818,21880517,52.49,39.99962338,0
1505858786,21880506,52.48,39.99962338,0
1505858775,21880484,52.44,14.44000000,1
1505858772,21880481,52.44,0.78000000,0
1505858771,21880473,52.44,15.22000000,1
1505858701,21880436,52.61,26.58162500,0
1505858691,21880431,52.63,1.56704806,1
1505858684,21880426,52.65,1.56714870,1
1505858642,21880408,52.82,3.36206000,0
1505858641,21880406,52.83,7.77501000,0
1505858633,21880402,52.84,1.91029523,1
1505858628,21880399,52.68,2.39689300,1
1505858624,21880394,52.73,19.11000000,1
1505858401,21880286,52.95,10.66182000,0
1505858388,21880281,52.98,6.84000000,0
1505858233,21880213,53.01,18.56000000,1
1505858177,21880183,52.99,5.64729194,1
1505858094,21880147,52.78,29.05328558,1
1505858094,21880146,52.82,5.00000000,1
1505858094,21880145,52.83,15.22000000,1
1505858094,21880144,52.83,1.10000000,1
1505858094,21880143,52.84,28.79683480,1
1505858080,21880132,53.00,1.10000000,0
1505858070,21880128,52.97,1.10000000,0
1505858060,21880124,53.00,1.10000000,0
1505858055,21880123,53.00,9.12502362,1
1505858000,21880103,53.11,26.29448315,1
1505857915,21880074,53.00,71.57412700,1
1505857807,21880012,53.01,1.10000000,1
1505857592,21879841,53.01,50.85519700,1
1505857479,21879768,53.18,1.99511094,0
1505857477,21879766,53.16,1.10000000,0
1505857333,21879682,53.01,38.90000000,0
1505857268,21879617,53.00,1.10000000,1
1505857239,21879586,53.00,1.10000000,1
1505857221,21879572,53.00,1.10000000,1
1505857214,21879570,53.00,162.33947000,1
1505857204,21879564,53.00,233.93437938,1
1505857204,21879563,53.01,1.06562062,1
1505857198,21879559,53.02,1.10000000,1
1505857073,21879480,53.02,0.53000000,1
1505857032,21879400,53.01,39.13568679,1
1505857018,21879361,53.02,0.10000000,0
1505856995,21879308,53.02,1.10000000,0
1505856986,21879292,53.02,1.10000000,1
1505856860,21879180,53.01,0.40000000,0
1505856859,21879178,53.01,32.50000000,1
1505856859,21879177,53.01,1.10000000,1
1505856678,21879084,53.01,0.50000000,1
1505856607,21879043,53.00,19.72700000,1
1505856607,21879041,53.02,1.10000000,1
1505856573,21879021,53.01,3.90000000,1
1505856571,21879020,53.03,1.10000000,1
1505856491,21878989,53.02,12.50629635,1
1505856491,21878988,53.03,1.10000000,1
1505856440,21878954,53.13,41.63303665,0
1505856439,21878952,53.13,3.66066700,0
1505856435,21878946,53.21,1.10000000,1
1505856110,21878750,53.59,5.01613203,0
1505856110,21878749,53.58,19.75000000,0
1505856007,21878692,53.59,9.48426700,0
1505855934,21878652,53.60,168.81500000,0
1505855934,21878650,53.60,57.54000000,0
1505855934,21878649,53.59,2.46000000,0
1505855924,21878644,53.48,8.45712325,0
1505855922,21878641,53.48,1.54287675,1
1505855910,21878621,53.59,1.86177000,0
1505855855,21878580,53.59,26.96460679,1
1505855854,21878579,53.59,3.27000000,1
1505855842,21878565,53.60,29.43339552,0
1505855841,21878564,53.59,3.88000000,1
1505855839,21878560,53.60,1.30731200,0
1505855827,21878543,53.59,4.61000000,1
1505855823,21878538,53.59,2.71108000,0
1505855821,21878536,53.59,1.42991000,0
1505855819,21878533,53.59,1.33901000,0
1505855819,21878532,53.59,1.10000000,0
1505855805,21878520,53.59,0.55421800,0
1505855802,21878512,53.59,2.16076000,0
1505855795,21878502,53.60,4.38435000,0
1505855792,21878499,53.60,36.70000000,0
1505855791,21878498,53.60,38.72030000,0
1505855791,21878497,53.59,7.02000000,0
1505855781,21878491,53.59,3.31102000,0
1505855766,21878476,53.59,1.45520000,0
1505855764,21878472,53.59,1.35308000,0
1505855752,21878465,53.60,225.00000000,0
1505855748,21878463,53.60,33.45833600,0
1505855747,21878462,53.60,1.10000000,0
1505855742,21878458,53.62,40.97000000,1
1505855723,21878450,53.67,15.22000000,0
1505855687,21878436,53.68,1.53680282,0
1505855679,21878434,53.68,1.54623982,0
1505855655,21878422,53.54,0.94112097,0
1505855582,21878390,53.52,0.07030962,0
1505855582,21878389,53.52,1.47124837,0
1505855574,21878384,53.52,1.52875163,0
1505855574,21878383,53.51,1.55117895,0
1505855574,21878382,53.50,1.65000000,0
1505855574,21878381,53.50,0.14000000,0
1505855573,21878380,53.49,1.55185370,0
1505855573,21878379,53.46,1.55283025,0
1505855573,21878377,53.44,1.55331139,0
1505855572,21878376,53.43,1.55360326,0
1505855572,21878375,53.43,1.90982194,0
1505855572,21878374,53.38,6.56000000,0
1505855570,21878373,53.32,1.55682104,0
1505855570,21878372,53.32,3.00000000,0
1505855248,21878134,53.29,6.90000000,1
1505855247,21878132,53.24,1.10000000,0
1505855151,21878031,53.08,2.21006600,0
1505855149,21878023,53.08,1.10763400,0
1505855147,21878018,53.08,1.10000000,0
1505855142,21877997,53.29,2.00675548,0
1505855123,21877930,53.11,4.35443000,1
1505855093,21877895,53.07,4.32857000,1
1505855036,21877773,53.02,2.74683000,1
1505854986,21877719,53.18,40.00000000,0
1505854802,21877484,52.94,0.00035862,1
1505854801,21877478,52.94,37.10875161,1
1505854682,21877363,52.83,40.00000000,0
1505854672,21877360,52.83,0.41722603,0
1505854672,21877359,52.82,33.55000000,0
1505854641,21877338,52.83,6.03277397,0
1505854580,21877271,52.79,1.10000000,1
1505854576,21877267,52.77,1.10000000,0
1505854575,21877266,52.76,15.40443564,0
1505854363,21877060,52.58,1.17775443,1
1505854103,21876779,52.84,40.00000000,0
1505854078,21876758,52.83,4.52381000,0
1505854057,21876741,52.78,17.86972100,1
1505854057,21876740,52.78,17.60646900,1
1505853976,21876658,52.63,1.00000000,0
1505853910,21876558,52.61,29.15000000,0
1505853910,21876557,52.60,10.85000000,0
1505853888,21876530,52.34,27.69047800,1
1505853887,21876529,52.45,15.22000000,0
1505853886,21876528,52.45,15.22000000,1
1505853886,21876527,52.45,1.10000000,1
1505853810,21876448,52.70,14.55858857,0
1505853793,21876436,52.70,1.10000000,1
1505853793,21876435,52.70,18.06000000,1
1505853778,21876418,52.71,46.11356735,0
1505853694,21876326,52.60,5.49652000,0
1505853607,21876219,52.72,9.79073000,0
1505853576,21876184,52.71,1.12170000,0
1505853575,21876183,52.71,1.56541000,0
1505853573,21876181,52.71,1.56541000,0
1505853314,21875999,53.12,21.58716114,0
1505853239,21875918,53.11,0.90190171,0
1505853186,21875837,53.14,1.55283025,0
1505853179,21875819,53.25,0.00059926,1
1505853178,21875817,53.25,31.68394368,1
1505853177,21875813,53.22,103.00000000,0
1505853176,21875812,53.21,2.16000000,0
1505853176,21875811,53.17,1.56106966,0
1505853176,21875810,53.14,105.00000000,0
1505853176,21875809,53.13,3.60000000,0
1505853176,21875808,53.10,85.00000000,0
1505853176,21875807,53.10,15.98000000,0
1505853176,21875806,53.07,15.22000000,0
1505853176,21875805,53.06,10.78000000,0
1505853176,21875804,53.06,18.29000000,0
1505853175,21875803,53.05,55.36065406,0
1505853117,21875710,53.09,1.10000000,0
1505853071,21875663,53.00,13.31080000,0
1505852972,21875495,52.80,15.22000000,0
1505852963,21875466,52.71,3.60233143,1
1505852956,21875456,52.80,1.56106966,0
1505852956,21875455,52.80,0.45778320,1
1505852954,21875451,52.80,5.97000000,1
1505852954,21875450,52.80,0.47221680,0
1505852954,21875449,52.80,1.10000000,0
1505852942,21875429,52.69,1.65540000,1
1505852942,21875427,52.69,1.65540000,1
1505852933,21875407,52.69,10.00000000,0
1505852907,21875355,52.62,1.63896000,1
1505852896,21875315,52.55,4.33163197,1
1505852876,21875226,52.68,15.81000000,0
1505852875,21875223,52.56,1.10000000,0
1505852822,21875117,52.40,17.72000000,1
1505852796,21875090,52.45,0.00005667,0
1505852795,21875085,52.45,12.05180206,1
1505852791,21875073,52.44,12.68000000,0
1505852748,21875032,52.39,15.45000000,0
1505852649,21874920,52.16,4.73554801,0
1505852389,21874540,52.20,133.84980714,1
1505852373,21874504,52.20,4.53918574,1
1505852291,21874350,52.49,0.47221680,1
1505852268,21874323,52.50,1.10000000,1
1505852176,21874183,52.49,1.10000000,0
1505852172,21874181,52.50,1.57688898,0
1505852125,21874145,52.42,23.37356300,0
1505852105,21874121,52.25,0.22000000,1
1505851979,21873936,52.21,12.11000000,1
1505851979,21873935,52.24,1.10000000,1
1505851960,21873925,52.33,1.10000000,0
1505851916,21873902,52.32,1.43569000,1
1505851649,21873609,52.11,2.15251379,0
1505851562,21873471,52.11,10.50000000,1
1505851556,21873460,52.19,9.59000000,1
1505851553,21873456,52.20,1.91626000,0
1505851542,21873445,52.14,1.57688898,1
1505851538,21873427,52.15,1.87097483,1
1505851537,21873426,52.20,1.10000000,0
1505851530,21873418,52.20,6.90089980,1
1505851527,21873414,52.26,1.10000000,0
1505851517,21873396,52.33,1.10000000,0
1505851510,21873377,52.32,19.97880000,0
1505851493,21873344,52.41,1.86359508,1
1505851485,21873327,52.44,4.00819984,0
1505851475,21873305,52.25,68.88007800,1
1505851467,21873291,52.29,37.96006800,1
1505851414,21873187,52.22,0.92877400,1
1505851414,21873186,52.36,1.10000000,0
1505851413,21873185,52.36,0.97000000,1
1505851409,21873183,52.37,1.10000000,1
1505851360,21873103,52.37,1.00000000,1
1505851351,21873078,52.36,13.34000000,1
1505851346,21873060,52.44,1.10000000,0
1505851336,21873047,52.44,0.59920000,0
1505851336,21873046,52.41,0.50080000,0
1505851334,21873041,52.41,98.49920000,1
1505851330,21873036,52.52,1.10005000,0
1505851330,21873035,52.47,0.80000000,0
1505851329,21873031,52.41,1.50080000,1
1505851329,21873030,52.47,0.20000000,1
1505851327,21873026,52.46,0.90000000,0
1505851325,21873010,52.46,1.10000000,1
1505851129,21872818,52.67,1.13632049,0
1505851041,21872755,52.59,132.74980714,1
1505850959,21872651,52.59,1.10000000,0
1505850899,21872578,52.60,12.75032717,0
1505850898,21872574,52.40,1.90218879,0
1505850799,21872461,52.48,3.00000000,0
1505850746,21872405,52.54,6.79869100,0
1505850724,21872373,52.54,7.50156897,0
1505850724,21872372,52.54,39.38519088,0
1505850714,21872366,52.55,1.10000000,1
1505850714,21872365,52.56,1.90258752,1
1505850664,21872302,52.68,18.38496582,0
1505850659,21872295,52.68,21.71708116,0
1505850659,21872294,52.64,0.74246918,0
1505850657,21872290,52.64,6.15753082,1
1505850657,21872289,52.64,1.10000000,1
1505850653,21872285,52.68,38.70439014,0
1505850574,21872229,52.75,18.15993697,0
1505850544,21872210,52.80,22.87998187,1
1505850466,21872170,52.95,1.63398900,0
1505850419,21872131,52.89,4.34526800,0
1505850416,21872127,52.89,9.26806800,0
1505850410,21872115,52.89,13.09441000,0
1505850410,21872114,52.88,0.76500000,0
1505850409,21872112,52.88,25.23500000,1
1505850403,21872101,52.96,9.53403700,0
1505850400,21872097,52.96,22.03401000,0
1505850395,21872091,52.96,1.40083700,0
1505850395,21872090,52.96,19.00571500,0
1505850394,21872087,52.96,27.40591200,0
1505850393,21872086,52.96,5.86604900,0
1505850380,21872074,53.00,1.55682104,1
1505850326,21872034,53.11,18.70968829,0
1505850326,21872033,53.10,23.67809011,0
1505850321,21872028,53.11,1.55360326,1
1505850287,21872004,53.22,1.55117895,1
1505850277,21872001,53.24,29.87584522,0
1505850277,21872000,53.20,1.56032976,0
1505850275,21871996,53.12,3.00000000,0
1505850247,21871979,52.98,14.71000000,0
1505850231,21871917,52.98,13.21000000,0
1505850231,21871916,52.98,1.49999992,0
1505850211,21871874,52.98,13.21000008,0
1505850211,21871873,52.97,0.73466649,0
1505850211,21871872,52.95,1.58357743,0
1505850198,21871862,52.95,1.50000000,0
1505850187,21871852,52.97,9.76533400,0
1505850184,21871849,52.97,1.00000000,0
1505850176,21871831,52.98,13.34466598,0
1505850176,21871830,52.97,1.10000000,0
1505850163,21871793,52.91,1.10000000,0
1505850161,21871782,52.98,1.36533402,0
1505850161,21871780,52.98,1.56685172,0
1505850161,21871779,52.92,0.50700000,0
1505850159,21871775,52.91,1.10000000,0
1505850143,21871737,52.87,1.10000000,1
1505850139,21871724,52.92,2.02614800,0
1505850137,21871716,52.92,0.46685200,0
1505850136,21871715,52.86,1.10000000,0
1505850128,21871695,52.89,1.56952857,0
1505850127,21871694,52.87,1.10000000,0
1505850051,21871613,52.80,1.07291666,0
1505850051,21871611,52.71,1.10000000,0
1505850044,21871605,52.72,1.10000000,0
1505849970,21871540,52.73,4.98092009,1
1505849961,21871531,52.71,1.70000000,1
1505849953,21871524,52.73,1.86246918,1
1505849942,21871514,52.74,32.20089629,0
1505849941,21871513,52.73,9.53000000,0
1505849941,21871512,52.71,13.26910371,0
1505849931,21871507,52.71,0.44197000,0
1505849931,21871506,52.71,7.56893500,0
1505849917,21871494,52.71,7.32299129,1
1505849917,21871493,52.71,21.28000000,1
1505849910,21871492,52.82,14.71344700,0
1505849864,21871442,52.82,6.41518364,0
1505849863,21871438,52.78,213.00000000,1
1505849846,21871395,52.78,2.60342000,1
1505849820,21871338,52.78,1.57281273,0
1505849616,21871157,52.60,112.08067500,0
1505849614,21871154,52.60,9.83031600,0
1505849605,21871143,52.60,59.57732500,0
1505849604,21871136,52.60,30.60803300,0
1505849601,21871134,52.60,1.89407600,0
1505849588,21871128,52.59,3.79349686,0
1505849586,21871125,52.43,8.82500000,1
1505849576,21871112,52.43,1.02866487,1
1505849574,21871109,52.59,8.65000000,0
1505849564,21871097,52.59,10.27000000,0
1505849563,21871095,52.58,1.54924500,0
1505849526,21871043,52.59,0.37664900,0
1505849524,21871038,52.58,41.91036800,1
1505849523,21871036,52.57,12.20000000,0
1505849523,21871035,52.52,57.19000000,0
1505849462,21870888,52.30,50.06972395,1
1505849362,21870777,52.22,16.45069385,1
1505849360,21870772,52.23,22.91000000,1
1505849357,21870769,52.34,8.56090600,0
1505849350,21870757,52.34,1.34454700,0
1505849350,21870756,52.34,3.00000000,0
1505849338,21870727,52.35,78.67996946,0
1505849338,21870726,52.34,16.93000000,0
1505849338,21870725,52.33,4.39003054,0
1505849333,21870722,52.33,4.29638830,0
1505849333,21870721,52.30,1.88699669,0
1505849294,21870666,52.26,10.44483272,1
1505849287,21870652,52.25,10.44342752,1
1505849274,21870592,52.20,32.25000022,0
1505849273,21870589,52.20,4.74999978,1
1505849258,21870564,52.29,1.00000000,0
1505849247,21870546,52.10,2.87867012,1
1505849247,21870543,52.11,1.87132988,0
1505849246,21870542,52.20,20.00000000,1
1505849244,21870540,52.35,3.12480467,0
1505849228,21870504,52.34,1.01000000,0
1505849218,21870451,52.29,1.20676800,0
1505849218,21870450,52.29,1.30318600,0
1505849217,21870448,52.29,16.81688600,0
1505849217,21870447,52.29,4.54700000,0
1505849217,21870446,52.29,1.65472300,0
1505849217,21870444,52.29,57.41312400,0
1505849213,21870432,52.36,2.48177200,0
1505849211,21870421,52.37,42.99082975,0
1505849207,21870419,52.18,66.43292480,1
1505849207,21870418,52.18,174.32400000,1
1505849190,21870364,52.24,42.76850350,0
1505849189,21870360,52.24,80.83830400,0
1505849188,21870356,52.24,5.74272588,0
1505849187,21870355,52.24,5.02940362,0
1505849187,21870352,52.27,61.69800000,1
1505849187,21870351,52.28,29.56000000,1
1505849187,21870350,52.29,24.36306300,1
1505849175,21870333,52.53,24.36306300,1
1505849174,21870329,52.54,29.17757000,1
1505849169,21870309,52.22,97.31188646,1
1505849169,21870307,52.28,5.20000000,1
1505849169,21870306,52.29,33.47800000,1
1505849169,21870305,52.42,24.88611354,1
1505849169,21870304,52.43,89.12400000,1
1505849162,21870283,52.54,4.11999077,0
1505849158,21870261,52.54,4.13657045,0
1505849153,21870257,52.54,5.38576471,0
1505849152,21870255,52.54,3.71190061,0
1505849152,21870254,52.53,0.41143399,0
1505849149,21870249,52.53,5.58856601,1
1505849146,21870242,52.53,0.86190191,0
1505849145,21870239,52.53,19.13809809,1
1505849138,21870230,52.56,102.49189765,0
1505849138,21870229,52.53,14.65994235,0
1505849136,21870223,52.53,15.00000000,0
1505849136,21870221,52.53,32.15084153,0
1505849135,21870219,52.53,4.99207943,0
1505849130,21870211,52.53,5.04727284,0
1505849128,21870206,52.53,29.73405672,0
1505849125,21870199,52.53,1.00000000,0
1505849125,21870196,52.53,5.41580713,0
1505849122,21870186,52.53,1.00000000,0
1505849116,21870182,52.42,1.21843549,1
1505849115,21870180,52.42,3.90468928,1
1505849115,21870179,52.43,53.01886230,1
1505849115,21870178,52.46,41.85801293,1
1505849105,21870166,52.61,0.18796900,0
1505849100,21870156,52.60,0.18797000,0
1505849093,21870142,52.57,0.25000000,1
1505849083,21870087,52.61,1.94038000,0
1505849082,21870083,52.61,0.18796900,0
1505849080,21870077,52.42,144.00152900,1
1505849080,21870074,52.42,11.82253100,0
1505849080,21870070,52.47,0.37594000,0
1505849075,21870053,52.54,0.50000000,0
1505849070,21870029,52.58,20.23700900,0
1505849070,21870027,52.54,64.95699100,0
1505849067,21870012,52.46,79.07671407,0
1505849061,21869991,52.54,10.04300900,0
1505849057,21869973,52.54,3.00000000,0
1505849056,21869972,52.53,5.52890045,1
1505849055,21869967,52.54,41.00000000,0
1505849053,21869966,52.53,16.96218846,0
1505849051,21869961,52.44,1.67613032,0
1505849049,21869955,52.45,9.80008000,0
1505849049,21869953,52.45,6.40567700,0
1505849048,21869951,52.32,32.59388330,0
1505849047,21869948,52.34,5.73175392,0
1505849047,21869947,52.34,6.04119210,0
1505849046,21869942,52.34,1.71327499,0
1505849045,21869938,52.34,49.07819306,0
1505849045,21869937,52.38,9.82000000,1
1505849045,21869935,52.39,158.50800000,1
1505849042,21869930,52.53,1.07602000,0
1505849042,21869929,52.53,111.67398000,0
1505849041,21869928,52.53,0.25000000,0
1505849038,21869917,52.68,0.18761700,0
1505849036,21869913,52.44,5.26082451,1
1505849035,21869912,52.44,48.28083549,0
1505849035,21869911,52.44,5.26082321,0
1505849034,21869908,52.44,1.57281273,0
1505849034,21869907,52.44,1.00000000,0
1505849034,21869903,52.45,53.97600000,1
1505849034,21869902,52.46,42.34000000,1
1505849034,21869900,52.57,1.56952857,1
1505849032,21869898,52.68,23.08246100,1
1505849031,21869896,52.69,94.35140400,0
1505849030,21869895,52.69,17.73182767,0
1505849029,21869893,52.68,8.01000000,1
1505849028,21869889,52.68,9.00000000,0
1505849019,21869876,52.69,10.00000000,0
1505849018,21869874,52.69,10.00000000,0
1505849013,21869864,52.69,15.25000000,0
1505849011,21869853,52.43,106.90753900,1
1505849011,21869849,52.44,31.09246100,1
1505849008,21869842,52.77,0.18726600,0
1505849007,21869839,52.77,20.37453200,0
1505849006,21869838,52.76,24.70940294,0
1505849006,21869837,52.76,11.31000000,0
1505849006,21869836,52.73,40.07819306,0
1505849003,21869834,52.75,3.68726500,0
1505849002,21869831,52.75,8.85061611,0
1505849001,21869828,52.34,19.29732903,0
1505849001,21869827,52.34,31.32032258,0
1505849001,21869826,52.34,7.34466000,0
1505849000,21869824,52.34,5.59000000,1
1505849000,21869822,52.35,15.00000000,1
1505849000,21869820,52.37,139.35400000,1
1505849000,21869819,52.64,9.51384391,1
1505849000,21869818,52.64,9.62326979,1
1505849000,21869815,52.64,1.85524316,1
1505848999,21869813,52.64,1.85133153,1
1505848999,21869810,52.67,9.25000000,1
1505848997,21869801,52.76,2.57000000,0
1505848996,21869800,52.74,1.57401038,0
1505848996,21869799,52.71,0.14292562,0
1505848995,21869798,52.71,0.56179800,0
1505848994,21869796,52.71,0.18726600,0
1505848994,21869795,52.71,27.53400000,1
1505848993,21869794,52.72,1.57401038,1
1505848991,21869786,52.72,1.42598962,0
1505848991,21869783,52.72,1.57401038,0
1505848989,21869779,52.71,12.87000000,1
1505848987,21869776,52.70,3.18000000,0
1505848987,21869774,52.70,15.89000000,0
1505848986,21869772,52.70,20.78973400,0
1505848984,21869763,52.69,20.20012700,0
1505848983,21869760,52.70,0.18726600,0
1505848980,21869755,52.70,0.37453200,0
1505848979,21869752,52.70,55.13923300,0
1505848977,21869747,52.64,0.20054000,0
1505848974,21869738,52.64,0.18726600,0
1505848974,21869737,52.64,19.51023100,0
1505848973,21869734,52.64,5.08982686,0
1505848970,21869727,52.63,1.50478300,0
1505848968,21869723,52.64,4.42638211,0
1505848968,21869721,52.64,0.18726600,0
1505848967,21869714,52.64,1.23226300,0
1505848967,21869712,52.64,35.22150800,0
1505848965,21869708,52.64,19.07006491,0
1505848965,21869707,52.64,9.44518600,0
1505848959,21869692,52.64,28.25000000,0
1505848957,21869678,52.64,14.75284300,0
1505848957,21869676,52.64,2.54049400,0
1505848957,21869673,52.64,10.06478300,0
1505848957,21869670,52.64,6.64537100,0
1505848956,21869669,52.64,3.47336200,0
1505848951,21869654,52.71,6.04059950,0
1505848950,21869646,52.71,1.78495000,0
1505848944,21869629,52.71,8.74582200,0
1505848942,21869624,52.68,9.38755100,0
1505848941,21869622,52.71,36.44867700,0
1505848941,21869621,52.71,11.10000000,0
1505848940,21869616,52.70,36.45376774,0
1505848940,21869614,52.52,0.00000326,0
1505848939,21869605,52.52,1.25572000,0
1505848938,21869596,52.52,1.74427674,0
1505848936,21869589,52.71,1.46516400,0
1505848936,21869586,50.00,1.70224124,1
1505848936,21869584,50.00,50.00000000,1
1505848936,21869581,50.00,10.00000000,1
1505848936,21869580,50.00,2.00000000,1
1505848936,21869579,50.00,0.50000000,1
1505848935,21869578,50.00,50.00000000,1
1505848935,21869577,50.00,1.00000000,1
1505848935,21869574,50.03,0.16890000,1
1505848935,21869573,50.03,36.59483800,0
1505848934,21869572,50.11,7.00000000,1
1505848934,21869571,50.18,0.44240733,1
1505848934,21869570,50.18,727.77502058,0
1505848934,21869569,50.18,10.09341800,0
1505848933,21869568,50.20,0.11000000,1
1505848933,21869567,50.30,3.78574055,1
1505848933,21869566,50.30,13.28055000,0
1505848933,21869563,50.30,26.29841400,0
1505848932,21869560,51.02,3.00000000,1
1505848932,21869558,51.22,3.00000000,1
1505848932,21869557,51.22,26.71945000,0
1505848931,21869555,51.23,527.77000000,1
1505848931,21869554,51.42,3.00000000,1
1505848931,21869553,51.42,173.79100000,0
1505848931,21869552,51.42,174.69600000,0
1505848930,21869549,51.42,1.14322100,0
1505848930,21869548,51.42,20.19691600,0
1505848930,21869547,51.42,0.92929300,0
1505848930,21869545,51.62,3.00000000,1
1505848929,21869544,52.17,68.00000000,1
1505848929,21869543,52.17,36.23000000,0
1505848929,21869541,52.17,1.57401038,0
1505848929,21869539,52.25,105.00000000,1
1505848928,21869537,52.31,2.62000000,1
1505848928,21869536,52.31,49.00000000,0
1505848928,21869534,52.34,98.00000000,1
1505848927,21869531,52.51,14.71000000,1
1505848927,21869530,52.51,63.65373260,0
1505848927,21869529,52.51,155.07600000,0
1505848927,21869528,52.51,19.62000000,0
1505848926,21869524,52.77,7.51653732,1
1505848926,21869522,52.79,1.00231000,0
1505848926,21869521,52.82,1.39417200,0
1505848923,21869516,52.83,29.64300000,0
1505848920,21869511,52.84,12.37659600,0
1505848916,21869508,52.88,2.65351700,0
1505848908,21869489,52.89,1.28405257,0
1505848906,21869485,52.90,60.61318400,0
1505848902,21869473,52.84,3.23599700,1
1505848901,21869471,52.90,0.99989703,0
1505848901,21869470,52.84,104.00000000,0
1505848898,21869460,52.90,0.32245746,1
1505848897,21869459,52.90,3.28000000,1
1505848890,21869441,52.90,1.89035917,1
1505848890,21869439,52.90,136.34200000,1
1505848887,21869430,52.91,2.83748200,0
1505848887,21869429,52.91,32.05000000,0
1505848886,21869428,52.90,6.00000000,0
1505848885,21869427,52.90,5.24012800,0
1505848885,21869426,52.90,20.00000000,0
1505848885,21869424,52.90,2.56612200,0
1505848885,21869423,52.90,4.29088200,0
1505848883,21869413,52.89,2.98000000,0
1505848882,21869409,52.88,63.65373260,0
1505848881,21869405,52.89,1.77605400,0
1505848881,21869402,52.89,2.90513780,0
1505848880,21869398,52.29,0.02059320,0
1505848878,21869379,52.91,1.56032976,0
1505848877,21869372,51.67,11.66389697,1
1505848877,21869370,52.00,1.58744492,1
1505848877,21869368,52.77,3.74865811,1
1505848875,21869356,52.92,2.63000000,0
1505848875,21869353,52.99,9.89974609,0
1505848875,21869352,52.99,1.61711364,1
1505848875,21869351,52.99,1.62314027,0
1505848874,21869348,53.05,43.12921438,0
1505848874,21869347,53.00,17.94618941,0
1505848873,21869346,53.00,2.05381059,0
1505848873,21869345,52.00,8.94618941,0
1505848872,21869343,50.30,22.52394699,0
1505848872,21869341,50.30,1.61711364,0
1505848872,21869340,50.30,0.88822000,0
1505848872,21869339,50.30,84.26995167,0
1505848871,21869336,50.41,0.14370000,1
1505848871,21869334,50.50,0.50000000,1
1505848871,21869333,50.50,0.25418700,0
1505848870,21869331,50.55,6.80288070,1
1505848870,21869329,50.55,3.19711930,1
1505848870,21869326,50.78,0.14260000,1
1505848870,21869325,50.78,1.62314027,0
1505848870,21869324,50.78,24.78694700,0
1505848870,21869323,50.78,177.70000000,0
1505848869,21869321,50.78,1.66803000,0
1505848869,21869320,50.78,37.64769600,0
1505848869,21869319,50.78,8.27621200,0
1505848869,21869318,50.78,56.51206500,0
1505848869,21869317,50.78,1.04895000,0
1505848869,21869314,50.78,14.02685600,0
1505848869,21869312,50.78,213.00000000,0
1505848869,21869311,50.78,5.88235294,0
1505848868,21869310,50.78,4.59278805,0
1505848868,21869308,50.78,17.16343986,0
1505848867,21869298,50.80,2.20000000,1
1505848867,21869297,50.80,10.00000000,1
1505848867,21869292,50.88,2.00000000,1
1505848866,21869290,50.88,104.00000000,0
1505848866,21869285,50.88,106.00000000,0
1505848866,21869284,50.88,69.00000000,0
1505848865,21869280,50.94,0.43580683,1
1505848865,21869279,51.00,8.94618941,1
1505848865,21869276,51.00,10.00000000,1
1505848865,21869275,51.00,140.00000000,1
1505848864,21869273,51.00,0.50000000,1
1505848864,21869272,51.00,0.20000000,1
1505848864,21869270,51.00,97.00000000,1
1505848864,21869269,51.00,10.00000000,1
1505848864,21869268,51.00,0.50000000,1
1505848864,21869266,51.00,1.00000000,1
1505848864,21869264,51.00,110.00000000,0
1505848863,21869263,51.02,10.00000000,1
1505848863,21869257,51.30,527.77000000,1
1505848863,21869256,51.30,2.03898635,1
1505848863,21869254,51.30,323.76119959,0
1505848862,21869252,51.38,10.00000000,1
1505848862,21869249,51.46,2.00000000,1
1505848862,21869247,51.46,0.68966353,0
1505848861,21869245,51.50,0.50000000,0
1505848861,21869242,51.50,10.00000000,1
1505848861,21869241,51.50,2.55000000,0
1505848861,21869239,51.51,5.80993982,1
1505848860,21869238,51.75,4.31478985,1
1505848860,21869237,51.75,99.00000000,0
1505848860,21869235,51.75,62.71657827,0
1505848860,21869231,51.82,3.00000000,1
1505848859,21869229,51.89,11.69743195,1
1505848859,21869228,51.89,96.00000000,0
1505848859,21869227,52.00,20.00000000,1
1505848859,21869226,52.00,0.48077000,1
1505848858,21869225,52.00,0.50000000,1
1505848858,21869224,52.00,10.00000000,1
1505848858,21869223,52.00,58.12044798,1
1505848858,21869222,52.00,41.87955202,1
1505848858,21869221,52.00,19.15909984,1
1505848858,21869220,52.00,12.00000000,1
1505848857,21869219,52.02,3.00000000,1
1505848857,21869218,52.02,104.00000000,0
1505848857,21869217,52.02,102.00000000,0
1505848857,21869215,52.02,5.08222954,0
1505848857,21869214,52.03,527.77000000,0
1505848856,21869211,52.22,3.00000000,1
1505848856,21869210,52.22,0.68792753,1
1505848856,21869209,52.22,100.00000000,0
1505848856,21869208,52.22,97.00000000,0
1505848855,21869207,52.23,1.90982194,1
1505848855,21869205,52.42,3.00000000,1
1505848855,21869203,52.42,1.81839900,0
1505848855,21869199,52.42,0.18656700,0
1505848854,21869197,52.50,0.50000000,1
1505848854,21869195,52.51,87.21277013,1
1505848854,21869194,52.51,104.00000000,0
1505848854,21869193,52.51,33.37860300,0
1505848853,21869192,52.51,1.55585000,0
1505848853,21869191,52.51,0.18622000,0
1505848853,21869189,52.61,2.47000000,1
1505848852,21869188,52.62,3.00000000,1
1505848852,21869187,52.62,16.14922400,0
1505848852,21869186,52.69,110.00000000,1
1505848851,21869184,52.76,96.00000000,1
1505848851,21869183,52.76,226.80273600,0
1505848851,21869181,52.82,2.00000000,1
1505848851,21869180,52.82,3.00000000,1
1505848850,21869179,52.84,101.00000000,1
1505848850,21869178,52.84,121.40000000,0
1505848850,21869177,52.91,109.00000000,1
1505848850,21869176,52.92,170.23700000,0
1505848850,21869175,52.92,2.65000000,1
1505848849,21869174,52.98,109.00000000,1
1505848849,21869173,52.99,92.00000000,0
1505848849,21869172,52.99,13.24000000,1
1505848847,21869171,53.03,72.72400000,1
1505848844,21869168,53.03,100.00000000,1
1505848833,21869136,53.00,10.00000000,1
1505848818,21869110,52.99,160.69656348,1
1505848818,21869109,52.99,65.41700000,1
1505848818,21869108,53.01,1.88643652,1
1505848803,21869057,52.99,48.31000000,1
1505848803,21869056,53.00,11.69000000,1
1505848777,21869026,52.99,39.65027494,1
1505848777,21869025,53.00,12.91000000,1
1505848777,21869024,53.01,30.82100000,1
1505848777,21869023,53.02,14.73300000,1
1505848777,21869022,53.03,1.88572506,1
1505848737,21868991,53.05,73.80059576,1
1505848737,21868990,53.06,26.19940424,1
1505848729,21868989,53.33,11.93814700,0
1505848724,21868984,53.00,44.97124982,0
1505848724,21868983,53.00,53.92875018,1
1505848723,21868982,53.01,1.10000000,1
1505848722,21868980,53.39,1.54623982,0
1505848719,21868978,53.33,16.83000000,0
1505848719,21868977,53.29,1.55768015,0
1505848718,21868976,53.28,3.76990975,0
1505848718,21868975,53.00,11.93814630,0
1505848716,21868972,53.17,1.55185370,1
1505848713,21868970,53.24,1.10000000,0
1505848707,21868962,53.23,71.17065406,1
1505848690,21868901,53.00,1.29171441,0
1505848689,21868897,53.00,1.55768015,0
1505848688,21868896,53.00,10.99992297,0
1505848687,21868895,53.00,11.21000000,0
1505848686,21868894,53.04,1.88536953,1
1505848686,21868893,53.06,1.88465888,1
1505848686,21868892,53.07,71.17065406,1
1505848610,21868814,53.17,80.01176376,1
1505848607,21868811,53.35,1.86888959,0
1505848607,21868809,53.33,0.00000041,0
1505848579,21868775,53.16,80.01176376,0
1505848577,21868767,53.16,56.17000000,0
1505848562,21868733,53.33,1.55652755,0
1505848562,21868732,53.30,0.00000045,0
1505848562,21868730,53.30,3.75816200,0
1505848555,21868713,53.07,57.59811832,1
1505848555,21868712,53.09,92.00000000,1
1505848555,21868711,53.22,0.12600000,1
1505848555,21868710,53.22,0.12600000,1
1505848555,21868709,53.22,0.12600000,1
1505848555,21868708,53.22,0.02388168,1
1505848550,21868699,53.22,0.10211832,1
1505848539,21868651,53.21,0.12600000,0
1505848522,21868623,53.21,0.21000000,0
1505848522,21868622,53.20,1.79000000,0
1505848502,21868593,53.02,1.79327800,0
1505848501,21868589,53.15,27.59007880,0
1505848501,21868586,53.14,1.76000000,0
1505848501,21868585,53.13,36.47664704,0
1505848500,21868584,52.91,96.07715781,1
1505848500,21868583,53.01,2.12956418,1
1505848500,21868582,53.02,1.79327801,1
1505848490,21868561,53.21,5.86113000,1
1505848472,21868460,53.25,5.67751300,0
1505848456,21868422,53.00,35.94016065,0
1505848456,21868419,53.01,1.55652796,1
1505848456,21868417,53.12,1.55331139,1
1505848452,21868412,53.23,1.87863986,1
1505848451,21868411,53.26,1.00000000,0
1505848450,21868406,52.91,78.31162411,1
1505848450,21868405,52.91,107.00000000,1
1505848450,21868404,52.99,0.94112097,1
1505848450,21868403,53.00,6.00000000,1
1505848450,21868402,53.00,0.32051745,1
1505848450,21868401,53.00,1.10000000,1
1505848449,21868400,53.02,3.00000000,1
1505848449,21868399,53.09,0.69951034,1
1505848449,21868397,53.09,2.62722713,1
1505848448,21868396,53.26,2.25091000,0
1505848441,21868386,53.23,1.88283000,0
1505848422,21868323,53.22,3.00000000,1
1505848421,21868321,53.23,0.22750000,1
1505848418,21868306,53.26,38.37201182,1
1505848418,21868304,53.23,0.22750000,0
1505848414,21868294,53.23,11.77250000,1
1505848414,21868291,53.26,85.41039033,0
1505848402,21868232,53.32,15.00000000,0
1505848400,21868213,53.32,3.92373000,0
1505848399,21868205,53.33,1.03750500,0
1505848398,21868203,53.28,2.96205900,0
1505848396,21868185,53.28,0.26390100,0
1505848396,21868181,53.30,0.77404000,1
1505848392,21868152,53.35,48.52749402,0
1505848392,21868148,53.30,0.00010432,1
1505848392,21868145,53.30,64.00000000,0
1505848391,21868137,53.29,4.63589218,0
1505848389,21868132,53.30,15.00000000,1
1505848389,21868131,53.32,80.00000000,1
1505848388,21868129,53.42,10.86233652,0
1505848382,21868116,53.42,1.87160771,1
1505848365,21868083,53.42,1.12839229,1
1505848365,21868082,53.43,1.87160771,1
1505848357,21868060,53.50,1.86915888,1
1505848334,21867996,53.50,1.60000000,0
1505848331,21867985,53.50,5.99999978,0
1505848322,21867944,53.51,1.54201353,1
1505848322,21867943,53.57,11.83000000,1
1505848322,21867939,53.58,46.01800000,1
1505848226,21867607,53.73,1.81890936,0
1505848222,21867598,53.73,6.58328680,0
1505848216,21867568,53.71,22.72600000,0
1505848210,21867557,53.70,1.53656877,1
1505848209,21867555,53.71,1.53628326,1
1505848207,21867547,53.72,1.53599787,1
1505848205,21867539,53.74,8.75512500,0
1505848205,21867538,53.74,1.10000000,0
1505848202,21867526,53.76,1.53485735,1
1505848201,21867525,53.76,80.37418582,1
1505848201,21867524,53.77,1.10000000,1
1505848167,21867483,53.90,1.10000000,1
1505848162,21867470,53.95,14.47868800,0
1505848162,21867469,53.90,0.90000000,0
1505848161,21867468,53.90,1.10000000,1
1505848074,21867412,53.91,100.00000000,0
1505848074,21867411,53.90,15.67000000,0
1505847982,21867357,53.91,5.57372800,0
1505847979,21867352,53.91,11.73331300,0
1505847979,21867351,53.91,8.24729700,0
1505847909,21867276,53.77,1.61160900,1
1505847771,21867197,53.76,0.68500000,1
1505847585,21867122,53.94,24.74898035,0
1505847525,21867093,53.83,15.59874000,1
1505847521,21867085,53.81,9.49988900,0
1505847514,21867075,53.85,10.19032500,0
1505847513,21867074,53.71,48.87175458,0
1505847502,21867068,53.82,2.29623000,0
1505847501,21867066,53.82,2.29623000,0
1505847500,21867064,53.82,2.29623000,0
1505847439,21866992,53.62,21.61404846,0
1505847438,21866991,53.62,58.82324500,0
1505847438,21866989,53.62,15.54000000,0
1505847438,21866987,53.62,4.21681100,0
1505847438,21866986,53.62,78.10735700,0
1505847438,21866985,53.62,4.76000000,0
1505847438,21866983,53.62,61.80054800,0
1505847438,21866982,53.62,46.12309300,0
1505847438,21866980,53.62,1.89450000,0
1505847437,21866976,53.62,186.00000000,0
1505847437,21866975,53.62,35.37319900,0
1505847436,21866974,53.62,231.92039798,0
1505847436,21866973,53.62,9.01283800,0
1505847436,21866971,53.62,25.94976400,0
1505847436,21866969,53.62,13.00675100,0
1505847436,21866967,53.62,118.56670400,0
1505847435,21866965,53.62,11.04622700,0
1505847435,21866964,53.62,15.62769100,0
1505847435,21866963,53.62,65.29933600,0
1505847434,21866961,53.62,3.00000000,1
1505847434,21866960,53.66,75.70100000,1
1505847434,21866959,53.79,1.53405702,1
1505847433,21866958,53.80,35.32413403,1
1505847404,21866940,53.80,42.80986597,1
1505847210,21866751,53.80,147.29654827,0
1505847204,21866742,53.80,1.47861900,0
1505847202,21866732,53.80,5.04759000,0
1505847200,21866726,53.80,24.32059500,0
1505847200,21866725,53.80,37.95012500,0
1505847200,21866724,53.80,90.35406400,0
1505847199,21866723,53.80,30.25375500,0
1505847199,21866722,53.80,8.73677500,0
1505847199,21866721,53.80,41.07874200,0
1505847199,21866720,53.80,8.15057600,0
1505847199,21866719,53.80,29.72682300,0
1505847198,21866718,53.80,6.16468400,0
1505847198,21866717,53.80,19.68718700,0
1505847198,21866715,53.80,6.70760500,0
1505847196,21866714,53.80,4.10188900,1
1505847196,21866713,53.81,125.60700000,1
1505847166,21866676,53.80,0.00000447,0
1505847166,21866675,53.80,4.10189000,0
1505847165,21866670,53.80,18.76642454,0
1505847164,21866669,53.80,90.00000000,0
1505847163,21866666,53.80,97.00000000,0
1505847163,21866665,53.81,72.68500000,1
1505847163,21866664,53.86,107.00000000,1
1505847163,21866663,53.88,16.88000000,1
1505847163,21866662,53.89,31.62100000,1
1505847162,21866660,53.90,61.94568099,1
1505847138,21866642,54.00,0.69927000,0
1505847123,21866624,54.00,180.00000000,0
1505847117,21866608,54.00,1.10000000,0
1505847112,21866600,54.00,60.38849400,0
1505847112,21866598,54.00,30.34691300,0
1505847112,21866597,54.00,32.78200000,0
1505847111,21866595,54.00,57.75029700,0
1505847111,21866593,54.00,60.87427800,0
1505847110,21866591,54.00,1.88000000,0
1505847110,21866590,54.00,2.28089100,0
1505847109,21866589,54.00,55.86000000,0
1505847109,21866587,54.05,1.10000000,1
1505847106,21866584,54.19,7.76614000,0
1505847087,21866552,54.19,1.32289000,1
1505847083,21866545,54.15,11.25822500,0
1505847083,21866544,54.15,44.04610600,0
1505847061,21866477,54.04,10.39511417,0
1505847061,21866476,54.04,84.40900000,1
1505847061,21866475,54.09,1.10000000,1
1505847060,21866474,54.13,104.29000000,1
1505847060,21866473,54.13,1.80588583,1
1505847037,21866433,54.30,1.52298334,1
1505847037,21866432,54.31,1.52270286,1
1505847037,21866431,54.32,1.52242249,1
1505847037,21866430,54.33,1.52214222,1
1505847037,21866429,54.34,1.52186205,1
1505846963,21866403,54.35,1.52158199,1
1505846958,21866389,54.37,24.38905400,0
1505846957,21866388,54.36,14.93000000,0
1505846952,21866381,54.37,78.89313300,0
1505846949,21866378,54.37,5.16418600,0
1505846948,21866377,54.37,46.02284603,0
1505846948,21866376,54.36,0.47869797,0
1505846947,21866375,54.36,1.52130203,1
1505846947,21866374,54.37,1.90734200,0
1505846937,21866359,54.37,1.52102217,1
1505846937,21866357,54.38,1.52074242,1
1505846925,21866346,54.53,1.10000000,0
1505846919,21866342,54.50,36.79900000,1
1505846914,21866337,54.52,22.06700000,1
1505846841,21866299,54.49,1.70067200,0
1505846841,21866298,54.48,1.10000000,1
1505846836,21866297,54.47,1.10000000,0
1505846822,21866291,54.49,8.29932800,0
1505846815,21866286,54.48,1.10000000,0
1505846709,21866245,54.45,1.10400000,0
1505846709,21866244,54.43,16.60973500,0
1505846707,21866241,54.43,1.13026500,0
1505846662,21866212,54.31,176.45600000,1
1505846654,21866202,54.36,5.41675200,0
1505846622,21866183,54.29,21.69684100,0
1505846621,21866180,54.29,24.92060400,0
1505846612,21866175,54.36,30.80740200,0
1505846612,21866174,54.36,7.85524200,0
1505846612,21866173,54.28,5.41675200,0
1505846608,21866167,54.28,16.25698600,0
1505846608,21866166,54.28,33.89110900,0
1505846602,21866156,54.27,16.14000000,0
1505846585,21866150,54.28,42.43515300,0
1505846556,21866111,54.36,47.92060372,0
1505846556,21866110,54.35,44.02000000,0
1505846556,21866109,54.33,0.05939628,0
1505846555,21866108,54.33,1.84060372,1
1505846555,21866107,54.33,1.10000000,1
1505846482,21866021,54.49,1.10000000,1
1505846472,21866018,54.49,0.71994150,1
1505846470,21866017,54.47,0.38005850,0
1505846469,21866012,54.47,4.51994150,1
1505846469,21866011,54.48,1.10000000,1
1505846438,21865977,54.47,0.35000000,1
1505846364,21865922,54.56,1.05941000,0
1505846364,21865920,54.55,10.00000000,0
1505846360,21865918,54.55,4.87488700,0
1505846324,21865900,54.47,0.78837000,1
1505846322,21865899,54.48,1.10000000,1
1505846243,21865859,54.50,0.00000049,0
1505846238,21865858,54.50,3.16128000,0
1505846237,21865857,54.53,4.73871951,1
1505846237,21865856,54.55,1.10000000,1
1505846223,21865845,54.58,19.17999500,0
1505846012,21865683,54.47,4.34168850,0
1505845986,21865654,54.47,1.97774000,0
1505845876,21865614,54.47,1.10000000,0
1505845867,21865610,54.47,1.10000000,1
1505845593,21865473,54.58,8.61909124,0
1505844972,21865161,54.44,4.64500000,0
1505844968,21865154,54.44,1.10000000,0
1505844967,21865153,54.45,24.13500000,1
1505844725,21865022,54.71,5.53847559,0
1505844723,21865020,54.62,1.10000000,0
1505844653,21864985,54.63,1.10000000,0
1505844365,21864802,54.55,1.10000000,0
1505844165,21864617,54.46,1.10000000,0
1505844165,21864616,54.46,10.95000000,0
1505844137,21864599,54.50,0.90214000,0
1505844016,21864500,54.62,10.62600000,0
1505843966,21864453,54.57,2.75096207,0
1505843960,21864445,54.50,18.83726000,0
1505843960,21864444,54.50,26.16274000,0
1505843873,21864398,54.63,1.10000000,1
1505843863,21864394,54.63,0.41000000,1
1505843861,21864393,54.61,0.69000000,0
1505843860,21864390,54.61,25.21000000,1
1505843860,21864389,54.62,1.10000000,1
1505843523,21864138,54.51,27.32111836,0
1505843522,21864137,54.52,1.10000000,1
1505843436,21864115,54.50,100.00000000,1
1505843436,21864114,54.50,3.81231816,1
1505843436,21864113,54.50,8.67494001,1
1505843436,21864112,54.53,1.10000000,1
1505843396,21864085,54.57,14.41726200,0
1505843345,21864044,54.61,12.59970000,0
1505843318,21864037,54.56,38.78560000,0
1505843315,21864029,54.60,12.55350000,1
1505843311,21864021,54.56,12.55350000,0
1505843308,21864014,54.56,3.01386835,0
1505843307,21864007,54.56,2.74871161,0
1505843305,21864006,54.54,10.00000000,1
1505843302,21864001,54.56,0.91000000,0
1505843302,21864000,54.55,0.19000000,0
1505843298,21863993,54.55,14.71000000,1
1505843298,21863992,54.56,1.10000000,1
1505843278,21863951,54.65,40.44373284,0
1505843272,21863939,54.65,4.56776635,0
1505843271,21863930,54.65,4.19023339,0
1505843270,21863926,54.65,0.90000000,0
1505843267,21863918,54.65,1.10000000,1
1505843264,21863914,54.66,2.49000000,0
1505843261,21863908,54.66,16.25500000,0
1505843233,21863873,54.80,0.46742787,0
1505843233,21863872,54.75,0.78348453,0
1505843232,21863870,54.75,0.92651547,1
1505843232,21863869,54.78,0.29000000,1
1505843229,21863863,54.78,1.00000000,1
1505843224,21863847,54.77,14.98211678,0
1505843223,21863839,54.78,14.71000000,1
1505843222,21863837,54.75,99.07348453,1
1505843222,21863835,54.78,14.42000000,1
1505843222,21863834,54.79,1.50651547,1
1505843219,21863827,54.80,19.89309652,0
1505843217,21863822,54.78,0.29000000,0
1505843216,21863819,54.78,14.71000000,1
1505843102,21863724,54.88,1.77566437,0
1505843057,21863690,55.05,2.10561148,0
1505843051,21863688,54.74,14.13944862,1
1505843048,21863684,55.05,3.15687621,0
1505843041,21863675,55.04,3.15687621,0
1505843039,21863673,54.67,10.02004000,1
1505842787,21863487,55.22,48.95400217,1
1505842669,21863379,54.93,2.99400000,1
1505842637,21863364,55.00,1.89620000,1
1505842529,21863314,54.93,1.65600000,1
1505842466,21863283,54.90,0.10000000,0
1505842456,21863259,55.19,12.25170000,0
1505842453,21863238,55.01,1.85935129,1
1505842453,21863236,55.02,66.49464871,1
1505842452,21863234,55.20,4.54578775,0
1505842452,21863229,55.20,5.43478261,0
1505842450,21863220,55.19,10.11000000,0
1505842449,21863216,55.18,4.37839066,0
1505842444,21863193,54.99,28.69300000,1
1505842358,21863134,54.90,4.67600000,1
1505842353,21863132,55.19,0.10845400,0
1505842318,21863120,55.19,28.18881900,0
1505842278,21863087,54.91,3.08800000,1
1505842232,21863033,55.15,41.78565671,1
1505842219,21863018,54.83,5.02596000,1
1505842163,21862965,54.82,1.17000000,1
1505842151,21862943,55.08,1.17000000,0
1505842124,21862912,54.83,1.17381964,1
1505842045,21862788,54.90,12.08636400,0
1505841991,21862757,54.90,7.91363600,0
1505841883,21862710,54.86,18.69000000,0
1505841570,21862560,55.00,20.00000000,0
1505841552,21862550,55.00,2.83228000,0
1505841551,21862544,55.00,1.23636000,0
1505841550,21862540,55.00,1.81588000,0
1505841549,21862539,55.00,2.83228000,0
1505841430,21862483,54.83,10.32000000,1
1505841428,21862481,54.84,9.68000000,1
1505841418,21862475,54.83,9.30000000,1
1505841417,21862472,54.84,10.70000000,1
1505841411,21862470,54.83,14.78042875,1
1505841409,21862467,54.84,25.21957125,1
1505841404,21862461,54.83,25.22000000,1
1505841402,21862459,54.84,14.78000000,1
1505841396,21862455,54.83,40.00000000,1
1505841342,21862389,55.27,1.49209046,0
1505841335,21862386,55.18,6.37800000,0
1505841334,21862385,55.17,0.00000035,0
1505841225,21862345,55.16,20.12929100,0
1505841197,21862336,54.96,11.43210000,1
1505841186,21862332,54.93,21.17530000,1
1505841186,21862331,54.95,16.14000000,1
1505841174,21862316,54.98,1.99600000,1
1505841165,21862310,54.97,1.03300000,1
1505841124,21862297,54.85,16.08780000,1
1505841111,21862286,55.04,22.23150000,1
1505841102,21862282,55.04,2.07000000,1
1505841100,21862281,55.17,1.50456309,0
1505841100,21862280,55.16,0.00049991,0
1505841100,21862279,55.16,0.20060000,0
1505841100,21862278,55.15,14.71000000,0
1505841090,21862269,54.99,7.89000000,1
1505841078,21862251,54.95,42.10000000,1
1505841070,21862247,54.93,3.39000000,1
1505841065,21862237,55.09,41.98040461,1
1505841055,21862214,54.84,0.99582700,1
1505841055,21862213,54.97,0.00417300,1
1505841049,21862205,55.00,6.04000000,1
1505841048,21862203,54.97,8.67000000,1
1505841048,21862202,54.97,6.03582700,0
1505841047,21862200,54.97,7.88987400,0
1505841045,21862197,54.97,0.78429900,0
1505841044,21862196,55.06,12.00000000,1
1505841034,21862190,54.76,3.00000000,1
1505841027,21862183,55.14,59.42973962,1
1505841025,21862178,55.14,0.00000033,0
1505841025,21862177,55.03,2.86000000,0
1505841025,21862176,55.00,9.42026005,0
1505841025,21862174,54.92,14.29000000,0
1505840941,21862118,54.67,25.00000000,1
1505840937,21862115,54.87,1.50456344,0
1505840931,21862113,54.81,1.51397483,0
1505840931,21862112,54.78,1.10000000,0
1505840929,21862109,54.63,7.80900000,1
1505840929,21862108,54.63,19.19100000,1
1505840927,21862106,54.68,13.00000000,1
1505840921,21862102,54.68,40.00000000,1
1505840915,21862092,54.68,40.00000000,1
1505840907,21862085,54.61,40.00000000,1
1505840903,21862084,54.59,37.39000000,1
1505840901,21862079,54.70,2.61000000,1
1505840894,21862075,54.60,2.84000000,0
1505840893,21862072,54.60,37.16000000,1
1505840886,21862061,54.58,40.00000000,1
1505840877,21862048,54.62,40.00000000,1
1505840868,21862041,54.61,40.00000000,1
1505840863,21862025,54.60,19.61000000,1
1505840862,21862023,54.67,20.39000000,1
1505840855,21862017,54.59,13.57327620,1
1505840854,21862016,54.66,1.10000000,0
1505840854,21862015,54.66,15.32672380,1
1505840849,21862009,54.66,7.20327620,1
1505840847,21862006,54.67,42.79672380,1
1505840689,21861926,54.76,1.82200000,1
1505840683,21861919,54.76,14.76512194,1
1505840680,21861908,54.78,1.82531000,0
1505840254,21861535,54.63,0.70000000,1
1505840253,21861534,54.53,1.10000000,0
1505840230,21861524,54.54,1.10000000,1
1505840221,21861521,54.54,0.18562523,0
1505840219,21861520,54.54,0.91437477,0
1505839684,21861232,54.54,1.10000000,1
1505839479,21861146,54.61,1.09961546,1
1505839370,21861082,54.50,41.42330275,0
1505839069,21860906,54.26,12.90000000,0
1505839067,21860904,54.36,1.10000000,1
1505838812,21860809,54.37,11.00441419,1
1505838807,21860804,54.30,1.10000000,1
1505838754,21860765,54.30,1.10000000,1
1505838744,21860748,53.99,78.90000000,0
1505838742,21860742,54.29,1.10000000,1
1505838685,21860687,54.39,93.30485923,0
1505838615,21860637,54.46,1.10000000,0
1505838611,21860636,54.45,1.10000000,1
1505838388,21860513,54.50,8.57669725,0
1505838387,21860511,54.34,0.30887755,1
1505838387,21860509,54.34,1.10000000,1
1505838353,21860486,54.33,0.30900000,1
1505838353,21860484,54.34,1.10000000,1
1505838352,21860482,54.43,17.08142805,0
1505838351,21860481,54.49,1.40880832,1
1505838344,21860471,54.49,49.02002591,0
1505838320,21860460,54.37,5.21300000,1
1505838303,21860440,54.52,13.71800000,1
1505838303,21860439,54.52,1.10000000,1
1505838278,21860431,54.50,8.48000000,0
1505838277,21860430,54.50,14.71000000,0
1505838276,21860429,54.50,14.71000000,0
1505838276,21860426,54.50,1.00000000,1
1505838276,21860425,54.51,1.10000000,1
1505838175,21860373,54.65,8.00000000,1
1505837961,21860274,54.60,0.10208760,0
1505837877,21860245,54.62,96.00000000,0
1505837860,21860237,54.53,1.10000000,1
1505837856,21860235,54.54,21.49501200,0
1505837855,21860233,54.54,66.17463683,0
1505837855,21860232,54.51,0.48602517,0
1505837853,21860231,54.51,1.51397483,1
1505837849,21860229,54.52,1.10000000,1
1505837721,21860136,54.59,1.10000000,0
1505837718,21860135,54.60,1.10000000,1
1505837640,21860107,54.70,1.04509700,0
1505837639,21860106,54.70,52.03047200,0
1505837639,21860105,54.69,13.58000000,0
1505837639,21860103,54.68,1.67000000,0
1505837631,21860101,54.66,1.30000000,1
1505837550,21860069,54.74,1.10000000,0
1505837426,21859990,54.52,0.10000000,1
1505837424,21859988,54.52,9.92720000,1
1505837415,21859983,54.53,1.67312100,0
1505837401,21859973,54.53,1.10000000,0
1505837399,21859970,54.54,1.10000000,1
1505837394,21859968,54.67,0.10000000,0
1505837356,21859957,54.52,0.86354740,1
1505837322,21859930,54.53,0.10000000,1
1505837161,21859869,54.66,1.00000000,0
1505837016,21859776,54.71,10.91026500,0
1505837015,21859775,54.70,1.10000000,0
1505837000,21859713,54.63,41.71200000,1
1505837000,21859712,54.65,18.24900000,1
1505836999,21859711,54.65,146.03900000,1
1505836994,21859704,54.68,0.00366242,1
1505836992,21859702,54.68,8.72000000,0
1505836992,21859701,54.68,5.98595900,0
1505836990,21859699,54.68,8.72404100,0
1505836985,21859695,54.71,5.98595900,0
1505836979,21859690,54.70,1.10000000,1
1505836811,21859556,54.92,11.45760800,0
1505836633,21859427,55.01,5.04500000,1
1505836620,21859424,55.01,41.08500000,1
1505836606,21859422,55.05,100.00000000,1
1505836597,21859419,55.01,3.00000000,1
1505836597,21859418,55.09,97.00000000,1
1505836588,21859415,55.14,15.24065600,0
1505836588,21859414,55.14,18.57934367,0
1505836588,21859413,55.12,3.00000000,0
1505836588,21859412,55.11,15.24065633,0
1505836487,21859315,55.08,0.10000000,0
1505836344,21859195,54.93,0.37830000,1
1505836341,21859193,55.03,1.50006883,0
1505836335,21859186,55.04,13.74000000,0
1505836334,21859176,55.02,58.07000000,0
1505836334,21859175,54.99,0.40954558,0
1505836334,21859173,54.99,1.10000000,0
1505836334,21859171,54.99,1.50954032,0
1505836334,21859169,54.95,1.51065919,0
1505836327,21859149,54.92,1.50812587,0
1505836327,21859148,54.90,2.16070432,0
1505836326,21859147,54.89,1.51215951,0
1505836326,21859146,54.88,14.71000000,0
1505836324,21859145,54.77,16.04190000,1
1505836283,21859113,54.62,11.08480000,1
1505836283,21859110,54.76,1.10000000,0
1505836261,21859091,54.55,9.95900000,1
1505836261,21859089,54.55,88.74100000,1
1505836261,21859088,54.56,1.10000000,1
1505836205,21859016,54.53,99.80000000,1
1505836196,21859007,54.52,1.09780000,1
1505836173,21858985,54.46,0.97577395,1
1505836173,21858984,54.50,0.52122605,1
1505836133,21858943,54.57,0.10000000,1
1505836084,21858856,54.60,0.13980000,1
1505836070,21858817,54.68,1.10000000,1
1505836062,21858802,54.67,0.20000000,0
1505836060,21858800,54.68,0.90000000,1
1505836059,21858798,54.68,1.10000000,0
1505836046,21858773,54.60,3.88230000,1
1505836039,21858771,54.60,0.68825442,1
1505836038,21858769,54.69,0.40954558,1
1505836036,21858766,54.69,1.10000000,0
1505836027,21858764,54.71,1.51731387,0
1505836027,21858763,54.70,1.10000000,0
1505836022,21858762,54.52,20.93410000,1
1505836000,21858757,54.59,17.57380000,1
1505835983,21858745,54.59,13.20920000,1
1505835983,21858744,54.60,48.08300000,1
1505835972,21858733,54.59,43.58540000,1
1505835972,21858730,54.60,35.09100000,1
1505835962,21858710,54.58,1.09780000,1
1505835952,21858692,54.53,0.29550000,1
1505835944,21858679,54.67,14.23246200,0
1505835944,21858678,54.54,1.10000000,0
1505835925,21858649,54.55,1.10000000,0
1505835919,21858634,54.45,0.46810000,1
1505835907,21858623,54.45,99.80000000,1
1505835897,21858595,54.37,9.21760000,1
1505835764,21858521,54.33,19.96000000,1
1505835735,21858513,54.29,1.08941061,1
1505835734,21858512,54.48,4.19408939,1
1505835731,21858509,54.48,1.10000000,1
1505835723,21858506,54.48,1.10000000,0
1505835688,21858487,54.39,38.10370000,1
1505835639,21858471,54.29,19.96000000,1
1505835605,21858456,54.30,0.20900000,1
1505835501,21858376,54.37,1.10000000,0
1505835350,21858323,54.44,9.15213500,0
1505835350,21858322,54.38,1.10000000,0
1505835342,21858316,54.43,1.61611500,0
1505835342,21858315,54.39,1.00000000,0
1505835330,21858310,54.39,0.10000000,0
1505835326,21858303,54.19,34.24440000,1
1505835320,21858301,54.40,1.10000000,0
1505835320,21858300,54.39,3.93697700,0
1505835320,21858299,54.39,8.18000000,0
1505835316,21858298,54.24,64.32310000,1
1505834817,21858097,54.32,3.08500000,1
1505834805,21858095,54.50,3.93009174,0
1505834804,21858094,54.45,0.09651057,0
1505834770,21858053,54.45,1.00348943,0
1505834702,21858037,54.32,1.10000000,1
1505834698,21858036,54.31,1.10000000,0
1505834670,21858029,54.42,6.57511918,0
1505834670,21858028,54.32,0.02632082,0
1505834659,21858024,54.32,1.07367918,0
1505834577,21857955,54.33,1.10000000,0
1505834552,21857932,54.11,22.77570000,1
1505834552,21857931,54.13,19.30000000,1
1505834529,21857915,54.25,1.09780000,1
1505834516,21857904,54.16,11.00930000,1
1505834516,21857902,54.20,1.10000000,1
1505834516,21857901,54.23,45.65200000,1
1505834397,21857837,54.35,5.33612500,0
1505834395,21857836,54.26,1.09780000,1
1505834390,21857830,54.34,1.58553500,0
1505834330,21857780,54.35,8.18877644,0
1505834272,21857730,54.41,5.61291500,0
1505834204,21857688,54.22,1.00000000,1
1505834104,21857574,54.26,0.55420000,1
1505833974,21857448,54.30,1.10000000,0
1505833971,21857445,54.29,1.10000000,0
1505833949,21857426,54.30,155.45309900,0
1505833949,21857424,54.29,1.10000000,0
1505833931,21857405,54.13,8.99100000,1
1505833929,21857404,54.30,154.19658800,0
1505833929,21857403,54.30,11.55031300,0
1505833929,21857402,54.30,177.70000000,0
1505833901,21857380,54.16,6.72460000,1
1505833882,21857372,54.31,1.09999500,0
1505833693,21857263,54.27,31.50413100,0
1505833625,21857225,54.11,3.25550000,1
1505833615,21857219,54.23,1.10000000,0
1505833558,21857184,54.19,1.09976028,0
1505833386,21857043,54.25,18.32599518,1
1505833369,21857031,54.24,77.33990753,1
1505833338,21856997,54.28,7.22896100,0
1505833335,21856996,54.28,0.15765500,0
1505833330,21856992,54.19,19.62610000,1
1505833328,21856990,54.21,0.37390000,1
1505833321,21856983,54.28,5.01676492,0
1505833269,21856952,54.30,8.50600700,0
1505833250,21856894,54.21,2.38610000,1
1505833250,21856893,54.21,15.53000000,1
1505833246,21856890,54.32,24.53992540,1
1505833240,21856883,54.32,41.88008731,0
1505833193,21856837,54.11,8.48931193,1
1505833165,21856824,54.34,14.68000000,0
1505833155,21856815,54.42,4.67994487,1
1505833155,21856813,54.34,17.44000000,0
1505833155,21856812,54.33,15.53000000,0
1505833023,21856732,54.14,33.08106592,1
1505833023,21856731,54.21,18.35693408,1
1505833021,21856728,54.35,97.99999979,0
1505833009,21856714,54.27,83.47080000,1
1505833009,21856713,54.27,16.32700000,1
1505833009,21856712,54.36,0.00220000,1
1505833000,21856697,54.36,1.09780000,1
1505832887,21856614,54.46,6.00000000,1
1505832886,21856613,54.46,4.32600000,1
1505832884,21856610,54.46,1.10000000,1
1505832870,21856599,54.31,9.06600000,1
1505832850,21856584,54.50,25.24994526,0
1505832837,21856559,54.33,1.00000000,1
1505832800,21856538,54.57,2.17298882,1
1505832724,21856509,54.38,0.35230133,1
1505832724,21856508,54.39,16.31829867,1
1505832706,21856505,54.44,0.66000000,1
1505832695,21856503,54.43,1.00000000,1
1505832625,21856469,54.61,1.95253000,0
1505832618,21856465,54.61,2.16971805,0
1505832603,21856455,54.39,1.00000000,1
1505832574,21856426,54.43,5.57700000,1
1505832567,21856423,54.41,1.00000000,1
1505832563,21856418,54.44,15.36580284,1
1505832563,21856416,54.50,0.00019716,1
1505832553,21856395,54.50,5.89800000,1
1505832539,21856387,54.50,1.10000000,1
1505832536,21856386,54.62,13.54000000,0
1505832526,21856383,54.56,3.34400000,1
1505832514,21856342,54.49,1.10000000,1
1505832503,21856335,54.48,17.85300000,1
1505832503,21856334,54.55,1.10000000,1
1505832491,21856317,54.54,15.00000000,1
1505832485,21856313,54.63,1.00054915,0
1505832417,21856272,54.47,1.09780000,1
1505832395,21856263,54.64,1.82576867,0
1505832357,21856223,54.40,14.42000000,1
1505832349,21856204,54.40,40.37000000,1
1505832207,21856082,54.52,11.67660000,1
1505832197,21856069,54.51,1.09780000,1
1505832185,21856061,54.51,1.09780000,1
1505832176,21856052,54.48,49.89780000,1
1505832175,21856051,54.50,0.00220000,1
1505832135,21856007,54.50,1.09780000,1
1505832124,21856001,54.51,14.97000000,1
1505832113,21855994,54.63,0.13516200,0
1505832094,21855971,54.49,18.86000000,1
1505832094,21855969,54.50,1.10000000,1
1505832043,21855896,54.38,19.96000000,1
1505832007,21855867,54.67,0.42034022,0
1505831964,21855847,54.59,1.10000000,0
1505831962,21855840,54.46,1.98100000,1
1505831926,21855823,54.44,8.90000000,1
1505831917,21855815,54.44,1.10000000,1
1505831895,21855786,54.41,17.69960000,1
1505831865,21855767,54.51,22.22050000,1
1505831856,21855764,54.51,42.32500000,1
1505831847,21855761,54.51,11.60200000,1
1505831837,21855738,54.51,17.51900000,1
1505831829,21855732,54.58,72.00390300,0
1505831828,21855731,54.57,1.10000000,0
1505831828,21855729,54.51,42.33300000,1
1505831816,21855721,54.51,22.82000000,1
1505831805,21855706,54.49,19.26600000,1
1505831805,21855705,54.50,1.10000000,1
1505831794,21855692,54.49,3.39000000,1
1505831793,21855691,54.58,116.00000000,0
1505831789,21855687,54.57,110.00000000,0
1505831719,21855535,54.55,1.10000000,0
1505831717,21855527,54.55,0.40000000,0
1505831717,21855526,54.53,1.10000000,0
1505831713,21855509,54.43,3.60480000,1
1505831702,21855499,54.43,5.75250000,1
1505831691,21855490,54.43,8.88220000,1
1505831689,21855487,54.56,14.36498000,0
1505831689,21855486,54.54,1.10000000,0
1505831679,21855481,54.42,1.09780000,1
1505831664,21855475,54.40,9.74300000,1
1505831655,21855468,54.35,1.10000000,1
1505831654,21855467,54.35,17.86000000,1
1505831645,21855459,54.37,89.86000000,1
1505831636,21855450,54.37,18.65500000,1
1505831624,21855438,54.34,32.68000000,1
1505831613,21855433,54.37,12.67334594,1
1505831613,21855432,54.38,13.05065406,1
1505831601,21855427,54.34,30.28100000,1
1505831583,21855410,54.33,58.12000000,1
1505831573,21855407,54.33,31.83000000,1
1505831564,21855402,54.29,57.08000000,1
1505831564,21855401,54.31,14.09100000,1
1505831536,21855390,54.39,28.12600000,1
1505831524,21855375,54.37,1.10000000,1
1505831451,21855314,54.27,0.00047939,1
1505831451,21855313,54.46,3.59552061,1
1505831436,21855306,54.46,2.90800000,1
1505831427,21855297,54.32,0.00046408,1
1505831426,21855296,54.46,12.09153592,1
1505831421,21855291,54.45,0.50000000,0
1505831380,21855198,54.38,3.22907500,0
1505831361,21855191,54.29,15.66400000,1
1505831352,21855188,54.29,1.10000000,1
1505831278,21855146,54.40,1.83631000,0
1505831277,21855145,54.37,68.37778200,0
1505831257,21855141,54.35,4.53044958,1
1505831217,21855125,54.45,14.72000000,0
1505831217,21855124,54.42,0.16800000,0
1505831197,21855115,54.35,0.33140000,1
1505831195,21855114,54.41,0.33200000,1
1505831195,21855113,54.41,0.33200000,1
1505831192,21855112,54.42,0.33200000,0
1505831191,21855111,54.36,0.33200000,0
1505831188,21855108,54.36,145.66800000,1
1505831184,21855107,54.45,16.54890006,0
1505831183,21855106,54.35,1.09780000,1
1505831178,21855100,54.42,1.10000000,0
1505831170,21855090,54.43,1.10000000,0
1505831164,21855089,54.35,2.89340000,1
1505831164,21855088,54.43,0.40000000,1
1505831162,21855087,54.43,0.70000000,1
1505831162,21855086,54.43,1.10000000,1
1505831162,21855085,54.43,1.10000000,1
1505831162,21855084,54.43,1.10000000,1
1505831160,21855083,54.43,1.10000000,0
1505831154,21855081,54.35,2.78950000,1
1505831151,21855079,54.44,1.00000000,1
1505831151,21855078,54.44,1.00000000,1
1505831151,21855077,54.44,1.00000000,1
1505831151,21855076,54.44,1.00000000,1
1505831150,21855075,54.44,0.90000000,1
1505831148,21855071,54.44,0.10000000,1
1505831148,21855070,54.44,1.00000000,1
1505831147,21855069,54.44,1.00000000,0
1505831145,21855067,54.35,0.89780000,1
1505831145,21855066,54.44,0.20000000,1
1505831142,21855065,54.44,0.90000000,1
1505831142,21855064,54.44,1.10000000,1
1505831141,21855063,54.42,1.10000000,0
1505831105,21855050,54.35,11.52000000,1
1505831100,21855045,54.36,4.57827124,1
1505831056,21855007,54.47,1.10000000,0
1505831056,21855006,54.47,1.10000000,0
1505831056,21855005,54.47,1.10000000,0
1505831055,21855004,54.47,1.10000000,0
1505831055,21855003,54.47,1.10000000,0
1505831055,21855002,54.47,1.10000000,0
1505831054,21855001,54.46,1.10000000,0
1505831032,21854944,54.47,3.00000000,0
1505831010,21854933,54.32,4.56890000,1
1505830979,21854905,54.39,2.05310000,1
1505830979,21854904,54.43,0.03580000,1
1505830970,21854899,54.43,17.87120000,1
1505830896,21854837,54.52,5.00000000,1
1505830839,21854781,54.50,5.00000000,1
1505830828,21854778,54.50,8.14620009,1
1505830828,21854777,54.55,0.00049991,1
1505830818,21854767,54.55,0.20060000,1
1505830807,21854745,54.50,15.00000000,1
1505830797,21854735,54.47,20.00000000,1
1505830781,21854725,54.55,1.10000000,0
1505830769,21854713,54.51,59.19065400,1
1505830760,21854704,54.58,1.10000000,0
1505830760,21854701,54.58,10.88000000,0
1505830759,21854696,54.18,12.27573000,1
1505830759,21854694,54.19,3.67000000,1
1505830759,21854692,54.26,18.31000000,1
1505830759,21854690,54.27,14.71000000,1
1505830759,21854689,54.47,24.20857000,1
1505830759,21854688,54.47,0.00610000,1
1505830727,21854670,54.47,2.87030000,1
1505830711,21854651,54.47,24.16060000,1
1505830671,21854635,54.41,1.10000000,0
1505830630,21854614,54.54,114.42000000,0
1505830630,21854613,54.53,56.70000000,0
1505830630,21854612,54.52,10.48000000,0
1505830630,21854610,54.42,1.10000000,0
1505830619,21854602,54.49,9.38000000,0
1505830619,21854601,54.42,1.10000000,0
1505830616,21854595,54.32,13.61910000,1
1505830612,21854590,54.32,1.09090000,1
1505830599,21854580,54.44,20.26974600,0
1505830597,21854571,54.44,55.00872700,0
1505830597,21854570,54.44,3.99467600,0
1505830597,21854569,54.43,12.46000000,0
1505830597,21854568,54.42,112.31770000,0
1505830596,21854567,54.42,3.68230000,0
1505830595,21854566,54.38,0.90000000,0
1505830594,21854565,54.38,1.10000000,1
1505830590,21854564,54.39,1.10000000,1
1505830588,21854559,54.35,1.10000000,0
1505830581,21854556,54.40,0.00004300,0
1505830581,21854554,54.39,9.66535700,0
1505830578,21854551,54.39,5.13464300,0
1505830571,21854546,54.31,6.98600000,1
1505830570,21854545,54.36,0.09333000,0
1505830536,21854515,53.94,2.61700000,1
1505830536,21854513,54.28,1.10000000,1
1505830516,21854498,54.28,1.10000000,1
1505830516,21854497,54.29,15.00000000,1
1505830509,21854489,54.39,17.44552700,0
1505830506,21854462,53.80,13.30631627,1
1505830505,21854457,53.81,1.50000000,1
1505830505,21854454,53.81,77.98300000,0
1505830505,21854452,53.81,31.66600000,0
1505830505,21854447,53.83,4.48112967,1
1505830505,21854442,53.86,144.42300000,0
1505830504,21854440,53.86,1.63890000,0
1505830504,21854435,53.90,53.00000000,1
1505830504,21854433,53.90,57.80000000,0
1505830504,21854429,53.96,2.44000000,0
1505830503,21854425,54.03,39.79100000,0
1505830503,21854420,54.04,71.17065406,0
1505830501,21854416,54.27,0.80000000,1
1505830501,21854413,54.27,0.30000000,1
1505830493,21854397,54.28,18.61100000,1
1505830489,21854395,54.41,71.17065406,1
1505830488,21854390,54.35,53.28343300,0
1505830488,21854389,54.34,35.68000000,0
1505830485,21854388,53.83,12.22469994,0
1505830485,21854387,53.90,124.00000000,1
1505830485,21854386,53.90,3.15000000,0
1505830485,21854385,53.90,93.96216200,0
1505830484,21854384,53.99,2.48000000,1
1505830484,21854383,54.07,60.88800000,1
1505830484,21854382,54.07,15.73000000,0
1505830484,21854380,54.07,40.94928400,0
1505830483,21854379,54.18,37.85200000,1
1505830483,21854377,54.24,1.10000000,1
1505830481,21854374,54.26,70.07285406,0
1505830481,21854373,54.26,37.59100000,1
1505830479,21854372,54.39,1.10000000,0
1505830469,21854364,54.44,16.81749200,0
1505830469,21854363,54.43,1.50000000,0
1505830468,21854362,54.40,1.10000000,0
1505830460,21854349,54.22,8.91720000,1
1505830448,21854339,54.24,21.81630000,1
1505830441,21854328,54.20,86.25200000,1
1505830441,21854327,54.20,113.44800000,1
1505830427,21854326,54.11,1.09780000,1
1505830421,21854325,54.41,10.27515389,0
1505830421,21854324,54.41,8.70268613,0
1505830421,21854323,54.37,0.99997998,0
1505830419,21854322,54.37,0.00002002,1
1505830418,21854321,54.41,1.51731387,0
1505830417,21854320,54.36,1.52657998,0
1505830415,21854318,54.23,1.09780000,1
1505830399,21854305,54.19,4.25530000,1
1505830399,21854304,54.22,1.10000000,1
1505830387,21854280,54.25,1.09780000,1
1505830374,21854271,54.19,1.09780000,1
1505830372,21854268,54.25,1.10000000,1
1505830359,21854242,54.24,13.87000000,1
1505830359,21854241,54.25,1.10000000,1
1505830350,21854219,54.24,11.63400000,1
1505830338,21854213,54.24,1.10000000,1
1505830335,21854212,54.35,0.72512000,1
1505830333,21854211,54.35,10.79400000,0
1505830333,21854210,54.34,12.14000000,0
1505830327,21854205,54.21,6.55600000,1
1505830327,21854204,54.23,1.10000000,1
1505830315,21854197,54.21,14.97000000,1
1505830304,21854149,53.91,4.16280000,1
1505830304,21854148,54.11,14.71000000,1
1505830304,21854146,54.20,1.10000000,1
1505830303,21854145,54.21,30.51000000,1
1505830303,21854144,54.24,15.00000000,1
1505830295,21854140,54.35,30.42906000,0
1505830295,21854139,54.28,3.26406000,0
1505830286,21854120,54.28,11.16594000,0
1505830255,21854090,54.16,5.43168200,0
1505830250,21854082,54.16,6.27663600,0
1505830247,21854078,54.16,5.43168200,0
1505830238,21854070,54.12,35.03444356,1
1505830190,21854048,53.69,87.86900000,1
1505830190,21854047,53.69,168.81500000,0
1505830190,21854046,53.70,25.00000000,0
1505830190,21854045,53.70,167.21600000,1
1505830189,21854044,54.09,15.00000000,0
1505830189,21854043,54.10,1.10000000,0
1505830188,21854042,54.10,50.00000000,1
1505830183,21854039,54.20,1.10000000,1
1505830180,21854037,53.50,54.77447935,0
1505830179,21854036,53.50,50.00000000,0
1505830179,21854035,53.50,50.00000000,0
1505830179,21854034,53.71,2.56000000,1
1505830179,21854033,53.82,25.00000000,1
1505830178,21854032,53.82,20.00000000,0
1505830178,21854031,53.82,173.25800000,0
1505830178,21854030,53.82,15.00000000,0
1505830178,21854028,53.83,56.60000000,1
1505830177,21854027,54.03,12.89000000,1
1505830177,21854026,54.03,1.52657998,0
1505830177,21854025,54.05,2.58000000,1
1505830175,21854021,54.07,15.00000000,0
1505830175,21854020,54.07,20.81094067,1
1505830171,21854019,54.20,0.90000000,0
1505830171,21854018,54.20,1.10000000,1
1505830165,21854013,53.49,6.27360934,1
1505830165,21854012,53.62,3.00000000,1
1505830165,21854011,53.68,2.62000000,1
1505830165,21854010,53.78,4.37839066,1
1505830164,21854009,53.79,2.20000000,1
1505830164,21854008,54.01,2.42000000,1
1505830164,21854007,54.19,1.10000000,1
1505830094,21853973,54.58,1.51215951,0
1505830043,21853925,54.20,1.94787000,0
1505830041,21853921,54.20,2.58479000,0
1505829965,21853852,54.18,1.29997300,0
1505829955,21853848,54.18,15.00000000,1
1505829813,21853584,54.18,19.66000000,1
1505829682,21853444,54.29,2.10181000,0
1505829666,21853432,54.29,2.08613000,0
1505829664,21853422,54.25,2.37993000,0
1505829650,21853412,54.27,1.14268000,0
1505829649,21853411,54.27,1.10000000,0
1505829596,21853270,54.24,6.90000000,1
1505829596,21853269,54.24,1.10000000,1
1505829586,21853255,54.25,8.02940300,1
1505829528,21853159,54.31,19.96000000,1
1505829518,21853156,54.35,0.79840000,1
1505829509,21853150,54.37,2.88210000,1
1505829509,21853149,54.49,0.00220000,1
1505829496,21853140,54.49,1.09780000,1
1505829484,21853119,54.50,3.98210000,1
1505829475,21853102,54.50,20.70060000,1
1505829474,21853101,54.66,10.69000000,0
1505829474,21853100,54.65,34.04000000,0
1505829468,21853099,54.59,15.27000000,0
1505829462,21853093,54.48,8.92300000,1
1505829450,21853071,54.61,12.70000000,0
1505829449,21853070,54.41,8.97700000,1
1505829439,21853059,54.33,18.07600000,1
1505829438,21853056,54.60,22.53159600,0
1505829423,21853041,54.15,5.32400000,1
1505829423,21853040,54.23,2.77600000,1
1505829423,21853039,54.63,1.51065919,0
1505829422,21853038,54.63,1.50954032,0
1505829421,21853036,54.60,66.16300350,1
1505829421,21853032,54.47,0.00000016,0
1505829414,21853025,54.23,10.37400000,1
1505829404,21853013,54.35,0.88630000,1
1505829393,21852987,54.22,32.18580678,1
1505829393,21852985,54.22,196.50192000,0
1505829392,21852983,54.23,4.32600000,1
1505829392,21852981,54.23,0.34400000,1
1505829392,21852979,54.24,2.55000000,1
1505829391,21852977,54.24,133.32911296,0
1505829391,21852974,54.35,12.71000000,1
1505829391,21852972,54.39,48.75000000,1
1505829390,21852970,54.40,69.64716026,1
1505829386,21852965,54.43,5.86753000,0
1505829381,21852958,54.43,0.94207000,0
1505829380,21852955,54.23,7.81800000,1
1505829380,21852954,54.29,6.52200000,1
1505829379,21852953,54.05,219.47800000,0
1505829378,21852952,54.12,133.00000000,0
1505829378,21852951,54.12,29.52200000,1
1505829378,21852950,54.15,14.10000000,1
1505829377,21852949,54.28,86.81533500,0
1505829377,21852948,54.28,17.08466500,0
1505829368,21852939,54.29,2.87000000,1
1505829358,21852925,54.43,55.28654000,0
1505829356,21852921,54.29,2.92000000,1
1505829346,21852910,54.47,1.52349400,0
1505829344,21852906,54.25,0.98810000,1
1505829340,21852893,54.27,2.12000000,0
1505829335,21852882,54.24,8.06000000,1
1505829335,21852879,54.28,2.55000000,1
1505829332,21852869,54.24,12.73000000,0
1505829314,21852854,54.11,28.52519844,0
1505829311,21852848,54.13,12.16062026,1
1505829310,21852845,54.13,56.81000000,0
1505829261,21852810,54.16,1.10000000,0
1505829259,21852807,54.17,1.10000000,1
1505829222,21852781,54.17,1.10000000,1
1505829221,21852780,53.68,65.74677852,1
1505829220,21852779,53.79,65.65922148,1
1505829220,21852778,53.89,124.00000000,1
1505829220,21852777,53.91,96.00000000,0
1505829220,21852776,53.91,15.27000000,1
1505829219,21852775,53.92,14.91800000,0
1505829219,21852774,53.92,20.70500000,0
1505829219,21852773,53.95,21.89100000,1
1505829219,21852772,54.01,74.71000000,1
1505829217,21852771,54.16,1.10000000,1
1505829165,21852735,53.92,14.38148456,1
1505829163,21852734,54.00,33.03867246,1
1505829161,21852731,54.00,10.23932754,1
1505829148,21852717,54.10,0.00002215,0
1505829147,21852716,54.10,17.89997785,0
1505829145,21852714,54.14,1.10000000,1
1505829143,21852708,53.79,71.34077852,1
1505829143,21852707,53.79,1.52363400,0
1505829142,21852706,53.79,1.08404300,0
1505829142,21852705,53.79,3.43135400,0
1505829142,21852704,53.79,62.74485000,0
1505829142,21852703,53.90,123.00000000,1
1505829141,21852702,53.91,4.93000000,1
1505829141,21852701,53.97,2.70000000,1
1505829141,21852700,53.97,13.50000000,1
1505829141,21852699,53.98,44.48484632,0
1505829140,21852698,54.09,168.63700000,1
1505829140,21852697,54.14,1.10000000,1
1505829140,21852696,54.15,1.52349416,0
1505829041,21852637,54.25,0.20960000,1
1505828805,21852459,54.39,11.20336679,1
1505828709,21852343,54.57,1.50812587,1
1505828685,21852260,54.60,3.36810366,1
1505828659,21852252,54.60,42.76600000,1
1505828372,21852145,54.83,4.07705607,1
1505828370,21852143,54.83,16.21640316,0
1505828051,21851879,54.89,1.74460000,1
1505828042,21851870,54.84,1.36493204,1
1505828042,21851869,54.95,13.88000000,1
1505828042,21851868,54.96,22.67652096,1
1505828042,21851867,54.96,1.00054700,1
1505828034,21851854,55.08,4.07625829,1
1505828032,21851851,55.08,6.17000000,1
1505828030,21851837,55.09,15.27000000,0
1505828023,21851815,54.84,1.39800000,1
1505828018,21851807,55.08,2.70000000,1
1505828018,21851806,55.08,10.07684600,1
1505828014,21851802,54.77,1.78800000,1
1505828005,21851796,54.71,0.01000000,1
1505828005,21851795,54.73,56.76000000,1
1505827994,21851787,54.73,13.53290000,1
1505827989,21851775,54.94,1.49719804,0
1505827986,21851770,55.14,41.18000000,0
1505827986,21851769,55.12,3.00000000,0
1505827985,21851768,55.09,50.00000000,0
1505827985,21851767,55.03,0.82000000,0
1505827985,21851766,54.97,0.00695061,0
1505827981,21851761,54.94,41.20168910,1
1505827981,21851758,54.94,4.11000000,0
1505827981,21851757,54.85,1.51332890,0
1505827980,21851755,54.65,6.42720000,1
1505827976,21851753,54.75,7.77187895,0
1505827967,21851751,54.72,15.27000000,0
1505827873,21851694,54.75,2.22812105,0
1505827873,21851693,54.75,1.63471000,0
1505827768,21851562,54.59,2.03700000,0
1505827762,21851559,54.56,14.57100000,1
1505827736,21851533,54.59,2.03700000,0
1505827719,21851499,54.75,0.36529000,0
1505827704,21851485,54.57,10.00000000,1
1505827662,21851476,54.56,50.00000000,1
1505827629,21851448,54.54,15.27000000,0
1505827626,21851446,54.74,158.16372962,0
1505827626,21851444,54.73,1.31000000,0
1505827626,21851443,54.73,15.27000000,1
1505827625,21851441,54.64,6.53000000,0
1505827625,21851440,54.56,1.52045523,0
1505827625,21851438,54.54,15.27000000,0
1505827623,21851437,54.53,1.93581515,0
1505827613,21851428,54.55,1.51332890,0
1505827611,21851426,54.41,3.55848300,1
1505827597,21851405,54.46,1.52422621,0
1505827592,21851397,54.31,1.10000000,0
1505827556,21851365,54.00,4.74980000,0
1505827555,21851364,54.00,45.25020000,0
1505827523,21851356,54.16,1.52422621,0
1505827517,21851353,53.91,1.53309652,0
1505827516,21851347,53.83,50.00000000,1
1505827450,21851279,53.59,3.00000000,1
1505827447,21851274,53.82,16.01000000,0
1505827442,21851262,53.69,3.00000000,0
1505827392,21851213,53.68,8.30000000,0
1505827386,21851189,53.50,3.31084857,0
1505827386,21851188,53.50,10.14750000,0
1505827384,21851183,53.50,44.22765143,0
1505827383,21851181,53.52,32.31400000,1
1505827348,21851143,53.58,1.53309652,1
1505827211,21850985,53.70,1.10000000,1
1505827207,21850981,53.62,3.00000000,1
1505827189,21850977,53.82,3.00000000,1
1505827175,21850972,54.02,0.00000492,1
1505827133,21850912,54.02,2.99999508,1
1505827133,21850911,54.04,1.84585492,1
1505827126,21850874,54.07,2.32735343,0
1505827122,21850862,54.07,16.93175189,0
1505827058,21850811,54.16,6.30000000,0
1505827058,21850810,54.15,1.10000000,0
1505827041,21850798,54.15,6.10686992,0
1505827040,21850796,54.15,3.77323008,0
1505827039,21850792,54.20,49.11990000,1
1505827035,21850788,54.21,1.52045523,1
1505827020,21850771,54.21,6.00000000,1
1505826991,21850750,54.20,0.88010000,1
1505826991,21850749,54.22,3.00000000,1
1505826991,21850748,54.23,0.00220000,1
1505826980,21850730,54.23,1.09780000,1
1505826951,21850724,54.40,23.99702662,0
1505826951,21850723,54.40,31.01234838,0
1505826903,21850624,54.40,0.18587400,1
1505826902,21850623,54.40,9.44237800,1
1505826891,21850620,54.40,0.18587400,1
1505826890,21850619,54.40,0.18587400,1
1505826787,21850570,54.48,93.51600901,0
1505826787,21850569,54.47,15.20784099,0
1505826786,21850568,54.40,109.00000000,0
1505826605,21850430,54.49,0.09139292,0
1505826222,21850119,54.61,18.25020667,0
1505826221,21850118,54.60,9.30507800,1
1505826221,21850116,54.60,1.10000000,0
1505826216,21850114,54.59,41.12218900,1
1505826216,21850113,54.55,4.49577900,0
1505826216,21850112,54.55,1.88289200,0
1505826139,21850009,54.64,10.35715100,0
1505826075,21849958,54.51,9.17470000,1
1505826059,21849945,54.72,2.11257309,0
1505826059,21849943,54.63,1.68504088,1
1505826033,21849919,54.41,0.26350000,1
1505826021,21849913,54.41,10.68440000,1
1505826021,21849912,54.46,0.00220000,1
1505825960,21849857,54.46,1.09780000,1
1505825951,21849854,54.46,1.09780000,1
1505825936,21849848,54.45,39.38610000,1
1505825830,21849755,54.62,1.20362000,1
1505825829,21849754,54.57,1.10000000,0
1505825819,21849743,54.40,9.22540000,1
1505825819,21849742,54.44,0.00220000,1
1505825810,21849740,54.44,1.09780000,1
1505825796,21849734,54.42,1.09780000,1
1505825620,21849559,54.36,0.37525000,1
1505825516,21849487,54.31,69.66723479,1
1505825499,21849483,54.49,1.09780000,1
1505825432,21849467,54.48,1.09780000,1
1505825422,21849452,54.24,0.83410428,1
1505825422,21849451,54.32,1.16000000,1
1505825422,21849450,54.33,37.31000000,1
1505825422,21849449,54.34,5.78000000,1
1505825422,21849448,54.40,2.80567305,1
1505825422,21849447,54.43,0.91622267,1
1505825422,21849446,54.48,1.10000000,1
1505825299,21849408,54.44,0.13712800,1
1505825284,21849403,54.44,1.10000000,1
1505825131,21849279,54.49,26.97500000,1
1505825130,21849278,54.49,131.00000000,1
1505825125,21849274,54.46,47.00000000,1
1505825116,21849269,54.69,42.39853700,0
1505825107,21849263,54.62,2.97329600,0
1505825106,21849257,54.65,1.10000000,1
1505825102,21849235,54.40,18.01000000,0
1505825102,21849234,54.44,176.81200000,1
1505825102,21849231,54.63,6.89413439,1
1505825056,21849200,54.63,5.58634472,1
1505825056,21849198,54.65,7.16000000,1
1505825055,21849197,54.66,1.50847646,0
1505825055,21849196,54.66,1.06817835,0
1505825055,21849195,54.72,2.89872500,0
1505825053,21849192,54.72,1.10000000,1
1505825053,21849191,54.72,15.32300000,1
1505824987,21849154,54.92,10.77888600,0
1505824986,21849150,54.92,0.51996900,0
1505824985,21849148,54.92,31.11711400,0
1505824908,21849091,54.95,0.85300000,1
1505824861,21849053,55.03,3.62529529,0
1505824789,21848976,55.10,1.10000000,0
1505824761,21848970,55.02,91.04462400,0
1505824761,21848969,55.02,5.49947300,0
1505824761,21848968,55.02,26.24939600,0
1505824761,21848967,55.02,2.30164400,0
1505824760,21848966,55.02,3.71948700,0
1505824757,21848964,55.03,4.77840871,1
1505824751,21848962,55.12,73.63409800,0
1505824747,21848959,55.03,63.78600000,1
1505824667,21848922,55.03,6.71168194,0
1505824663,21848921,55.02,71.17065406,0
1505824661,21848920,55.03,22.01766400,0
1505824660,21848919,55.03,1.10000000,1
1505824660,21848918,55.04,70.17065406,1
1505824600,21848885,55.21,17.76300000,0
1505824599,21848880,55.00,1.00000000,1
1505824590,21848872,55.00,161.00000000,0
1505824588,21848869,54.99,1.00000000,1
1505824584,21848867,55.14,28.98459294,0
1505824584,21848866,55.13,57.97695606,0
1505824578,21848863,55.12,13.19369800,0
1505824507,21848843,55.11,13.21820900,0
1505824422,21848781,55.11,0.61200000,1
1505824380,21848753,55.27,0.48650000,0
1505824365,21848743,55.17,27.72650000,1
1505824353,21848730,55.17,1.09780000,1
1505824340,21848726,55.28,9.63890000,0
1505824322,21848713,55.12,0.41020000,1
1505824317,21848706,55.24,0.41120000,1
1505824315,21848704,55.23,0.68880000,0
1505824312,21848702,55.23,3.31120000,1
1505824311,21848700,55.23,99.80000000,1
1505824305,21848690,55.28,20.00000000,0
1505824302,21848688,55.27,34.97306800,0
1505824301,21848687,55.23,19.96000000,1
1505824291,21848677,55.23,1.09780000,1
1505824275,21848673,55.21,14.49300000,1
1505824258,21848657,55.20,6.34830000,1
1505824251,21848655,55.55,35.77083708,0
1505824251,21848654,55.51,2.04000000,0
1505824251,21848653,55.51,10.21000000,0
1505824251,21848652,55.40,13.08265406,0
1505824248,21848651,55.18,99.80000000,1
1505824239,21848639,55.18,28.62934594,1
1505824239,21848638,55.19,71.17065406,1
1505824236,21848637,55.40,36.91734594,0
1505824236,21848636,55.39,71.17065406,0
1505824236,21848635,55.36,1.10000000,0
1505824230,21848631,55.17,29.88020000,1
1505824212,21848620,55.15,10.62780000,1
1505824212,21848619,55.15,3.00000000,1
1505824203,21848596,55.15,99.80000000,1
1505824191,21848587,55.13,99.80000000,1
1505824177,21848573,55.13,6.39120000,1
1505824161,21848557,55.13,15.88054594,0
1505824161,21848556,55.13,1.67000000,0
1505824161,21848555,55.13,4.20800000,0
1505824160,21848554,55.13,8.37000000,0
1505824159,21848553,55.13,128.76300000,0
1505824158,21848552,55.15,1.89000000,1
1505824158,21848551,55.15,2.75970000,1
1505824158,21848550,55.30,36.45875406,1
1505824158,21848549,55.15,6.69030000,1
1505824158,21848546,55.16,55.54000000,1
1505824139,21848515,55.55,2.08111700,0
1505824139,21848514,55.54,6.40000000,0
1505824137,21848512,55.16,84.31790000,1
1505824137,21848511,55.35,1.10000000,1
1505824128,21848504,55.30,37.62930000,0
1505824128,21848503,55.30,10.68870000,0
1505824126,21848501,55.10,23.56790000,1
1505824126,21848500,55.10,0.01820000,1
1505824126,21848499,55.14,2.13000000,1
1505824126,21848498,55.14,10.67000000,1
1505824125,21848497,55.35,162.68200000,1
1505824121,21848493,55.38,11.18810000,1
1505824113,21848489,55.38,10.03090000,1
1505824101,21848474,55.49,23.79981400,0
1505824100,21848473,55.50,14.24000000,0
1505824089,21848466,55.32,1.10000000,0
1505824088,21848465,55.31,98.30848171,1
1505824088,21848464,55.31,1.49151829,1
1505824077,21848456,55.26,48.95190000,1
1505824067,21848447,55.35,92.45220000,1
1505824066,21848446,55.53,7.31804594,0
1505824066,21848445,55.52,71.17065406,0
1505824066,21848444,55.50,5.70000000,0
1505824064,21848440,55.35,1.09780000,1
1505824058,21848434,55.30,80.41800000,0
1505824058,21848432,55.33,68.48200000,1
1505824058,21848431,55.34,1.10000000,1
1505824052,21848426,55.33,99.80000000,1
1505824047,21848413,55.31,100.00000000,1
1505824045,21848411,55.55,0.19000000,0
1505824044,21848410,55.53,100.19700000,0
1505824044,21848409,55.53,40.71000000,0
1505824043,21848408,55.49,6.78000000,0
1505824043,21848407,55.32,6.39120000,1
1505824033,21848384,55.15,0.49810000,1
1505824031,21848382,55.53,6.83593700,0
1505824031,21848381,55.53,1.04978300,0
1505824030,21848378,55.55,10.00000000,0
1505824030,21848377,55.50,1.07167800,0
1505824029,21848375,55.54,1.24619145,0
1505824029,21848374,55.54,8.05000000,0
1505824029,21848373,55.52,6.12800555,0
1505824026,21848366,55.53,1.07167800,0
1505824026,21848365,55.13,47.43200000,1
1505824025,21848364,55.13,50.10800000,1
1505824025,21848363,55.53,24.48127400,0
1505824025,21848362,55.53,1.04978200,0
1505824025,21848361,55.53,3.38309400,0
1505824025,21848360,55.53,8.93902700,0
1505824025,21848359,55.53,4.00000000,0
1505824024,21848358,55.53,10.00000000,0
1505824024,21848351,55.52,1.06074500,0
1505824023,21848350,55.52,1.07167800,0
1505824023,21848349,55.52,10.00000000,0
1505824023,21848348,55.52,1.04978200,0
1505824022,21848344,55.53,10.00000000,0
1505824022,21848343,55.53,1.07167800,0
1505824022,21848342,55.53,1.04978200,0
1505824022,21848341,55.53,8.93902700,0
1505824021,21848339,55.53,1.07923700,0
1505824020,21848337,55.53,34.23764700,0
1505824019,21848334,55.55,24.48127300,0
1505824019,21848333,55.54,4.23852500,0
1505824019,21848332,55.54,5.33147500,0
1505824018,21848331,55.52,1.10000000,0
1505824014,21848312,55.33,16.61124594,1
1505824014,21848311,55.34,32.35065406,1
1505823972,21848212,55.38,1.09780000,1
1505823963,21848196,55.35,6.52480000,1
1505823963,21848195,55.37,1.10000000,1
1505823953,21848186,55.37,0.38000000,1
1505823937,21848172,55.36,19.96000000,1
1505823926,21848147,55.35,6.77950000,1
1505823909,21848106,55.35,19.79470000,1
1505823909,21848105,55.36,2.35000000,1
1505823890,21848059,55.36,18.86000000,1
1505823890,21848057,55.39,1.10000000,1
1505823882,21848051,55.45,3.77036400,0
1505823880,21848049,55.45,1.29430600,0
1505823879,21848047,55.45,2.17036500,0
1505823878,21848041,55.45,4.22088900,0
1505823857,21848023,55.38,0.80000000,1
1505823849,21848007,55.45,1.94973400,0
1505823846,21847994,55.45,42.51775800,0
1505823838,21847969,55.45,0.52583500,0
1505823832,21847956,55.45,9.72378200,0
1505823830,21847952,55.44,25.20949006,0
1505823829,21847949,55.45,29.60607844,0
1505823829,21847948,55.45,5.85457156,0
1505823809,21847925,55.45,5.05818000,0
1505823805,21847923,55.34,100.00000000,1
1505823795,21847913,55.44,0.10000000,0
1505823793,21847909,55.44,1.71879200,0
1505823792,21847907,55.32,87.59000000,1
1505823792,21847905,55.36,2.41000000,1
1505823791,21847904,55.44,3.44429000,0
1505823764,21847890,55.43,3.85209400,0
1505823716,21847809,55.30,158.90000000,1
1505823715,21847808,55.31,1.10000000,1
1505823704,21847802,55.44,1.82049000,0
1505823702,21847800,55.44,1.80341000,0
1505823693,21847783,55.44,5.01433000,0
1505823691,21847780,55.43,2.34375000,0
1505823686,21847777,55.44,1.87219000,0
1505823686,21847776,55.28,20.95800000,1
1505823673,21847760,55.44,3.85260000,0
1505823672,21847759,55.26,19.96000000,1
1505823668,21847747,55.44,4.88497000,0
1505823666,21847743,55.44,1.53403000,0
1505823664,21847737,55.44,3.83480000,0
1505823662,21847733,55.24,60.45690000,1
1505823660,21847731,55.43,4.88497000,0
1505823650,21847726,55.25,1.09780000,1
1505823639,21847722,55.16,34.58540000,1
1505823639,21847721,55.23,1.10000000,1
1505823638,21847720,55.30,2.56000000,1
1505823638,21847719,55.41,0.24000000,0
1505823631,21847713,55.21,1.02290000,1
1505823631,21847712,55.22,0.07490000,1
1505823623,21847710,55.22,37.41310000,1
1505823601,21847695,55.20,8.17140000,1
1505823601,21847694,55.21,8.63000000,1
1505823593,21847688,55.22,14.76600000,1
1505823578,21847679,55.11,3.01500000,1
1505823568,21847673,55.19,1.99210000,1
1505823563,21847662,55.43,11.59167100,0
1505823560,21847656,55.12,7.39682944,1
1505823560,21847655,55.29,2.43317056,1
1505823560,21847654,55.33,15.27000000,1
1505823558,21847652,55.43,55.08000000,1
1505823555,21847650,55.45,17.75852119,0
1505823551,21847649,55.34,9.88020000,1
1505823550,21847647,55.45,17.27871956,0
1505823550,21847646,55.44,0.50000000,0
1505823542,21847633,55.32,19.31600000,1
1505823536,21847628,55.45,9.99999979,0
1505823534,21847622,55.45,71.05000790,0
1505823530,21847620,55.32,3.13000000,1
1505823530,21847619,55.33,20.05300000,1
1505823518,21847614,55.30,7.50100000,1
1505823508,21847600,55.30,146.57867602,1
1505823508,21847598,55.30,20.31500000,1
1505823507,21847597,55.30,142.70010000,1
1505823506,21847595,55.30,2.33490000,1
1505823506,21847594,55.41,0.09330000,1
1505823495,21847589,55.41,46.76330000,1
1505823487,21847585,55.45,15.23950000,1
1505823479,21847584,55.41,0.00240000,1
1505823479,21847582,55.45,15.27000000,1
1505823462,21847564,55.45,1.06730000,1
1505823462,21847563,55.45,15.27000000,1
1505823416,21847548,55.45,0.00034594,1
1505823416,21847546,55.46,71.17065406,1
1505823404,21847534,55.60,4.08044000,0
1505823402,21847532,55.60,4.73933000,0
1505823400,21847527,55.60,4.73933000,0
1505823398,21847525,55.60,4.29572000,0
1505823395,21847521,55.60,4.73933000,0
1505823393,21847517,55.60,5.65767449,0
1505823393,21847516,55.60,0.49761594,0
1505823393,21847515,55.59,5.01206457,0
1505823383,21847506,55.59,4.63559000,0
1505823381,21847502,55.59,4.02208000,0
1505823379,21847497,55.59,4.63559000,0
1505823369,21847494,55.59,8.49559273,0
1505823366,21847492,55.59,10.43931228,0
1505823366,21847491,55.58,1.10000000,0
1505823363,21847488,55.42,20.67000000,1
1505823353,21847480,55.43,1.10000000,1
1505823302,21847460,55.42,0.10600000,1
1505823290,21847455,55.42,3.00000000,1
1505823174,21847406,55.60,0.00238406,1
1505823089,21847353,55.60,1.01700000,1
1505823075,21847341,55.60,6.39400000,1
1505823059,21847320,55.73,1.38790300,0
1505823052,21847316,55.35,44.11530000,1
1505823052,21847315,55.58,6.67000000,1
1505823040,21847307,55.57,9.29860000,1
1505823040,21847306,55.58,7.38000000,1
1505823011,21847281,55.28,0.21860000,1
1505823011,21847279,55.54,8.11000000,1
1505823011,21847278,55.58,8.35000000,1
1505822974,21847195,55.60,8.34330000,1
1505822940,21847183,55.45,1.39720000,1
1505822928,21847167,55.59,2.49280000,1
1505822928,21847166,55.59,1.10000000,1
1505822928,21847165,55.80,15.00125448,0
1505822917,21847154,55.57,2.01300000,1
1505822900,21847124,55.70,7.00000000,0
1505822880,21847084,55.38,0.28790855,1
1505822880,21847082,55.43,8.16019000,1
1505822880,21847081,55.60,0.00000145,1
1505822879,21847077,55.60,1.34599855,0
1505822853,21847055,55.59,0.55117000,0
1505822788,21847004,55.60,5.13206145,0
1505822787,21847003,55.58,1.35052855,0
1505822751,21846988,55.59,53.90750000,0
1505822749,21846987,55.60,8.52194000,0
1505822719,21846975,55.53,11.29220000,1
1505822718,21846974,55.54,1.10000000,1
1505822713,21846971,55.52,1.50137000,1
1505822713,21846970,55.52,16.29250000,1
1505822713,21846969,55.53,12.41740000,1
1505822708,21846961,55.13,153.48816721,1
1505822707,21846960,55.13,7.49100000,1
1505822707,21846959,55.35,1.66000000,1
1505822707,21846957,55.35,4.52682079,0
1505822707,21846955,55.45,32.81858800,0
1505822705,21846952,55.45,7.50642400,1
1505822695,21846946,55.61,16.55790000,1
1505822688,21846939,55.66,4.97715400,0
1505822677,21846934,55.65,9.90000000,1
1505822677,21846933,55.62,1.10000000,0
1505822675,21846932,55.65,2.03648900,0
1505822673,21846928,55.35,0.14970000,1
1505822666,21846915,55.35,99.80000000,1
1505822659,21846909,55.33,44.75780000,1
1505822658,21846908,55.34,1.10000000,1
1505822658,21846907,55.34,9.17000000,1
1505822650,21846904,55.33,31.92310000,1
1505822642,21846893,55.31,47.87000000,1
1505822642,21846892,55.32,51.93000000,1
1505822632,21846884,55.30,65.11000000,1
1505822632,21846883,55.45,34.69000000,1
1505822625,21846878,55.55,10.29940000,1
1505822617,21846874,55.78,2.52927000,0
1505822616,21846872,55.41,2.20160000,1
1505822608,21846862,55.41,0.38450000,1
1505822608,21846860,55.55,12.95000000,1
1505822608,21846858,55.58,45.80200000,1
1505822603,21846843,55.76,49.11261736,0
1505822601,21846839,55.21,5.95985037,1
1505822600,21846838,55.40,14.35000000,1
1505822600,21846837,55.76,50.00824963,1
1505822592,21846824,55.54,14.01509010,1
1505822592,21846822,55.54,42.57100000,1
1505822592,21846818,55.54,43.21390990,1
1505822582,21846804,55.54,2.78950000,1
1505822571,21846794,55.38,0.79473499,1
1505822571,21846793,55.53,17.90000000,1
1505822571,21846792,55.54,25.43400000,1
1505822571,21846791,55.55,45.32406501,1
1505822562,21846784,55.58,40.23070604,1
1505822562,21846783,55.58,5.00269396,1
1505822556,21846777,55.73,76.89093730,0
1505822556,21846776,55.73,1.14000000,0
1505822555,21846775,55.73,10.71732100,0
1505822555,21846773,55.73,6.56074700,0
1505822552,21846762,55.70,18.85030800,1
1505822552,21846761,55.72,7.82017946,1
1505822552,21846760,55.70,5.68000000,0
1505822551,21846756,55.50,18.61670000,1
1505822542,21846744,55.70,6.75000000,0
1505822542,21846742,55.43,4.99300000,1
1505822533,21846730,55.39,27.40710000,1
1505822532,21846728,55.71,11.32855500,0
1505822524,21846716,55.33,4.88283512,1
1505822524,21846715,55.67,0.11016488,1
1505822522,21846714,55.72,29.65500000,0
1505822516,21846706,55.72,9.23308000,1
1505822515,21846704,55.73,0.71006400,0
1505822515,21846703,55.72,9.52000000,0
1505822514,21846702,55.67,16.78863149,1
1505822514,21846701,55.67,3.49218609,1
1505822514,21846700,55.67,34.94258242,1
1505822513,21846699,55.70,7.77846000,0
1505822506,21846697,55.67,0.81700000,1
1505822493,21846685,55.69,15.98700000,1
1505822485,21846680,55.50,57.12410000,1
1505822485,21846679,55.50,2.75590000,1
1505822474,21846669,55.50,24.42210000,1
1505822464,21846664,55.43,13.57380000,1
1505822454,21846662,55.23,6.81694662,1
1505822454,21846661,55.29,3.87000000,1
1505822454,21846660,55.43,19.33000000,1
1505822454,21846659,55.48,58.10000000,1
1505822454,21846658,55.48,11.68305338,1
1505822447,21846656,55.48,58.00380000,1
1505822441,21846654,55.72,0.00065999,1
1505822438,21846653,55.72,0.42620000,1
1505822437,21846651,55.73,1.48093070,0
1505822428,21846636,55.23,63.71034000,1
1505822427,21846635,55.71,5.83736000,1
1505822426,21846632,55.72,0.43556301,0
1505822426,21846630,55.72,1.46919956,0
1505822425,21846628,55.72,1.53080044,0
1505822425,21846627,55.71,1.49008488,0
1505822425,21846626,55.67,0.00089211,0
1505822423,21846622,55.67,1.49008488,0
1505822422,21846619,55.66,1.49097699,0
1505822419,21846616,55.21,31.22770000,1
1505822419,21846615,55.28,4.14000000,1
1505822419,21846614,55.41,20.67000000,1
1505822416,21846610,55.65,1.99000000,0
1505822415,21846607,55.60,0.00000048,0
1505822412,21846604,55.41,1.99210000,1
1505822412,21846603,55.60,3.99245100,0
1505822403,21846583,55.37,0.95210000,1
1505822403,21846580,55.60,6.00754852,0
1505822398,21846570,55.64,1.48377153,0
1505822396,21846568,55.59,71.02770000,1
1505822395,21846566,55.64,0.58443026,0
1505822395,21846565,55.64,0.00857785,0
1505822388,21846551,55.62,1.48380068,0
1505822387,21846546,55.23,25.63770000,1
1505822386,21846544,55.60,1.48748473,0
1505822386,21846542,55.60,1.48975586,0
1505822384,21846539,55.56,0.00316571,0
1505822383,21846537,55.56,1.48410000,0
1505822383,21846536,55.56,0.00668179,0
1505822383,21846535,55.54,31.06000000,0
1505822379,21846530,55.23,31.06231527,1
1505822379,21846529,55.29,1.48748473,1
1505822375,21846521,55.54,2.24000000,1
1505822370,21846500,55.54,1.07501250,0
1505822370,21846498,55.54,0.41944340,0
1505822370,21846496,55.52,3.00000000,0
1505822369,21846494,55.51,0.00873597,0
1505822364,21846478,55.35,2.23900000,1
1505822355,21846477,55.31,4.07590000,1
1505822350,21846471,55.46,15.75616600,0
1505822347,21846464,55.29,99.79960000,1
1505822347,21846463,55.29,0.00040000,1
1505822338,21846461,55.29,0.18570000,1
1505822329,21846456,55.29,92.93780000,1
1505822319,21846442,55.29,56.34810000,1
1505822315,21846440,55.40,1.49801700,0
1505822307,21846428,55.27,42.22776226,1
1505822307,21846427,55.28,15.79603774,1
1505822306,21846426,55.40,24.79298300,0
1505822306,21846425,55.40,0.54000000,0
1505822300,21846421,55.23,11.97600000,1
1505822293,21846406,55.17,43.28730000,1
1505822292,21846404,55.41,0.35778368,1
1505822287,21846395,55.39,23.62276800,0
1505822287,21846394,55.39,5.95723200,0
1505822286,21846393,55.41,0.36610900,0
1505822286,21846392,55.40,0.79000000,0
1505822283,21846382,55.39,1.15989710,1
1505822282,21846379,55.39,0.00048654,0
1505822282,21846378,55.39,1.49801700,0
1505822281,21846377,55.12,19.31130000,1
1505822279,21846375,55.32,0.00000012,0
1505822279,21846374,55.32,1.50991500,0
1505822270,21846339,55.10,9.08180000,1
1505822260,21846330,55.10,28.53290000,1
1505822252,21846325,55.07,0.99800000,1
1505822244,21846318,55.00,1.36130000,1
1505822237,21846314,55.03,24.07463429,1
1505822237,21846312,55.24,0.00316571,1
1505822223,21846302,55.24,1.48410000,1
1505822223,21846301,55.32,1.49008488,0
1505822202,21846287,55.24,0.00153882,0
1505822201,21846285,55.22,1.50322374,0
1505822201,21846284,55.22,0.70023744,0
1505822177,21846259,55.17,1.49529788,0
1505822175,21846258,55.22,0.80298929,0
1505822174,21846257,55.20,1.49988008,0
1505822174,21846256,55.16,2.58000000,0
1505822174,21846255,55.12,0.00687063,0
1505822169,21846252,55.12,1.18283000,0
1505822167,21846250,55.12,1.81029937,0
1505822167,21846249,55.11,0.00309063,0
1505822145,21846245,54.83,2.00000000,0
1505822125,21846227,55.11,1.12926028,0
1505822125,21846226,55.11,0.37382942,0
1505822125,21846225,55.09,1.50679408,0
1505822125,21846224,55.08,0.64000000,0
1505822124,21846221,55.07,49.25382000,0
1505822115,21846214,54.81,5.88820000,1
1505822115,21846213,55.00,3.19000000,0
1505822110,21846210,54.99,3.19223000,0
1505822084,21846198,54.98,2.84692000,0
1505822030,21846178,54.99,7.42704500,0
1505821975,21846168,55.00,66.74875735,1
1505821960,21846156,55.00,3.79000000,0
1505821960,21846155,54.99,20.46124265,0
1505821935,21846141,54.87,11.70900000,1
1505821828,21846102,55.06,46.89992735,1
1505821803,21846085,54.85,3.19557735,1
1505821802,21846084,54.85,6.51610000,1
1505821802,21846083,54.87,27.39800000,1
1505821776,21846071,54.99,5.55000000,0
1505821752,21846065,54.99,6.59000000,0
1505821748,21846062,54.86,4.96222000,1
1505821699,21846041,54.83,32.60470000,1
1505821670,21846015,54.99,7.83000000,0
1505821668,21846014,54.68,19.18160000,1
1505821665,21846011,54.99,1.21280000,0
1505821660,21846005,54.81,73.74630000,1
1505821659,21846004,54.91,115.44300000,1
1505821654,21845999,55.04,15.20177300,0
1505821653,21845994,55.05,1.49801728,0
1505821652,21845993,54.66,18.26270000,1
1505821652,21845992,54.86,7.86000000,1
1505821645,21845976,55.00,14.20721296,0
1505821644,21845974,55.00,0.00649603,0
1505821644,21845973,54.99,1.50960497,0
1505821644,21845972,54.98,3.92296100,0
1505821643,21845971,54.98,7.06703900,0
1505821642,21845970,54.82,0.25050000,1
1505821635,21845968,54.80,0.58590000,1
1505821629,21845960,54.97,105.06294342,1
1505821627,21845959,54.96,0.98310000,1
1505821624,21845957,54.96,6.65791000,1
1505821623,21845956,54.96,20.51169200,1
1505821622,21845955,54.94,8.09697900,0
1505821619,21845948,54.77,49.71640000,1
1505821611,21845939,54.77,64.29679000,1
1505821611,21845938,54.96,35.50321000,1
1505821603,21845931,54.77,2.49500000,1
1505821602,21845929,54.97,1.50960500,0
1505821598,21845927,54.92,0.00847304,0
1505821598,21845926,54.89,1.10000000,0
1505821598,21845925,54.89,13.34000000,0
1505821594,21845921,54.72,98.63030000,1
1505821594,21845920,54.72,1.10000000,1
1505821593,21845919,54.73,0.06970000,1
1505821586,21845913,54.73,34.70650000,1
1505821577,21845901,54.73,1.09780000,1
1505821569,21845895,54.74,87.79410000,1
1505821559,21845883,54.74,75.54000000,1
1505821559,21845882,54.75,24.26000000,1
1505821557,21845879,54.92,1.50322374,0
1505821549,21845825,54.69,17.42509663,1
1505821549,21845823,54.79,0.00000337,1
1505821548,21845821,54.92,1.48830322,0
1505821548,21845820,54.92,0.01000532,0
1505821548,21845819,54.91,1.51169646,0
1505821548,21845818,54.79,0.94277663,0
1505821539,21845811,54.66,2.28550000,1
1505821534,21845805,54.79,0.57215800,0
1505821533,21845804,54.67,0.00006092,0
1505821531,21845797,54.64,16.46873464,1
1505821530,21845796,54.65,41.63486536,1
1505821523,21845783,54.64,6.59181500,1
1505821523,21845782,54.64,58.33000000,1
1505821522,21845779,54.63,4.54990000,1
1505821522,21845777,54.67,11.43993908,0
1505821519,21845769,54.62,8.99000000,0
1505821519,21845768,54.60,62.15610954,0
1505821518,21845764,54.61,8.99002581,0
1505821515,21845758,54.63,12.48047911,0
1505821515,21845756,54.63,4.05766062,0
1505821513,21845753,54.52,1.09780000,1
1505821512,21845750,54.52,10.08660000,1
1505821512,21845749,54.63,22.16657513,0
1505821511,21845744,54.52,0.77987993,1
1505821510,21845739,54.63,22.14881933,0
1505821510,21845737,54.63,12.48047911,0
1505821505,21845724,54.64,8.99002581,0
1505821504,21845722,54.49,2.43010000,1
1505821504,21845721,54.50,0.00510000,1
1505821503,21845716,54.67,8.99000000,1
1505821493,21845698,54.50,2.55490000,1
1505821482,21845685,54.51,12.17370000,1
1505821478,21845681,54.78,0.45527564,0
1505821475,21845675,54.77,10.00000000,0
1505821472,21845672,54.41,46.47332866,1
1505821472,21845671,54.44,0.21949486,1
1505821472,21845670,54.49,2.56000000,1
1505821472,21845669,54.55,3.64117648,1
1505821463,21845661,54.55,104.72950000,1
1505821463,21845659,54.55,7.27050000,1
1505821457,21845655,54.66,3.62893704,1
1505821453,21845650,54.67,1.50679408,0
1505821453,21845648,54.67,0.86098207,1
1505821452,21845644,54.73,2.34000000,1
1505821452,21845642,54.67,44.19901793,1
1505821451,21845641,54.68,0.77088207,1
1505821451,21845640,54.68,1.56911793,1
1505821451,21845638,54.72,5.71577907,1
1505821449,21845631,54.73,6.65000000,1
1505821448,21845630,54.74,0.41719526,0
1505821448,21845629,54.74,1.09780000,0
1505821446,21845621,54.72,33.38000000,1
1505821446,21845619,54.72,3.00000000,0
1505821445,21845618,54.72,1.15621500,0
1505821445,21845617,54.72,1.55956407,0
1505821445,21845616,54.71,2.34000000,0
1505821445,21845615,54.67,0.00255475,0
1505821445,21845614,54.62,11.68000000,0
1505821381,21845569,54.63,3.58280000,0
1505821346,21845557,54.37,58.61160000,1
1505821329,21845551,54.36,5.98800000,1
1505821286,21845537,54.58,1.00190000,0
1505821283,21845536,54.31,7.89020000,1
1505821269,21845521,54.27,0.52314525,1
1505821269,21845520,54.29,0.00255475,1
1505821269,21845519,54.30,2.65000000,1
1505821257,21845512,54.38,10.06790000,1
1505821249,21845498,54.30,1.99257360,1
1505821248,21845497,54.35,1.83992640,1
1505821248,21845496,54.46,0.00170000,1
1505821248,21845495,54.47,1.10000000,1
1505821247,21845492,54.61,1.51169646,0
1505821243,21845488,54.67,9.44987877,1
1505821243,21845487,54.67,1.51100000,0
1505821243,21845486,54.65,1.51892813,0
1505821243,21845485,54.60,1.52019310,0
1505821240,21845481,54.46,0.87830000,1
1505821236,21845479,54.46,1.10000000,0
1505821218,21845467,54.29,1.51100000,1
1505821207,21845444,54.27,0.72740000,1
1505821207,21845442,54.27,1.10000000,1
1505821204,21845434,54.58,1.82979113,1
1505821202,21845432,54.59,0.63856575,1
1505821201,21845431,54.59,1.51939524,0
1505821201,21845430,54.55,1.39000000,0
1505821201,21845429,54.54,1.09156545,0
1505821201,21845428,54.54,0.43047356,0
1505821201,21845426,54.52,3.00000000,0
