date,tid,price,amount,type
1505865593,21884369,0.15400,0.00000010,0
1505864352,21883824,0.15400,1381.63428000,0
1505864321,21883804,0.15400,729.94800000,0
1505864307,21883789,0.15400,1380.89000000,0
1505864304,21883784,0.15400,1380.89000000,0
1505864301,21883782,0.15400,1154.52000000,0
1505863375,21883394,0.15385,4094.12834420,1
1505863375,21883393,0.15388,543.64660880,1
1505863364,21883385,0.15389,1339.92300000,1
1505863273,21883225,0.15388,456.35339120,1
1505863273,21883224,0.15437,0.18960880,1
1505863272,21883221,0.15437,379.14712020,1
1505863115,21883004,0.15464,100.00000000,0
1505862913,21882833,0.15437,2483.66327100,1
1505862737,21882660,0.15437,377.11919414,0
1505862708,21882614,0.15389,2213.91893800,1
1505862694,21882604,0.15439,10500.30960554,0
1505862692,21882599,0.15439,1063.25208886,0
1505862692,21882596,0.15438,3941.70674000,0
1505862637,21882541,0.15449,550.00000000,0
1505862139,21882343,0.15457,691.85500000,0
1505862101,21882327,0.15470,112.10093700,1
1505862007,21882200,0.15593,54.05476816,1
1505862007,21882199,0.15593,256.20470724,1
1505862007,21882198,0.15535,202.90465873,1
1505862007,21882197,0.15555,17.38146937,1
1505862006,21882194,0.15555,239.44913172,1
1505862001,21882185,0.15597,185.66153444,0
1505861970,21882157,0.15334,200.00000000,0
1505861969,21882153,0.15300,112.10093700,0
1505861968,21882152,0.15302,3237.89906300,1
1505861967,21882151,0.15249,8913.47438040,1
1505861967,21882150,0.15301,582.30000000,1
1505861965,21882149,0.15248,200.00000000,1
1505861964,21882147,0.15248,130499.55299363,0
1505861964,21882146,0.15250,500.00000000,1
1505861964,21882145,0.15287,19.70083454,1
1505861964,21882144,0.15300,2000.00000000,1
1505861964,21882143,0.15300,56.01771356,1
1505861963,21882142,0.15301,8000.00000000,1
1505861963,21882141,0.15303,3000.00000000,1
1505861963,21882140,0.15333,3000.00000000,1
1505861962,21882139,0.15345,13000.00000000,1
1505861962,21882138,0.15350,250.00000000,1
1505861962,21882137,0.15350,524.80000000,1
1505861962,21882136,0.15355,1347.42130000,0
1505861961,21882135,0.15365,498.00000000,1
1505861961,21882134,0.15380,1316.71001300,1
1505861961,21882133,0.15380,751.50100000,0
1505861961,21882132,0.15381,1101.00000000,1
1505861960,21882131,0.15386,76.00000000,1
1505861960,21882130,0.15386,465.12000000,0
1505861960,21882128,0.15390,750.00000000,1
1505861959,21882127,0.15400,5555.29772727,1
1505861959,21882126,0.15400,1000.00000000,1
1505861959,21882125,0.15400,78.09291000,1
1505861959,21882124,0.15400,5000.00000000,1
1505861959,21882122,0.15400,5200.00000000,1
1505861959,21882121,0.15401,6593.72690800,1
1505861958,21882119,0.15410,500.00000000,1
1505861958,21882118,0.15416,2400.00000000,1
1505861958,21882117,0.15420,708.78880000,1
1505861958,21882116,0.15420,2564.82376300,1
1505861957,21882115,0.15421,3293.44603700,1
1505861952,21882111,0.15420,987.65499700,1
1505861893,21882074,0.15416,200.00000000,1
1505861891,21882068,0.15429,2106.51267270,1
1505861890,21882067,0.15430,970.00000000,1
1505861890,21882066,0.15431,3773.55638000,1
1505861890,21882065,0.15432,13922.95813000,1
1505861890,21882063,0.15432,1324.61607659,1
1505861890,21882061,0.15455,64.54221935,1
1505861890,21882059,0.15463,829.63717281,1
1505861858,21881989,0.15463,3596.69834100,1
1505861853,21881980,0.15466,3090.35040000,1
1505861847,21881975,0.15467,1057.56000000,1
1505861840,21881958,0.15465,506.47421700,1
1505861831,21881957,0.15466,747.74500000,1
1505861738,21881930,0.15486,2156.47285500,1
1505861598,21881884,0.15650,18.58248019,1
1505861598,21881883,0.15650,236.68908531,1
1505861594,21881881,0.15698,5684.78378602,1
1505861594,21881880,0.15698,868.47931000,1
1505861594,21881879,0.15525,16816.20076000,0
1505861593,21881878,0.15522,4342.39657000,1
1505861592,21881877,0.15522,4342.39657000,0
1505861437,21881814,0.15463,193.00000000,1
1505861435,21881813,0.15463,2898.00000000,1
1505861425,21881810,0.15463,542.04900000,1
1505861422,21881808,0.15464,3091.00000000,1
1505861383,21881798,0.15465,541.02800000,1
1505861357,21881792,0.15465,3875.89730000,1
1505861088,21881707,0.15464,50.00000000,1
1505861009,21881679,0.15463,311.89989900,1
1505860998,21881671,0.15463,2097.26616700,1
1505860998,21881670,0.15464,1383.07622100,1
1505860995,21881661,0.15464,2053.01800300,1
1505860995,21881660,0.15464,962.88439000,1
1505860991,21881657,0.15465,544.04000000,1
1505860988,21881650,0.15464,0.31094000,1
1505860988,21881649,0.15475,4811.03108000,1
1505860378,21881415,0.15560,641.02962535,0
1505860229,21881337,0.15586,3321.39430294,0
1505860145,21881257,0.15560,641.13476864,0
1505860080,21881194,0.15600,0.00006410,1
1505860079,21881192,0.15600,256.08967949,1
1505860072,21881190,0.15618,100.00000000,0
1505859613,21880907,0.15463,576.00000000,1
1505859578,21880894,0.15463,1554.77649800,1
1505859559,21880885,0.15463,1315.79908100,1
1505859486,21880856,0.15463,192.68861119,1
1505859486,21880855,0.15465,7.31138881,1
1505859483,21880852,0.15465,1283.64476615,1
1505859482,21880851,0.15481,616.35523385,1
1505859482,21880850,0.15495,100.00000000,1
1505859226,21880746,0.15500,2906.00915700,1
1505858830,21880525,0.15500,1212.08127900,1
1505858829,21880523,0.15500,1986.45557600,1
1505858777,21880494,0.15589,3558.77221000,1
1505858691,21880433,0.15500,162.51889000,1
1505858685,21880428,0.15531,40.00000000,0
1505858636,21880403,0.15500,2396.57285000,1
1505858440,21880303,0.15513,5766.74252000,1
1505858430,21880297,0.15521,6369.18686000,1
1505858430,21880296,0.15522,4595.84573000,1
1505858350,21880264,0.15531,3015.67233000,1
1505858348,21880262,0.15628,286.88978301,1
1505858347,21880261,0.15562,34.71992490,0
1505858251,21880217,0.15562,523.10740907,0
1505857834,21880032,0.15520,7270.91283700,1
1505857621,21879883,0.15501,533.60853700,0
1505857582,21879836,0.15501,4115.64355700,1
1505857324,21879672,0.15562,422.47338400,0
1505857275,21879636,0.15562,706.84300000,0
1505857144,21879538,0.15563,1874.48364711,0
1505857143,21879536,0.15562,1330.33810000,0
1505857070,21879470,0.15504,1682.60844000,0
1505857049,21879422,0.15523,528.42584164,1
1505857041,21879410,0.15523,1776.36914000,0
1505857020,21879384,0.15522,200.00000000,1
1505857011,21879332,0.15523,553.43100000,0
1505856948,21879271,0.15551,237.13578000,1
1505856935,21879264,0.15551,991.08335000,1
1505856922,21879240,0.15551,991.08335000,1
1505856916,21879235,0.15551,1329.91900000,1
1505856914,21879234,0.15551,356.20072000,0
1505856914,21879233,0.15550,398.57780000,0
1505856911,21879220,0.15550,935.66500000,0
1505856906,21879218,0.15551,398.82200000,0
1505856845,21879160,0.15703,636.82098962,0
1505856641,21879067,0.15573,1065.56505300,0
1505856592,21879027,0.15581,717.64644000,0
1505856591,21879026,0.15580,2730.06310800,0
1505856557,21879018,0.15581,1332.50530000,0
1505856555,21879016,0.15581,516.48339163,0
1505856554,21879015,0.15580,200.00000000,1
1505856554,21879014,0.15580,2766.05801900,0
1505856552,21879011,0.15571,50.00000000,1
1505856348,21878894,0.15582,573.83359003,0
1505856347,21878892,0.15581,1346.75000000,0
1505856323,21878872,0.15589,4299.59290958,1
1505856322,21878870,0.15589,3044.53850500,1
1505856322,21878869,0.15589,6685.13948000,0
1505856322,21878868,0.15588,1329.33960000,0
1505856220,21878798,0.15633,421.91824985,1
1505856218,21878797,0.15577,217.00000000,0
1505856168,21878770,0.15591,211.00000000,1
1505856022,21878702,0.15598,298.48610000,1
1505856012,21878696,0.15598,200.00000000,0
1505856009,21878695,0.15597,567.51390000,1
1505855966,21878671,0.15691,1392.25510000,0
1505855966,21878670,0.15690,3607.74490000,0
1505855947,21878660,0.15693,8505.68074938,0
1505855853,21878578,0.15663,5275.19851395,0
1505855853,21878577,0.15663,6089.15000000,0
1505855853,21878576,0.15663,1372.61120000,0
1505855635,21878413,0.15667,3183.46275611,0
1505855283,21878180,0.15569,1000.00000000,1
1505855043,21877783,0.15616,191.63153176,0
1505854954,21877698,0.15633,1595.19318109,0
1505854854,21877592,0.15540,428.00000000,0
1505854526,21877242,0.15630,27892.56999175,1
1505854525,21877241,0.15630,4017.41830000,0
1505854337,21877041,0.15501,1155.03500000,1
1505853992,21876686,0.15500,32191.36224752,1
1505853992,21876685,0.15500,5129.08064516,1
1505853992,21876684,0.15500,21288.19534001,1
1505853992,21876683,0.15500,793.41867000,0
1505853991,21876682,0.15501,20000.00000000,1
1505853991,21876681,0.15501,649.95000000,1
1505853991,21876680,0.15505,500.00000000,1
1505853991,21876679,0.15505,3965.99055000,0
1505853991,21876678,0.15516,742.77935793,1
1505853990,21876677,0.15516,1914.15510938,1
1505853990,21876676,0.15520,3076.00000000,1
1505853988,21876674,0.15562,753.24973000,1
1505853988,21876672,0.15562,3762.81835000,1
1505853984,21876665,0.15562,3.83000000,1
1505853983,21876663,0.15563,5476.94000000,1
1505853981,21876662,0.15563,4523.06000000,1
1505853968,21876637,0.15561,8845.04340000,1
1505853968,21876632,0.15562,1161.95660000,1
1505853923,21876571,0.15516,87.62049128,1
1505853921,21876568,0.15560,156.43746786,1
1505853921,21876567,0.15560,656.94204086,1
1505853891,21876536,0.15600,660.65282600,0
1505853891,21876535,0.15599,1686.74315000,0
1505853889,21876532,0.15565,0.92672060,1
1505853889,21876531,0.15566,1321.92327940,1
1505853866,21876496,0.15586,2856.75290000,0
1505853866,21876493,0.15576,627.77005126,0
1505853864,21876490,0.15576,1478.35208012,0
1505853861,21876487,0.15560,3.29500000,0
1505853861,21876485,0.15560,655.70500000,0
1505853718,21876371,0.15596,997.75583482,0
1505853715,21876366,0.15596,639.65484740,0
1505853620,21876241,0.15556,545.39825000,1
1505853595,21876192,0.15552,540.33959000,1
1505853568,21876177,0.15548,1257.35079000,1
1505853490,21876118,0.15560,926.57900000,0
1505853489,21876117,0.15562,14073.42100000,1
1505853437,21876067,0.15582,1257.35079000,1
1505853410,21876051,0.15580,105.10520000,1
1505853398,21876041,0.15576,105.10520000,1
1505853326,21876014,0.15687,3000.00000000,0
1505853264,21875949,0.15613,319.44731954,0
1505853234,21875917,0.15545,3284.03185000,1
1505853234,21875915,0.15628,966.96818100,0
1505853221,21875873,0.15542,4139.95436000,1
1505853209,21875861,0.15644,294.69300000,0
1505853187,21875839,0.15533,1346.06160000,1
1505852955,21875452,0.15533,3831.09080810,1
1505852947,21875440,0.15531,4139.95436000,1
1505852934,21875411,0.15529,2223.66608000,1
1505852934,21875410,0.15530,1916.28828000,1
1505852894,21875308,0.15517,1918.51192000,1
1505852894,21875304,0.15516,1999.99000000,0
1505852831,21875123,0.15594,639.67307939,0
1505852758,21875043,0.15580,1237.59916560,0
1505852735,21875015,0.15597,31.97749567,0
1505852658,21874930,0.15505,800.00000000,1
1505852610,21874853,0.15568,1281.40047530,0
1505852590,21874835,0.15503,2900.00000000,0
1505852501,21874737,0.15501,200.00000000,1
1505852495,21874734,0.15500,212.04949728,1
1505852495,21874733,0.15500,7000.00000000,1
1505852495,21874732,0.15500,800.00000000,1
1505852495,21874731,0.15500,903.00000000,1
1505852495,21874730,0.15500,828.00000000,1
1505852495,21874729,0.15500,500.00000000,1
1505852495,21874728,0.15501,3501.02501000,1
1505852494,21874727,0.15540,1536.00869000,1
1505852494,21874726,0.15541,988.78405351,1
1505852443,21874657,0.15541,500.00000000,1
1505852350,21874448,0.15619,1277.29841859,0
1505852240,21874295,0.15546,1000.00000000,1
1505852214,21874250,0.15541,1776.16896841,1
1505852214,21874249,0.15545,591.00485000,1
1505852214,21874247,0.15611,745.04195759,1
1505851787,21873793,0.15650,636.16071428,1
1505851783,21873789,0.15650,1414.73984029,1
1505851777,21873786,0.15650,1134.85015971,1
1505851616,21873555,0.15652,121.23262203,0
1505851522,21873411,0.15542,2270.27743590,0
1505851522,21873410,0.15598,3000.00000000,1
1505851521,21873407,0.15600,445.72256410,1
1505851477,21873315,0.15659,54.00000000,1
1505851457,21873279,0.15664,636.87800051,0
1505851356,21873093,0.15680,91.79927544,1
1505851352,21873088,0.15680,3246.19000000,1
1505851351,21873084,0.15680,3242.29659241,1
1505851351,21873082,0.15680,1624.60738655,1
1505851019,21872748,0.15680,127.21668155,0
1505851019,21872747,0.15602,300.00000000,1
1505850949,21872642,0.15541,10772.05485808,1
1505850949,21872641,0.15550,3207.00000000,1
1505850949,21872640,0.15550,320.67540192,1
1505850948,21872639,0.15551,1336.14090000,0
1505850948,21872638,0.15551,1327.10350000,0
1505850948,21872637,0.15568,500.00000000,1
1505850948,21872636,0.15569,940.51927000,1
1505850947,21872635,0.15570,20000.00000000,0
1505850947,21872633,0.15644,4691.31049000,1
1505850946,21872631,0.15645,10000.00000000,0
1505850945,21872630,0.15645,16905.19558000,1
1505850933,21872612,0.15689,844.90461100,0
1505850895,21872570,0.15695,185.00000000,0
1505850857,21872516,0.15700,40.20580737,1
1505850807,21872469,0.15708,2674.48060000,0
1505850807,21872468,0.15707,1325.51940000,0
1505850682,21872309,0.15709,1269.98052072,0
1505850632,21872275,0.15709,1087.62000000,0
1505850483,21872178,0.15709,920.92200000,0
1505850363,21872059,0.15640,1459.00909900,0
1505850363,21872058,0.15640,10000.00000000,0
1505850363,21872056,0.15640,10000.00000000,0
1505850337,21872040,0.15640,3186.99090100,0
1505850336,21872039,0.15640,10000.00000000,0
1505850232,21871918,0.15587,2873.38522000,1
1505850216,21871878,0.15583,539.29928000,1
1505850203,21871865,0.15581,518.81481000,1
1505850081,21871657,0.15622,5395.05125000,1
1505850079,21871651,0.15620,1569.26244000,0
1505850079,21871650,0.15620,8031.72350000,0
1505850078,21871648,0.15619,8031.72350000,0
1505850078,21871645,0.15610,2376.62948135,0
1505850077,21871644,0.15610,1313.52663865,0
1505850077,21871642,0.15610,4341.56733900,0
1505850054,21871620,0.15610,1384.57598100,0
1505850051,21871609,0.15610,3690.15612000,0
1505850017,21871593,0.15560,0.09791827,0
1505849935,21871509,0.15564,640.90208173,1
1505849935,21871508,0.15565,10000.00000000,1
1505849877,21871457,0.15601,5143.64161870,1
1505849857,21871424,0.15601,540.41900000,1
1505849856,21871423,0.15601,4109.41000000,1
1505849851,21871409,0.15601,4109.41000000,1
1505849778,21871298,0.15610,730.00000000,1
1505849778,21871297,0.15617,10730.54444000,1
1505849768,21871293,0.15617,200.00000000,1
1505849759,21871289,0.15620,13966.01406000,1
1505849759,21871288,0.15625,1000.00000000,1
1505849599,21871131,0.15699,3423.49026100,1
1505849597,21871130,0.15699,2499.92154900,1
1505849576,21871110,0.15699,1622.35563600,1
1505849567,21871100,0.15699,5923.41181000,1
1505849546,21871072,0.15699,426.55548400,1
1505849475,21870908,0.15700,1254.15420300,1
1505849474,21870906,0.15700,1254.58733700,1
1505849472,21870903,0.15700,854.16927200,1
1505849472,21870902,0.15700,166.77244500,1
1505849463,21870890,0.15700,2800.00000000,1
1505849438,21870842,0.15700,2033.22755500,1
1505849438,21870840,0.15700,100.00000000,1
1505849320,21870706,0.15720,64.00211851,0
1505849145,21870240,0.15714,100.00000000,1
1505849137,21870225,0.15714,4675.18279927,0
1505849136,21870222,0.15714,6645.50390073,1
1505849034,21869906,0.15721,4220.00000000,1
1505849000,21869825,0.15716,2563.53060000,1
1505849000,21869823,0.15715,5857.36244555,0
1505849000,21869821,0.15715,10000.00000000,0
1505848999,21869814,0.15715,10000.00000000,0
1505848999,21869812,0.15715,10000.00000000,0
1505848999,21869809,0.15715,10000.00000000,0
1505848999,21869808,0.15715,10000.00000000,0
1505848999,21869806,0.15715,7436.46940000,0
1505848999,21869805,0.15714,2563.53060000,0
1505848980,21869753,0.15701,40.45149300,1
1505848955,21869665,0.15715,9071.75119312,0
1505848953,21869660,0.15714,3045.77892000,0
1505848921,21869513,0.15715,3206.91760600,0
1505848898,21869462,0.15715,977.68388000,0
1505848898,21869461,0.15714,2755.13968000,0
1505848877,21869365,0.15714,558.00000000,0
1505848825,21869128,0.15715,399.30481283,1
1505848825,21869127,0.15728,0.00000250,1
1505848825,21869126,0.15729,3050.51066000,1
1505848807,21869077,0.15919,4786.12199258,1
1505848806,21869076,0.15799,1316.15618495,0
1505848806,21869075,0.15799,1314.93810000,1
1505848806,21869074,0.15799,200.00000000,1
1505848806,21869073,0.15780,1136.37972414,1
1505848804,21869066,0.15780,1314.96770000,0
1505848801,21869054,0.15728,317.10961093,1
1505848801,21869053,0.15750,3219.07296907,1
1505848801,21869052,0.15753,3371.36618000,1
1505848693,21868904,0.15814,1185.85538131,0
1505848546,21868678,0.15750,800.00000000,1
1505848545,21868669,0.15750,980.92703093,1
1505848545,21868668,0.15776,799.99999992,1
1505848545,21868666,0.15778,1055.29420015,1
1505848535,21868646,0.15778,1514.34380500,1
1505848470,21868448,0.15778,11256.52119485,1
1505848449,21868398,0.15779,78.97668230,0
1505848446,21868392,0.15799,219.57769000,1
1505848435,21868376,0.15781,2962.26702997,1
1505848397,21868193,0.15800,63.13291139,1
1505848397,21868191,0.15800,3157.00000000,1
1505848397,21868189,0.15800,1070.00000000,1
1505848397,21868187,0.15800,625.39418000,1
1505848396,21868186,0.15800,150.00000000,1
1505848378,21868108,0.15801,6600.00000000,1
1505848344,21868032,0.15801,2433.39056157,1
1505848344,21868030,0.15801,527.22594795,0
1505848344,21868029,0.15805,2039.38348624,1
1505848342,21868025,0.15887,0.00000424,1
1505848338,21868016,0.15887,25.03669576,1
1505848338,21868013,0.15889,24.05482424,1
1505848335,21868004,0.15889,399.62597540,1
1505848124,21867442,0.15932,313.01782575,0
1505847615,21867140,0.15887,200.00000000,1
1505847600,21867131,0.15887,74.96330000,1
1505847401,21866938,0.15979,493.21572063,0
1505847401,21866937,0.15952,1290.93110000,0
1505847399,21866936,0.15915,1000.00000000,0
1505847325,21866888,0.15912,1190.77938000,0
1505847189,21866708,0.15914,1016.17803952,1
1505847189,21866707,0.15914,2117.87443000,0
1505847168,21866686,0.15911,857.38783467,0
1505847168,21866684,0.15910,1313.18950000,0
1505847162,21866661,0.15911,331.34938093,0
1505846561,21866116,0.15916,376.03669263,0
1505846397,21865946,0.15997,249.42326686,0
1505846170,21865814,0.15974,936.68417428,0
1505845838,21865595,0.15959,40.00000000,1
1505845804,21865584,0.15817,2566.54151200,1
1505845794,21865583,0.15968,1061.97426102,0
1505845581,21865468,0.15950,3846.41883569,0
1505845581,21865467,0.15950,153.58116431,0
1505845581,21865466,0.15949,2500.00000000,0
1505845399,21865415,0.15938,312.93330405,0
1505845366,21865401,0.15952,312.62537612,0
1505845306,21865381,0.15915,847.33182532,0
1505845257,21865351,0.15856,451.00000000,0
1505845200,21865320,0.15838,372.79885000,1
1505845168,21865303,0.15895,313.77986788,0
1505845046,21865240,0.15938,251.40672027,0
1505845046,21865239,0.15938,1313.25980000,0
1505844777,21865048,0.15907,627.08631420,0
1505844765,21865045,0.15911,125.38570800,0
1505844435,21864833,0.15840,10831.36000000,1
1505844307,21864765,0.15919,751.93165399,0
1505844192,21864633,0.15877,1249.89635549,1
1505844125,21864575,0.15896,78.20114456,0
1505843934,21864428,0.15930,25628.11390000,1
1505843797,21864320,0.15930,4277.28356000,1
1505843796,21864318,0.15930,1094.60254000,1
1505843676,21864243,0.15984,6240.61561561,0
1505843496,21864132,0.15955,392.96259993,0
1505843495,21864131,0.15954,1396.87578000,0
1505843495,21864130,0.15954,1292.47720000,0
1505843363,21864056,0.15969,280.87800000,0
1505843304,21864002,0.15925,2247.39831000,1
1505843271,21863934,0.15808,21404.44048784,0
1505843271,21863933,0.15808,10000.00000000,0
1505843271,21863931,0.15841,6645.50390073,1
1505843271,21863928,0.15842,567.56235075,0
1505843270,21863925,0.15895,524.27388068,1
1505843270,21863924,0.15925,567.56235075,0
1505843268,21863922,0.15927,9044.11162000,0
1505843268,21863921,0.15927,1814.10776000,1
1505843267,21863920,0.16001,1814.10776000,1
1505843260,21863904,0.16001,9044.11162000,1
1505843259,21863900,0.15806,4023.85751794,1
1505843259,21863899,0.15806,9495.77438040,0
1505843259,21863898,0.15925,310.00000000,1
1505843258,21863897,0.15926,2001.77941000,1
1505843258,21863896,0.16000,24790.87452166,1
1505843257,21863895,0.16001,9377.71417000,1
1505843250,21863882,0.16001,602.95579000,1
1505843249,21863881,0.16053,615.13087081,0
1505843155,21863768,0.16065,1467.62371615,0
1505843151,21863762,0.16149,678.80215493,0
1505843151,21863760,0.16116,395.35960000,0
1505843151,21863759,0.16116,1976.79800000,0
1505843150,21863758,0.16077,5307.41921714,0
1505843150,21863756,0.16075,246.23708216,0
1505843150,21863755,0.16074,1297.83740000,0
1505843149,21863753,0.16065,2500.00000000,0
1505843125,21863740,0.16072,999.24402688,0
1505842966,21863644,0.16075,60.60949455,1
1505842965,21863642,0.16075,526.00500000,1
1505842963,21863639,0.16077,8518.73998286,0
1505842963,21863638,0.16076,1282.44020000,0
1505842962,21863635,0.16075,306.94693624,1
1505842802,21863491,0.16076,373.08043045,0
1505842800,21863490,0.16042,248.00000000,0
1505842761,21863464,0.16076,1249.89635549,0
1505842613,21863359,0.16001,1262.11125695,1
1505842607,21863358,0.16005,412.01200000,1
1505842602,21863355,0.16053,1466.90294649,0
1505842358,21863133,0.16053,248.55316763,0
1505842315,21863117,0.16000,8953.37672834,1
1505842145,21862927,0.16000,306.81250000,0
1505842072,21862814,0.16000,235.58515206,0
1505842072,21862813,0.16000,2881.53984796,0
1505842062,21862801,0.16000,1296.97396895,0
1505842062,21862800,0.15999,5933.86009505,0
1505842061,21862799,0.15999,10800.91820495,0
1505842061,21862798,0.15999,1196.52194305,0
1505842058,21862796,0.15999,1262.11125695,0
1505842025,21862770,0.16000,3902.75293235,0
1505842010,21862765,0.16065,3004.64780578,1
1505842008,21862763,0.16000,100.35276633,0
1505841981,21862756,0.16000,416.44255551,1
1505841864,21862701,0.16000,150.00000000,0
1505841810,21862678,0.16000,4778.57889254,1
1505841810,21862677,0.16001,1582.60772000,1
1505841769,21862663,0.16000,248.00000000,1
1505841640,21862599,0.16001,2189.83503015,1
1505841568,21862559,0.16000,4169.00525760,0
1505841567,21862555,0.16000,31.17206250,0
1505841567,21862554,0.16000,915.92700000,0
1505841534,21862529,0.16044,94.62317000,0
1505841324,21862376,0.15990,1500.00000000,0
1505841262,21862358,0.16056,931.99339811,0
1505841207,21862337,0.16000,766.29900000,0
1505841176,21862317,0.16014,2027.55000000,1
1505841155,21862304,0.16000,895.98600000,0
1505841073,21862248,0.16037,484.76632000,0
1505841058,21862223,0.16000,0.00000015,1
1505841058,21862222,0.16000,1000.00000000,0
1505841058,21862221,0.16000,63.00000000,0
1505841058,21862220,0.15997,503.10198485,0
1505841015,21862157,0.15997,485.96559000,0
1505841012,21862156,0.15997,1583.60005700,0
1505840992,21862143,0.15997,3208.78560500,0
1505840917,21862099,0.15997,3159.33152300,0
1505840859,21862022,0.15997,4954.94998015,0
1505840569,21861638,0.15991,1050.34143241,0
1505840569,21861636,0.15991,1821.11620000,0
1505840567,21861635,0.15959,248.00000000,0
1505840409,21861585,0.15940,280.00000000,1
1505840316,21861559,0.15929,864.58139000,1
1505840279,21861542,0.15932,1990.56547000,0
1505840125,21861500,0.15994,623.67137676,0
1505840032,21861446,0.15963,4726.95729200,0
1505839952,21861423,0.15893,4501.98195200,1
1505839945,21861419,0.15801,4517.16582898,1
1505839944,21861418,0.15889,1290.94540000,1
1505839944,21861417,0.15889,1924.63077000,1
1505839944,21861416,0.15904,9615.08961000,1
1505839944,21861414,0.15916,6645.50390073,1
1505839942,21861413,0.15960,1226.87406052,1
1505839932,21861412,0.15960,167.26601000,1
1505839918,21861399,0.15960,167.26601000,1
1505839905,21861352,0.15960,167.26601000,1
1505839892,21861347,0.15960,167.26601000,1
1505839867,21861330,0.15960,139.43482000,1
1505839854,21861321,0.15960,139.43482000,1
1505839840,21861311,0.15960,139.43482000,1
1505839827,21861292,0.15960,139.43482000,1
1505839826,21861290,0.15960,744.12699000,1
1505839814,21861279,0.15960,139.43482000,1
1505839801,21861272,0.15960,139.43482000,1
1505839788,21861269,0.15960,165.66514000,1
1505839775,21861265,0.15960,196.82987000,1
1505839761,21861262,0.15960,185.50801000,1
1505839700,21861237,0.15963,3124.41270437,0
1505839661,21861218,0.15963,299.91989600,0
1505839661,21861217,0.15963,324.90000000,0
1505839527,21861180,0.15948,1569.94018059,0
1505839486,21861149,0.15948,1313.49573614,0
1505839350,21861071,0.15948,4.29608728,0
1505839348,21861069,0.15924,240.00000000,0
1505839313,21861053,0.15903,221.32483000,1
1505839273,21861027,0.15900,220.84017000,1
1505839233,21860985,0.15900,493.00000000,1
1505839220,21860983,0.15900,507.00000000,1
1505839206,21860979,0.15854,507.00000000,1
1505839115,21860918,0.15900,779.64588000,1
1505839102,21860912,0.15900,220.35412000,1
1505838894,21860843,0.15900,1000.00000000,1
1505838854,21860833,0.15916,33.39450867,0
1505838850,21860831,0.15900,100.00000000,1
1505838791,21860794,0.15928,31.31297087,0
1505838755,21860768,0.15900,460.00000000,1
1505838755,21860767,0.15900,11208.05754666,1
1505838730,21860730,0.15900,876.18380000,1
1505838717,21860721,0.15900,284.05186000,1
1505838704,21860714,0.15900,1041.01045000,1
1505838692,21860703,0.15900,379.70467000,1
1505838691,21860702,0.15900,337.48736000,1
1505838687,21860697,0.15900,378.18432625,1
1505838678,21860678,0.15900,1180.73891000,1
1505838593,21860626,0.15937,33.00000000,0
1505838465,21860543,0.15954,11741.01071831,1
1505838465,21860542,0.15951,326.68792000,0
1505838463,21860538,0.15899,1070.00000000,0
1505838380,21860499,0.15852,1237.66123000,1
1505838347,21860477,0.15893,313.81935443,0
1505838308,21860454,0.15840,319.29539000,1
1505838295,21860437,0.15838,1560.23487000,1
1505838282,21860433,0.15836,1560.23487000,1
1505838268,21860422,0.15834,1560.23487000,1
1505838255,21860415,0.15832,1470.48859000,1
1505838242,21860402,0.15830,661.97027000,1
1505838087,21860328,0.15890,5.35393329,0
1505838085,21860327,0.15855,240.00000000,0
1505838005,21860286,0.15820,507.00000000,1
1505837427,21859991,0.15871,521.66221410,0
1505837426,21859989,0.15871,521.66221410,0
1505837175,21859876,0.15897,815.72504246,0
1505837169,21859873,0.15897,815.72504246,0
1505837134,21859859,0.15891,816.03303757,1
1505837121,21859848,0.15858,2641.88422247,0
1505837069,21859828,0.15883,3376.50317950,0
1505837051,21859811,0.15886,388.58120288,0
1505836964,21859684,0.15854,3000.00000000,0
1505836877,21859618,0.15804,7755.08516400,0
1505836876,21859616,0.15804,0.00000040,1
1505836876,21859615,0.15850,2339.08314060,1
1505836867,21859593,0.15850,506.49300000,1
1505836865,21859586,0.15850,506.74662668,1
1505836862,21859584,0.15850,506.72018928,1
1505836860,21859582,0.15845,19374.70424116,0
1505836860,21859581,0.15844,7379.36011000,0
1505836860,21859580,0.15844,2846.24285000,0
1505836809,21859555,0.15845,2278.49346797,0
1505836807,21859554,0.15823,240.00000000,0
1505836678,21859444,0.15776,5453.27364100,1
1505836678,21859442,0.15777,800.00000000,1
1505836678,21859441,0.15777,1445.85705700,1
1505836677,21859439,0.15777,3754.14294300,1
1505836677,21859438,0.15778,800.00000000,1
1505836542,21859364,0.15845,6314.12913266,1
1505836539,21859361,0.15844,1053.41138601,0
1505836464,21859293,0.15852,113.85244764,0
1505836462,21859292,0.15800,207.75268000,0
1505836328,21859152,0.15800,315.66455696,1
1505836213,21859029,0.15852,2119.66944234,0
1505836176,21858987,0.15852,56.63354782,0
1505836164,21858970,0.15800,1496.67925200,1
1505836105,21858896,0.15800,424.07314000,1
1505836090,21858871,0.15844,1902.76110830,0
1505836088,21858864,0.15800,301.60577449,0
1505835983,21858746,0.15800,1000.00000000,0
1505835885,21858588,0.15777,1001.23287500,1
1505835872,21858575,0.15799,4894.99791126,0
1505835870,21858573,0.15788,156.00000000,0
1505835869,21858571,0.15777,2255.99286300,1
1505835866,21858569,0.15776,69.15790500,1
1505835866,21858568,0.15777,3215.72597000,1
1505835860,21858567,0.15777,6164.37100000,1
1505835848,21858554,0.15779,3053.28787700,1
1505835848,21858553,0.15779,7601.44500400,1
1505835848,21858550,0.15779,5725.29879900,1
1505835600,21858452,0.15726,124.40335000,1
1505835568,21858435,0.15799,25220.20957023,0
1505835499,21858375,0.15819,408.06665404,0
1505835322,21858302,0.15843,629.49359339,0
1505835286,21858288,0.15791,2586.37236402,0
1505835099,21858217,0.15791,315.81280476,0
1505834809,21858096,0.15785,31.59664238,0
1505834348,21857797,0.15791,379.05351149,0
1505834210,21857694,0.15791,3158.76131973,0
1505834191,21857677,0.15789,2916.20748622,1
1505834062,21857538,0.15789,631.76895306,0
1505833774,21857301,0.15791,3456.96915964,0
1505833647,21857237,0.15822,9347.74364808,0
1505833643,21857236,0.15822,128.69156870,0
1505833641,21857233,0.15791,502.74862568,0
1505833316,21856978,0.15722,2866.53075900,1
1505833316,21856977,0.15737,5808.55935000,1
1505833315,21856976,0.15738,16747.81213000,1
1505833211,21856873,0.15846,1636.10396844,0
1505833210,21856872,0.15841,1504.98141000,1
1505833210,21856869,0.15832,2500.00000000,0
1505833209,21856867,0.15791,502.78576405,1
1505833209,21856866,0.15791,156.00000000,0
1505833178,21856833,0.15846,125.76620180,0
1505833108,21856792,0.15733,1500.00000000,1
1505833031,21856740,0.15848,157.35518677,0
1505832979,21856690,0.15846,31.47500947,0
1505832977,21856685,0.15846,104.55408238,1
1505832977,21856684,0.15846,3693.76240127,1
1505832975,21856683,0.15825,2500.00000000,0
1505832899,21856638,0.15822,1260.91037795,0
1505832832,21856556,0.15834,629.97739043,0
1505832644,21856484,0.15852,629.26204895,0
1505832618,21856464,0.15852,150.00878583,1
1505832618,21856461,0.15852,2077.09444228,1
1505832617,21856460,0.15852,2500.00000000,0
1505832568,21856424,0.15834,289.78956676,0
1505832351,21856208,0.15818,126.11492509,0
1505832274,21856118,0.15766,1331.10103580,1
1505832165,21856034,0.15782,1327.82590000,1
1505832107,21855992,0.15793,368.13151283,1
1505832103,21855985,0.15793,481.09613320,1
1505832097,21855978,0.15783,479.34825327,0
1505832096,21855977,0.15778,1327.82590169,1
1505832094,21855970,0.15778,2804.71572000,0
1505832094,21855968,0.15777,5485.12758000,0
1505832094,21855966,0.15767,3115.61588831,0
1505832093,21855961,0.15766,1327.82590000,0
1505832032,21855883,0.15738,5503.86052000,1
1505832026,21855878,0.15738,236.00000000,1
1505831952,21855834,0.15729,1718.45274400,1
1505831928,21855824,0.15767,1529.61000000,0
1505831713,21855507,0.15764,12655.41740674,0
1505831512,21855370,0.15765,154.56527978,1
1505831512,21855369,0.15765,1111.03028000,0
1505830865,21854808,0.15680,236.00000000,0
1505830805,21854743,0.15729,272.57174646,0
1505830635,21854617,0.15650,187.00000000,1
1505830510,21854490,0.15725,158.56584218,0
1505830501,21854412,0.15732,12680.43259391,0
1505830444,21854332,0.15651,5740.00000000,1
1505830368,21854267,0.15678,481.55005000,0
1505830360,21854243,0.15652,3195.00000000,1
1505830161,21854003,0.15677,51.43500000,0
1505830155,21853998,0.15678,513.94995000,0
1505830153,21853997,0.15678,62.50000000,1
1505830015,21853895,0.15678,212.40000000,0
1505829840,21853656,0.15654,3325.99825000,0
1505829840,21853652,0.15654,287.41104000,1
1505829840,21853650,0.15654,5740.00000000,1
1505829839,21853641,0.15655,3798.37840900,1
1505829610,21853349,0.15738,126.76401067,0
1505829570,21853213,0.15757,556.06162340,1
1505829569,21853211,0.15712,394.64932000,0
1505829449,21853069,0.15713,3142.40170559,0
1505829362,21852934,0.15712,46.59935081,0
1505829281,21852832,0.15664,708.50474690,0
1505829274,21852822,0.15663,9613.36422200,1
1505829248,21852799,0.15783,3240.03579801,0
1505829247,21852798,0.15769,296.65074429,0
1505829247,21852797,0.15768,20470.86200000,0
1505829247,21852796,0.15768,6161.08400000,0
1505829246,21852795,0.15767,3473.62886000,1
1505829246,21852794,0.15767,86.57851000,0
1505829246,21852793,0.15767,432.89255000,0
1505828954,21852588,0.15764,10757.17197412,0
1505828840,21852492,0.15755,1582.79911139,0
1505828802,21852457,0.15764,632.77480335,0
1505828775,21852435,0.15769,777.88629589,0
1505828775,21852434,0.15765,1072.85338000,0
1505828774,21852433,0.15764,1312.81960000,0
1505828738,21852372,0.15740,1443.31326725,0
1505828737,21852370,0.15740,8709.34400000,0
1505828711,21852354,0.15700,13712.72210000,1
1505828710,21852353,0.15700,8787.27790000,1
1505828710,21852352,0.15728,652.36328400,1
1505828686,21852262,0.15728,147.63671600,1
1505828654,21852251,0.15749,46.74322179,0
1505828578,21852216,0.15728,316.96557971,0
1505828237,21852073,0.15767,951.60020910,0
1505828052,21851881,0.15701,1426.90922000,0
1505827948,21851738,0.15701,3.00000000,1
1505827947,21851737,0.15730,1000.00000000,1
1505827935,21851731,0.15701,2308.81809966,1
1505827935,21851730,0.15702,381.52357334,1
1505827834,21851670,0.15769,1348.50277680,1
1505827830,21851660,0.15769,1075.74861160,1
1505827826,21851656,0.15769,1075.74861160,1
1505827772,21851579,0.15783,3721.24378000,1
1505827771,21851569,0.15778,1278.75622000,0
1505827711,21851492,0.15702,760.54923500,0
1505827680,21851480,0.15833,43.78614287,0
1505827656,21851475,0.15854,77.72787716,0
1505827466,21851293,0.15834,48.35076418,0
1505827295,21851048,0.15762,3598.60000000,0
1505827277,21851029,0.15774,4166.08735894,1
1505827277,21851028,0.15748,172.79657100,0
1505827276,21851027,0.15723,88.30208000,1
1505827236,21851005,0.15743,295.69792000,1
1505827200,21850979,0.15743,337.30208000,1
1505827184,21850975,0.15844,157.39491290,0
1505827157,21850958,0.15871,1885.52624283,0
1505827076,21850819,0.15938,673.32449291,1
1505827075,21850818,0.15827,267.29981882,0
1505827066,21850813,0.15828,125.49537648,0
1505826955,21850727,0.15897,62.74806567,0
1505826658,21850484,0.15807,46.69791864,0
1505826370,21850278,0.15781,3891.20418200,1
1505826368,21850273,0.15782,4446.32675600,1
1505826368,21850271,0.15782,3580.29096700,1
1505826368,21850270,0.15782,2043.38500700,1
1505826167,21850070,0.15800,100.00000000,1
1505826167,21850069,0.15800,298.86546613,1
1505826143,21850018,0.15800,1.13453387,1
1505826143,21850017,0.15801,1616.07546613,1
1505826054,21849933,0.15801,341.44757387,1
1505825940,21849850,0.15877,2198.94929773,0
1505825842,21849764,0.15876,31.41553288,0
1505825671,21849624,0.15801,2042.47696000,1
1505825671,21849623,0.15802,1963.14276000,1
1505825670,21849619,0.15803,905.68826000,1
1505825670,21849617,0.15814,3850.11152000,1
1505825668,21849604,0.15814,1963.14276000,1
1505825668,21849602,0.15814,4000.00000000,1
1505825667,21849594,0.15815,7848.52977000,1
1505825614,21849556,0.15954,3751.43374702,0
1505825598,21849553,0.15957,312.52741743,0
1505825597,21849552,0.15957,1301.29960000,0
1505825580,21849529,0.15964,6120.27621980,0
1505825579,21849528,0.15963,339.09865000,0
1505825579,21849527,0.15963,1695.49324000,0
1505825579,21849526,0.15963,1721.96169000,1
1505825579,21849525,0.15825,4178.55446476,0
1505825577,21849523,0.15813,1620.39609778,0
1505825555,21849512,0.15801,1000.00000000,1
1505825234,21849380,0.15824,1891.12657988,0
1505825222,21849375,0.15765,705.37274100,1
1505824905,21849086,0.15875,125.60632377,0
1505824862,21849054,0.15910,1900.00000000,0
1505824841,21849045,0.15929,1000.00000000,0
1505824814,21849019,0.15817,42.69526459,0
1505824812,21849015,0.15798,998.00100000,1
1505824736,21848949,0.15968,6246.90775301,0
1505824591,21848878,0.15996,34917.31125800,0
1505824591,21848877,0.15996,6993.43874200,1
1505824591,21848876,0.15916,3791.10172726,0
1505824590,21848875,0.15893,10846.84030793,0
1505824590,21848874,0.15888,275.43923000,0
1505824590,21848873,0.15826,1377.19614000,0
1505824590,21848871,0.15826,6645.69600000,0
1505824589,21848870,0.15825,16573.72952000,0
1505824169,21848566,0.15850,1631.77834876,1
1505824145,21848528,0.15850,919.48777100,1
1505824140,21848516,0.15850,1627.28834500,1
1505824073,21848453,0.15863,1846.98473811,0
1505824073,21848452,0.15863,1297.14380000,0
1505824053,21848428,0.15755,1530.58485139,0
1505823938,21848175,0.15755,4655.62501000,1
1505823938,21848174,0.15756,4923.69660000,1
1505823695,21847785,0.15802,4959.50303759,0
1505823695,21847784,0.15799,1282.40227070,0
1505823693,21847782,0.15773,71.00000000,0
1505823565,21847667,0.15790,2940.80633318,1
1505823565,21847666,0.15790,7317.60600000,1
1505823564,21847665,0.15790,1700.45130000,1
1505823563,21847664,0.15790,1700.45130000,0
1505823563,21847663,0.15790,1090.77403682,0
1505823468,21847570,0.15744,1287.17838000,1
1505823468,21847568,0.15766,4929.00000000,1
1505823393,21847518,0.15769,3134.09072900,1
1505823392,21847513,0.15768,8559.58038900,1
1505823387,21847509,0.15883,647.94251715,1
1505823347,21847476,0.15815,635.37590894,0
1505823298,21847457,0.15768,850.00000000,1
1505823295,21847456,0.15768,1619.85803200,1
1505822933,21847177,0.15916,10174.91233274,0
1505822933,21847176,0.15916,1306.29300000,1
1505822933,21847175,0.15914,1679.28128000,1
1505822932,21847173,0.15893,357.98049000,1
1505822932,21847172,0.15893,1789.90244000,1
1505822932,21847170,0.15801,2645.38331314,0
1505822930,21847169,0.15789,7047.44116130,0
1505822736,21846981,0.15766,71.00000000,0
1505822371,21846508,0.15783,1579.99112969,0
1505822348,21846465,0.15779,189.65194246,0
1505822345,21846462,0.15779,40.00000000,0
1505822279,21846376,0.15709,1257.72795380,1
1505822017,21846177,0.15752,241.74701625,0
1505822016,21846176,0.15751,74.88614622,0
1505822014,21846175,0.15751,1257.72795378,0
1505821997,21846173,0.15752,1266.44251523,0
1505821979,21846172,0.15749,1163.87630960,0
1505821979,21846171,0.15743,1307.72380000,0
1505821977,21846170,0.15700,330.00000000,0
1505821977,21846169,0.15700,253.59338000,0
1505821729,21846051,0.15700,350.00000000,1
1505821703,21846044,0.15727,75.00000000,1
1505821703,21846043,0.15727,0.00000184,1
1505821689,21846034,0.15727,373.20200000,1
1505821648,21845981,0.15727,107.39629816,1
1505821570,21845896,0.15727,3019.40170000,1
1505821200,21845424,0.15727,128.98970000,1
1505821153,21845384,0.15789,1383.17816201,0
1505821099,21845357,0.15789,917.12541915,0
1505821097,21845355,0.15788,312.25657188,0
1505821089,21845350,0.15788,423.31460603,0
1505821049,21845304,0.15788,315.90644794,0
1505820825,21845132,0.15789,1579.43219963,0
1505820763,21844982,0.15784,789.96623163,0
1505820735,21844963,0.15784,574.18683900,0
1505820520,21844604,0.15788,100.00000000,1
1505820481,21844511,0.15801,0.00004428,1
1505820478,21844502,0.15801,2646.70603128,1
1505820476,21844500,0.15801,2355.30000000,0
1505820476,21844499,0.15801,997.99392444,0
1505820096,21844316,0.15878,314.11582063,0
1505820043,21844239,0.15738,201.01029355,0
1505819798,21844125,0.15852,3442.06352511,0
1505819688,21844070,0.15857,629.00069370,0
1505819686,21844069,0.15857,125.81270102,0
1505819509,21843985,0.15900,3500.00000000,0
1505819509,21843984,0.15900,2500.00000000,0
1505819430,21843847,0.15855,1702.48775000,0
1505819404,21843820,0.15861,1328.87739500,0
1505819317,21843698,0.15886,221.95194838,1
1505819317,21843697,0.15886,60.60993000,0
1505819304,21843667,0.15887,627.87574747,0
1505819211,21843606,0.15818,760.00000000,0
1505819209,21843604,0.15824,240.00000000,1
1505819172,21843568,0.15825,317.00000000,1
1505819119,21843516,0.15902,59.99169915,0
1505818889,21843301,0.15824,831.51099000,0
1505818883,21843285,0.15820,330.00000000,0
1505818852,21843175,0.15822,750.19310000,1
1505818799,21843096,0.15829,750.19310000,1
1505818786,21843071,0.15823,707.04124000,1
1505818772,21843059,0.15823,686.87275000,1
1505818759,21843051,0.15823,1058.99232000,1
1505818746,21843035,0.15822,1058.99232000,1
1505818716,21843005,0.15816,827.94156000,1
1505818706,21842991,0.15814,952.29465000,1
1505818680,21842925,0.15808,35.00000000,1
1505818644,21842799,0.15802,1156.66648000,1
1505818537,21842442,0.15902,0.00006288,1
1505818536,21842439,0.15890,754.18495910,1
1505818532,21842436,0.15914,1697.58627623,0
1505818532,21842435,0.15904,297.88086000,0
1505818532,21842434,0.15904,1489.40432000,0
1505818531,21842433,0.15841,1537.78966483,0
1505818501,21842423,0.15795,2355.28740416,1
1505818473,21842417,0.15824,1744.21428490,1
1505818471,21842413,0.15823,1745.08633003,1
1505818332,21842290,0.15841,188.87696483,0
1505818274,21842195,0.15841,2426.79123792,0
1505818272,21842191,0.15839,2611.09918556,0
1505818097,21842017,0.15839,188.90081444,0
1505817992,21841793,0.15841,16391.07379584,0
1505817991,21841785,0.15840,2500.00000000,0
1505817898,21841516,0.15839,707.11534819,0
1505817887,21841505,0.15840,119.65031566,0
1505817863,21841449,0.15839,188.93351853,0
1505817848,21841443,0.15841,944.54851335,0
1505817841,21841437,0.15803,2230.08900000,1
1505817830,21841432,0.15839,21.11339153,0
1505817830,21841431,0.15836,316.88660847,0
1505817789,21841406,0.15829,6985.74227000,0
1505817789,21841405,0.15826,2063.82393000,0
1505817789,21841404,0.15825,8950.43380000,0
1505817773,21841396,0.15803,1346.67200000,1
1505817758,21841372,0.15803,2230.08900000,1
1505817754,21841364,0.15827,38.74202312,1
1505817752,21841363,0.15790,277.00000000,0
1505817601,21841308,0.15790,228.58630000,1
1505817552,21841285,0.15790,1143.44004700,1
1505817544,21841277,0.15790,200.00000000,1
1505817531,21841272,0.15790,6964.66085300,1
1505817531,21841271,0.15790,4948.45905300,1
1505817525,21841270,0.15790,1543.44004700,1
1505817510,21841264,0.15746,448.07153000,0
1505817508,21841263,0.15746,6223.11547000,1
1505817494,21841256,0.15780,2672.49159000,1
1505817480,21841250,0.15780,1188.43885900,1
1505817457,21841230,0.15780,2201.49400000,1
1505817440,21841219,0.15823,504.48322063,0
1505817434,21841216,0.15780,249.13669202,1
1505817405,21841204,0.15811,473.17032446,0
1505817402,21841198,0.15780,2897.13984000,1
1505817395,21841195,0.15780,2102.86015600,1
1505817374,21841181,0.15825,54.78913112,1
1505817372,21841180,0.15815,399.30481283,0
1505817347,21841173,0.15814,1044.83021373,0
1505817347,21841172,0.15814,216.64695840,0
1505817326,21841143,0.15751,4814.80947762,0
1505817300,21841099,0.15751,145.53164878,0
1505817291,21841072,0.15751,1013.57862993,0
1505817248,21841040,0.15749,1413.00402400,1
1505817248,21841039,0.15749,1266.75500000,1
1505817244,21841038,0.15751,2500.00000000,0
1505817143,21840934,0.15749,407.99000000,0
1505817134,21840898,0.15749,633.33000000,0
1505817124,21840885,0.15749,633.33000000,0
1505817056,21840793,0.15749,253.35094292,0
1505817052,21840789,0.15749,633.33000000,0
1505817043,21840776,0.15749,633.33000000,0
1505817036,21840764,0.15749,633.54470513,0
1505817001,21840674,0.15751,631.81000000,0
1505816995,21840671,0.15751,631.77000000,0
1505816922,21840640,0.15750,633.29000000,0
1505816916,21840638,0.15750,318.07577314,0
1505816916,21840637,0.15745,315.21422686,0
1505816843,21840620,0.15744,633.33000000,0
1505816836,21840618,0.15745,633.37000000,0
1505816797,21840611,0.15744,633.53000000,0
1505816789,21840610,0.15744,633.53000000,0
1505816719,21840589,0.15743,633.57000000,0
1505816711,21840587,0.15743,633.57000000,0
1505816638,21840551,0.15729,634.06000000,0
1505816636,21840549,0.15730,670.00000000,0
1505816631,21840547,0.15728,634.14000000,0
1505816612,21840500,0.15736,6339.00756228,0
1505816590,21840482,0.15733,633.82000000,0
1505816582,21840478,0.15738,633.74000000,0
1505816579,21840477,0.15739,633.61000000,0
1505816567,21840472,0.15745,2953.55890758,0
1505816566,21840471,0.15735,3183.03149000,0
1505816566,21840470,0.15711,1538.97391433,0
1505816564,21840468,0.15710,1328.98030000,0
1505816538,21840441,0.15710,634.91000000,0
1505816530,21840435,0.15710,633.70000000,0
1505816473,21840396,0.15711,764.22614728,1
1505816472,21840392,0.15711,1485.77385272,1
1505816466,21840387,0.15715,316.47470569,0
1505816448,21840380,0.15716,497.13661469,0
1505816448,21840379,0.15715,137.52338531,0
1505816400,21840304,0.15700,48.41369426,1
1505816398,21840303,0.15726,235.40607531,0
1505816398,21840302,0.15725,265.05965024,0
1505816376,21840283,0.15731,633.98000000,0
1505816352,21840268,0.15735,1828.59717954,1
1505816351,21840267,0.15735,1341.10800000,0
1505816337,21840251,0.15645,5904.24903800,1
1505816302,21840223,0.15717,634.62000000,0
1505816274,21840201,0.15750,211.51961904,0
1505816273,21840200,0.15749,798.30617000,0
1505816273,21840198,0.15747,3991.53085000,0
1505816273,21840197,0.15745,1333.25050000,1
1505816263,21840169,0.15718,634.58000000,0
1505816189,21840074,0.15743,633.53000000,0
1505816187,21840069,0.15743,633.53000000,0
1505816183,21840066,0.15744,633.33000000,0
1505816175,21840064,0.15639,200.00000000,1
1505816158,21840050,0.15725,1609.39790338,0
1505816157,21840049,0.15725,1335.51930000,0
1505816157,21840048,0.15725,2670.73000000,0
1505816157,21840047,0.15724,268.33541084,0
1505816108,21839978,0.15744,633.49000000,0
1505816004,21839898,0.15705,2670.73000000,1
1505816002,21839896,0.15743,3264.85580893,1
1505816000,21839895,0.15739,3000.70000000,0
1505816000,21839894,0.15739,1338.97360000,0
1505815394,21839393,0.15730,1902.42765416,0
1505815385,21839386,0.15733,5378.64072548,0
1505815384,21839385,0.15680,482.24059096,0
1505815384,21839384,0.15680,482.48169643,0
1505815378,21839382,0.15627,815.05907490,0
1505815322,21839368,0.15627,638.25444115,0
1505815262,21839321,0.15604,277.00000000,0
1505815095,21839105,0.15627,638.32226275,0
1505814901,21838925,0.15627,127.66000000,0
1505814862,21838918,0.15585,3000.71433225,1
1505814862,21838917,0.15586,10000.00000000,1
1505814767,21838883,0.15624,1276.88172043,0
1505814728,21838817,0.15620,1450.79174367,1
1505814695,21838796,0.15627,200.00000000,0
1505814693,21838795,0.15628,3191.40715383,0
1505814672,21838774,0.15641,0.00000283,1
1505814662,21838718,0.15643,3188.34692834,0
1505814656,21838707,0.15642,5270.30499861,1
1505814656,21838706,0.15645,1530.58485139,1
1505814654,21838703,0.15652,129.36999800,1
1505814654,21838702,0.15670,2881.02589200,1
1505814632,21838687,0.15670,3115.95998900,1
1505814632,21838686,0.15671,670.08214000,1
1505814624,21838680,0.15670,1151.73000000,1
1505814577,21838657,0.15670,1495.13364400,1
1505814577,21838655,0.15680,320.00000000,1
1505814577,21838653,0.15680,162.48175800,1
1505814282,21838453,0.15680,1837.51824200,1
1505814220,21838436,0.15670,200.00000000,1
1505814210,21838401,0.15670,11681.37228000,1
1505814203,21838390,0.15670,5239.79019500,1
1505814201,21838384,0.15671,3976.79161300,1
1505814108,21838315,0.15749,1652.62160721,0
1505814106,21838314,0.15725,1328.33870000,1
1505814106,21838313,0.15725,188.09133552,0
1505814064,21838298,0.15670,4021.98800000,0
1505814064,21838297,0.15660,213.00000000,0
1505813786,21838130,0.15747,633.45792849,0
1505813751,21838102,0.15647,1662.88776000,1
1505813678,21838063,0.15747,5560.43752000,0
1505813678,21838062,0.15746,4439.56248000,0
1505813594,21838009,0.15750,88.53357162,1
1505813593,21838007,0.15750,2538.59768516,1
1505813592,21838001,0.15750,6481.32462000,1
1505813591,21837994,0.15750,2539.86692064,1
1505813591,21837988,0.15750,11448.72774586,1
1505813588,21837978,0.15750,2538.59770649,1
1505813585,21837970,0.15750,3321.92447403,1
1505813580,21837950,0.15752,1711.22801000,1
1505813578,21837942,0.15751,11448.72776633,1
1505813573,21837920,0.15751,3356.38455826,1
1505813441,21837717,0.15805,630.49242424,0
1505813439,21837714,0.15840,10510.91982323,0
1505813438,21837705,0.15836,2151.16188259,0
1505813294,21837555,0.15836,94.48465522,0
1505813176,21837487,0.15827,3.31369787,1
1505813130,21837459,0.15817,311.78076096,0
1505813067,21837435,0.15827,1260.50420168,1
1505813066,21837434,0.15836,6598.97915199,0
1505813066,21837433,0.15827,1660.85490422,0
1505813066,21837432,0.15825,3059.53138000,0
1505813064,21837430,0.15817,1283.05819637,0
1505812963,21837393,0.15817,149.01921982,0
1505812961,21837389,0.15815,481.75912043,0
1505812892,21837359,0.15815,0.00000023,1
1505812891,21837358,0.15815,2019.04438800,1
1505812889,21837354,0.15815,480.95561177,1
1505812833,21837326,0.15734,213.00000000,0
1505812833,21837325,0.15734,1309.01440000,0
1505812767,21837289,0.15724,109.94960000,1
1505812730,21837274,0.15804,66.71500886,0
1505812535,21837044,0.15808,1681.06490384,0
1505812533,21837040,0.15746,213.00000000,0
1505812275,21836699,0.15697,399.60019990,0
1505812254,21836693,0.15693,1663.38000000,1
1505812041,21836563,0.15687,1316.66550000,0
1505812020,21836561,0.15696,349.37609582,0
1505811841,21836429,0.15697,0.19990005,1
1505811838,21836426,0.15697,399.80009995,1
1505811619,21836324,0.15645,281.98831642,1
1505811368,21836221,0.15641,399.30481000,1
1505811359,21836220,0.15692,1.65179000,1
1505811311,21836196,0.15648,2359.03821000,0
1505811234,21836060,0.15664,999.00000000,1
1505811149,21835941,0.15816,96.11576511,0
1505810832,21835633,0.15816,63.06942337,0
1505810369,21835293,0.15815,211.72665191,0
1505810369,21835292,0.15815,631.48909263,0
1505810367,21835291,0.15766,420.37379035,0
1505810363,21835286,0.15827,939.45098313,0
1505810363,21835285,0.15818,651.00000000,0
1505810362,21835284,0.15817,25904.37700000,1
1505810362,21835283,0.15794,399.30481283,0
1505810362,21835282,0.15767,349.65017490,0
1505810361,21835281,0.15766,779.59079000,0
1505810361,21835280,0.15761,3897.95396000,0
1505810361,21835279,0.15737,6645.50390073,0
1505810359,21835272,0.15736,4019.68290000,0
1505810032,21835157,0.15649,5225.09344248,1
1505810032,21835156,0.15656,6645.50390073,1
1505810032,21835155,0.15663,1000.00000000,1
1505809769,21834743,0.15742,3005.27309109,1
1505809769,21834740,0.15735,4000.90240000,0
1505809769,21834739,0.15735,8448.73550992,0
1505809767,21834738,0.15734,2934.44142000,0
1505809762,21834732,0.15736,112.81349008,1
1505809761,21834731,0.15736,2422.71015000,0
1505809758,21834728,0.15633,2934.44142000,1
1505809745,21834711,0.15628,1355.58177000,1
1505809732,21834692,0.15642,1750.00000000,1
1505809720,21834669,0.15642,250.00000000,1
1505809567,21834535,0.15744,1203.79941565,0
1505809489,21834483,0.15646,1062.71117000,1
1505809481,21834475,0.15663,1401.08133819,0
1505809429,21834334,0.15736,751.80624047,0
1505809307,21834248,0.15744,2217.30693509,0
1505809306,21834247,0.15746,634.25631906,0
1505809301,21834246,0.15747,633.45399123,0
1505809022,21834067,0.15642,808.18226000,1
1505808556,21833627,0.15625,851.16774109,0
1505808529,21833585,0.15620,1374.46261600,1
1505808514,21833568,0.15609,1293.88776581,0
1505808509,21833558,0.15611,3358.22860000,0
1505808509,21833556,0.15610,3041.77140000,0
1505808453,21833461,0.15620,3193.02176696,0
1505808408,21833414,0.15597,2300.00000000,0
1505808398,21833407,0.15510,6220.00000000,1
1505808397,21833405,0.15509,103.19700000,1
1505808397,21833403,0.15509,6106.80300000,1
1505808362,21833394,0.15600,100.00000000,0
1505808236,21833315,0.15599,1918.39220462,0
1505808233,21833314,0.15599,100.00000000,0
1505807699,21832892,0.15546,1755.53630800,1
1505807343,21832428,0.15522,1469.55725350,0
1505807343,21832427,0.15522,835.22500000,0
1505807340,21832425,0.15502,2827.64123780,1
1505807277,21832323,0.15522,7657.78000000,1
1505807225,21832252,0.15502,4100.25798700,0
1505807225,21832250,0.15502,116.01459000,0
1505807225,21832247,0.15502,2285.37000000,0
1505807224,21832242,0.15503,5807.44033000,0
1505807223,21832236,0.15511,651.00000000,1
1505807193,21832190,0.15540,366.57000000,0
1505807190,21832184,0.15540,4837.40000000,0
1505807188,21832181,0.15540,2179.18000000,0
1505807186,21832180,0.15540,0.80350000,1
1505807005,21831894,0.15523,1145.72650000,0
1505807002,21831887,0.15523,180.00000000,1
1505807002,21831881,0.15514,200.00000000,1
1505806999,21831878,0.15513,1000.00000000,1
1505806983,21831829,0.15552,675.00760402,1
1505806536,21831185,0.15638,194.50248000,1
1505806535,21831184,0.15638,1005.49752000,1
1505806534,21831183,0.15639,6380.23415819,0
1505806522,21831180,0.15641,572.40993517,1
1505806474,21831162,0.15641,64.59006483,1
1505806474,21831161,0.15641,2510.40993517,1
1505806424,21831135,0.15641,10266.77776346,1
1505806424,21831133,0.15641,4678.32478753,1
1505806395,21831116,0.15641,14925.59714852,1
1505806222,21831040,0.15641,500.00000000,1
1505806221,21831039,0.15642,2000.00000000,1
1505806031,21830860,0.15641,4727.01950004,1
1505806006,21830827,0.15641,3593.07170884,1
1505805951,21830766,0.15641,400.00000000,0
1505805830,21830674,0.15689,115.80306414,1
1505805829,21830673,0.15681,202.03124652,0
1505805757,21830632,0.15638,800.00000000,1
1505805743,21830627,0.15638,1000.00000000,1
1505805720,21830615,0.15638,1000.00000000,0
1505805640,21830558,0.15529,2900.00000000,1
1505805640,21830557,0.15550,100.00000000,1
1505805626,21830550,0.15657,200.00000000,1
1505805611,21830539,0.15654,993.00000000,1
1505805379,21830401,0.15618,2765.19727541,1
1505805148,21830141,0.15618,264.64968153,1
1505805148,21830140,0.15700,635.35031847,1
1505805114,21830093,0.15716,3110.06649275,0
1505805105,21830071,0.15721,360.72511525,1
1505805105,21830069,0.15721,274.53981700,0
1505805102,21830065,0.15722,634.46520799,0
1505805073,21830017,0.15624,200.00000000,1
1505805073,21830015,0.15624,1248.45704100,1
1505804981,21829941,0.15710,571.45486951,0
1505804949,21829906,0.15700,499.75012493,1
1505804761,21829708,0.15706,6863.68772626,1
1505804761,21829707,0.15706,10000.00000000,1
1505804761,21829706,0.15706,6908.50052149,1
1505804761,21829705,0.15707,3091.49947851,1
1505804755,21829697,0.15707,2394.23336149,1
1505804664,21829586,0.15706,3289.71759200,1
1505804663,21829585,0.15707,6114.65268000,1
1505804508,21829343,0.15764,563.90617348,1
1505804507,21829342,0.15764,1334.41830000,0
1505804480,21829328,0.15766,949.00418622,0
1505804465,21829287,0.15767,0.17491255,1
1505804462,21829281,0.15767,349.82508745,1
1505804457,21829276,0.15827,3127.05628451,0
1505804457,21829275,0.15827,637.15500000,1
1505804456,21829272,0.15826,5000.00000000,0
1505804456,21829271,0.15826,433.03301495,1
1505804456,21829269,0.15825,398.81508000,0
1505804456,21829268,0.15825,992.33299545,1
1505804455,21829267,0.15825,2500.00000000,1
1505804455,21829266,0.15825,643.86300000,1
1505804455,21829265,0.15813,1994.07542000,0
1505804453,21829264,0.15784,1305.30030000,0
1505804373,21829220,0.15767,1839.56072810,0
1505804372,21829219,0.15766,1323.79530000,0
1505804353,21829214,0.15727,1000.00000000,1
1505804287,21829157,0.15785,307.04282546,0
1505804278,21829148,0.15787,85.49972200,0
1505804278,21829147,0.15786,1312.86160000,0
1505804266,21829121,0.15788,63.18127692,0
1505804195,21829022,0.15781,1264.17844243,0
1505804003,21828740,0.15713,528.39815000,1
1505803993,21828702,0.15709,200.00000000,1
1505803988,21828689,0.15708,3023.29831000,1
1505803984,21828678,0.15836,2524.56441020,0
1505803983,21828677,0.15828,2211.00185000,0
1505803983,21828676,0.15827,3993.39180000,1
1505803982,21828672,0.15795,631.97271254,0
1505803982,21828671,0.15790,442.20037000,0
1505803980,21828670,0.15761,148.85176428,1
1505803980,21828669,0.15761,3008.10000000,0
1505803975,21828668,0.15706,2787.25882000,1
1505803974,21828666,0.15705,775.23712300,0
1505803965,21828652,0.15705,1176.82109999,0
1505803965,21828650,0.15705,529.03797701,0
1505803949,21828633,0.15706,1000.00000000,1
1505803924,21828614,0.15716,1776.88895000,0
1505803902,21828597,0.15715,795.19982000,1
1505803816,21828471,0.15810,631.68880455,1
1505803812,21828470,0.15813,5.71084708,0
1505803811,21828469,0.15812,2500.00000000,0
1505803801,21828450,0.15741,430.18480036,0
1505803753,21828379,0.15676,88.39050000,0
1505803752,21828377,0.15675,216.40594000,1
1505803626,21828243,0.15699,3138.75740000,0
1505803552,21828092,0.15660,215.92334000,1
1505803332,21827638,0.15647,798.83326382,0
1505803232,21827413,0.15684,296.83263433,0
1505803232,21827411,0.15683,1131.97205000,0
1505803146,21827124,0.15639,308.84100000,0
1505803146,21827121,0.15639,821.50800000,0
1505803124,21827082,0.15617,2338.85000000,0
1505802925,21826775,0.15629,1570.00000000,1
1505802730,21826593,0.15612,988.97031346,1
1505802730,21826592,0.15613,1311.02968654,1
1505802627,21826556,0.15716,660.09569865,0
1505802561,21826523,0.15617,1595.13514300,1
1505802449,21826425,0.15699,1785.72070000,0
1505802449,21826424,0.15698,1314.27930000,0
1505802418,21826407,0.15617,551.00000000,0
1505802379,21826386,0.15644,1320.41210000,0
1505802219,21826281,0.15619,752.83255053,1
1505802213,21826279,0.15617,214.95914087,1
1505801947,21826143,0.15836,2667.81778000,0
1505801946,21826142,0.15835,5000.00000000,1
1505801946,21826141,0.15756,14107.81477000,0
1505801946,21826140,0.15741,725.16568000,0
1505801946,21826138,0.15721,3625.82839000,0
1505801945,21826137,0.15720,2500.00000000,1
1505801945,21826135,0.15719,10273.37338000,1
1505801944,21826133,0.15715,2500.00000000,0
1505801871,21826062,0.15620,1756.85334110,0
1505801833,21826035,0.15620,127.72163892,0
1505801384,21825712,0.15550,28747.80365600,1
1505801350,21825683,0.15550,1043.58252600,1
1505801350,21825682,0.15550,2208.61381800,1
1505801179,21825435,0.15564,116.22976000,1
1505801165,21825362,0.15570,92.31987270,1
1505801126,21825325,0.15570,1051.32174600,1
1505801116,21825318,0.15570,4000.00000000,0
1505801057,21825245,0.15566,1239.74878400,0
1505801023,21825190,0.15564,4099.70081250,0
1505801022,21825189,0.15560,1974.56088115,0
1505801020,21825181,0.15560,301.88044885,0
1505801007,21825155,0.15561,1035.31002424,0
1505801001,21825129,0.15566,641.01554670,0
1505800982,21825074,0.15570,469.43128008,1
1505800980,21825073,0.15569,4150.40834000,0
1505800916,21824936,0.15561,575.08289955,0
1505800915,21824934,0.15560,1348.66830000,0
1505800869,21824836,0.15540,944.37141900,0
1505800818,21824741,0.15510,551.00000000,0
1505800689,21824517,0.15463,670.99999992,1
1505800689,21824516,0.15463,273.37141908,1
1505800686,21824510,0.15463,1844.79650092,1
1505800686,21824508,0.15464,5240.14546000,1
1505800686,21824507,0.15465,944.37141908,1
1505800595,21824199,0.15463,5486.75685000,1
1505800553,21824114,0.15463,6502.89000000,1
1505800528,21824071,0.15518,80.35068952,0
1505800489,21824011,0.15521,89.97538818,0
1505800301,21823698,0.15500,1060.64256094,0
1505800300,21823697,0.15500,1290.00000000,1
1505800300,21823696,0.15500,5913.06715806,1
1505800299,21823694,0.15501,4899.39626275,1
1505800299,21823692,0.15501,362.38839825,1
1505800218,21823564,0.15501,287.61160175,1
1505799935,21823148,0.15537,500.90000000,0
1505799804,21822960,0.15501,358.25114100,1
1505799796,21822939,0.15501,1601.44539100,1
1505799791,21822923,0.15597,6699.32520900,0
1505799781,21822893,0.15782,6715.67399753,0
1505799781,21822891,0.15781,5000.00000000,1
1505799781,21822889,0.15620,2536.10082771,0
1505799780,21822888,0.15577,765.06458000,1
1505799780,21822887,0.15577,3825.32291000,1
1505799780,21822886,0.15551,12184.30877741,0
1505799778,21822880,0.15501,154.00000000,0
1505799778,21822878,0.15501,3819.52890735,0
1505799724,21822822,0.15501,231.66389265,0
1505799619,21822683,0.15500,975.00000000,1
1505799601,21822658,0.15500,88.62582000,1
1505799567,21822621,0.15500,4595.45464000,1
1505799557,21822591,0.15500,1298.69109163,1
1505799557,21822590,0.15500,90.00000000,1
1505799556,21822588,0.15500,200.00000000,1
1505799556,21822586,0.15500,1355.69903225,1
1505799556,21822585,0.15500,1058.00000000,1
1505799556,21822584,0.15500,193.06451612,1
1505799556,21822583,0.15500,400.00000000,1
1505799504,21822452,0.15500,4127.00000000,1
1505799504,21822449,0.15500,1750.00000000,1
1505799504,21822447,0.15500,2886.50758064,1
1505799504,21822446,0.15500,321.77419354,1
1505799503,21822444,0.15500,550.00000000,1
1505799503,21822442,0.15500,2980.00000000,1
1505799503,21822440,0.15500,3884.27183077,1
1505799503,21822439,0.15500,3279.35255633,1
1505799503,21822437,0.15500,200.00000000,1
1505799502,21822436,0.15500,1000.00000000,1
1505799502,21822435,0.15500,7967.59085167,1
1505799498,21822419,0.15500,32.40914833,1
1505799498,21822418,0.15500,50.00000000,1
1505799498,21822416,0.15500,166.09085167,1
1505799483,21822386,0.15500,1833.90914833,1
1505799482,21822385,0.15500,362.95498767,1
1505799482,21822382,0.15501,2220.64645000,1
1505799434,21822296,0.15500,5046.63017400,1
1505799359,21822221,0.15500,4804.11030800,1
1505799356,21822219,0.15500,1775.47387000,1
1505799356,21822218,0.15501,2224.52613000,1
1505799355,21822213,0.15500,1172.41462493,1
1505799355,21822211,0.15500,7939.44837507,1
1505799354,21822209,0.15500,2397.81154751,1
1505799354,21822208,0.15500,1500.00000000,1
1505799354,21822206,0.15500,15.00000000,1
1505799354,21822205,0.15502,102.95445749,1
1505799345,21822188,0.15501,2458.18935000,1
1505799345,21822187,0.15502,2026.69260456,1
1505799306,21822147,0.15502,2203.35507400,1
1505799291,21822134,0.15502,1110.22066000,1
1505799195,21821999,0.15502,0.00005130,0
1505799195,21821997,0.15502,5333.02572973,0
1505799193,21821989,0.15502,25750.95978379,0
1505799191,21821988,0.15502,93.13372632,1
1505799137,21821931,0.15502,906.86627368,1
1505799137,21821929,0.15505,93.13372632,1
1505799137,21821927,0.15505,1893.41063900,1
1505799080,21821888,0.15505,4107.92477720,1
1505799080,21821887,0.15505,258.51443000,1
1505799080,21821886,0.15505,60.20000000,1
1505799080,21821884,0.15505,522.76483480,1
1505799079,21821883,0.15505,0.05159268,1
1505799079,21821881,0.15506,3292.17850032,1
1505799020,21821752,0.15506,12105.68039300,1
1505799020,21821751,0.15512,500.00000000,1
1505799018,21821750,0.15540,600.00000000,1
1505799012,21821748,0.15541,2051.28214600,1
1505798927,21821720,0.15541,5988.48939000,1
1505798927,21821719,0.15541,3565.95419800,1
1505798921,21821718,0.15541,2051.28214600,1
1505798790,21821621,0.15541,380.00000000,1
1505798790,21821620,0.15550,450.00000000,1
1505798789,21821614,0.15553,380.00000000,1
1505798759,21821575,0.15557,3302.40124100,1
1505798716,21821514,0.15557,1316.82000500,1
1505798716,21821513,0.15557,2729.77916100,1
1505798716,21821512,0.15557,835.99959300,1
1505798696,21821502,0.15560,3108.90302634,1
1505798696,21821501,0.15560,3302.40124100,1
1505798671,21821472,0.15597,2000.00000000,0
1505798669,21821470,0.15573,89.85874669,1
1505798667,21821466,0.15573,210.14125331,1
1505798667,21821464,0.15575,131.62000000,1
1505798667,21821461,0.15600,51.15300000,1
1505798667,21821459,0.15600,3866.59864369,1
1505798599,21821392,0.15600,817.43116400,1
1505798587,21821374,0.15611,32.68708792,1
1505798587,21821373,0.15611,32.68708792,1
1505798585,21821372,0.15620,0.00006439,1
1505798585,21821369,0.15620,2537.36888605,1
1505798564,21821350,0.15620,11428.64510956,1
1505798564,21821349,0.15627,2.49389044,1
1505798547,21821340,0.15627,31.18883590,1
1505798546,21821339,0.15627,0.00000340,1
1505798546,21821338,0.15627,31.85716000,1
1505798546,21821337,0.15627,32.44884788,1
1505798546,21821336,0.15627,32.44884788,1
1505798546,21821335,0.15627,896.39327400,1
1505798546,21821333,0.15627,2369.98679900,1
1505798546,21821332,0.15627,1333.67472500,1
1505798545,21821330,0.15627,259.70046703,1
1505798520,21821291,0.15627,10344.04136197,1
1505798520,21821290,0.15627,656.96798600,1
1505798520,21821289,0.15627,154.24069803,1
1505798444,21821198,0.15627,922.02396211,1
1505798444,21821197,0.15627,1494.76818889,1
1505798437,21821171,0.15627,798.90823600,1
1505798435,21821163,0.15627,7440.34355900,1
1505798365,21820990,0.15627,700.70529611,1
1505798365,21820988,0.15642,200.00000000,1
1505798364,21820986,0.15653,99.29470389,1
1505797898,21820635,0.15675,1020.00000000,1
1505797897,21820634,0.15676,1008.55556000,1
1505797897,21820633,0.15681,100.00000000,1
1505797897,21820632,0.15699,871.30291800,1
1505797866,21820571,0.15699,1151.03004700,1
1505797839,21820528,0.15699,871.30291800,1
1505797714,21820467,0.15790,6317.28942368,0
1505797673,21820422,0.15699,4544.64680200,1
1505797635,21820356,0.15699,1500.00000000,1
1505797563,21820318,0.15699,3105.99999900,1
1505797522,21820303,0.15699,1851.45205600,1
1505797522,21820302,0.15699,2000.00000000,1
1505797522,21820301,0.15700,1500.00000000,1
1505797522,21820300,0.15700,650.00000000,1
1505797397,21820223,0.15703,2482.90870000,0
1505797397,21820222,0.15703,154.00000000,0
1505797391,21820213,0.15707,3150.00000000,1
1505797391,21820212,0.15710,1100.00000000,1
1505797388,21820195,0.15713,2208.76292300,1
1505797359,21820169,0.15713,1311.91120000,0
1505797311,21820140,0.15712,2500.00000000,1
1505797258,21820117,0.15711,1324.20520000,0
1505797166,21820021,0.15760,2816.56262690,0
1505796845,21819758,0.15713,16.34878828,1
1505796845,21819757,0.15727,318.70000000,1
1505796845,21819756,0.15727,359.00000000,1
1505796844,21819755,0.15730,606.56200825,1
1505796844,21819754,0.15750,3405.00000000,1
1505796844,21819753,0.15750,94.38920347,1
1505796838,21819724,0.15756,273.60103764,1
1505796838,21819720,0.15756,7396.41163800,1
1505796837,21819717,0.15756,3249.38920300,1
1505796837,21819716,0.15770,250.00000000,1
1505796811,21819644,0.15778,2141.99411700,1
1505796811,21819643,0.15778,6671.98420000,1
1505796811,21819641,0.15778,600.00000000,1
1505796809,21819628,0.15779,1823.38480000,1
1505796809,21819625,0.15779,4848.59940000,1
1505796801,21819567,0.15779,1000.00000000,1
1505796769,21819463,0.15779,6031.71323300,1
1505796763,21819432,0.15778,2457.85942700,1
1505796763,21819431,0.15779,4128.70072000,1
1505796729,21819236,0.15778,1954.32145600,1
1505796729,21819232,0.15785,201.14000000,1
1505796729,21819229,0.15800,1774.52639600,1
1505796728,21819225,0.15800,3225.47360400,1
1505796588,21818823,0.15801,1500.00000000,1
1505796430,21818628,0.15846,4909.68538600,1
1505796407,21818580,0.15846,90.31461400,1
1505796392,21818568,0.15880,158.35635900,0
1505796391,21818567,0.15880,2500.00000000,0
1505796387,21818562,0.15882,2749.21314364,0
1505796345,21818490,0.15886,230.44485711,0
1505796154,21818415,0.15887,1143.82174104,0
1505796153,21818414,0.15867,112.00000000,0
1505795001,21817745,0.15846,112.00000000,0
1505794896,21817683,0.15802,1000.00000000,1
1505794663,21817561,0.15808,168.44074700,0
1505794662,21817560,0.15826,132.00000000,1
1505794602,21817522,0.15891,377.37832735,0
1505794463,21817447,0.15918,45.00000000,0
1505794244,21817391,0.15975,13115.43987480,1
1505794242,21817389,0.15876,35.00000000,0
1505793992,21817244,0.15876,1308.92383000,1
1505793974,21817222,0.15896,2304.78225350,0
1505793694,21817091,0.15913,2475.46228142,0
1505793690,21817071,0.15876,6.53172000,0
1505793689,21817060,0.15876,1299.81228000,0
1505793687,21817048,0.15851,112.00000000,0
1505793300,21816884,0.15906,620.09260000,0
1505793300,21816883,0.15903,3796.90740000,0
1505792710,21816704,0.15818,89.00000000,0
1505792654,21816668,0.15782,748.73323170,1
1505791926,21816530,0.15869,226.79229945,0
1505791925,21816526,0.15826,89.00000000,0
1505790576,21815846,0.15793,200.00000000,1
1505790574,21815842,0.15800,0.00002400,1
1505790573,21815841,0.15800,173.56720000,1
1505790569,21815829,0.15800,1826.43277600,1
1505790569,21815828,0.15800,2047.22123800,1
1505790387,21815714,0.15800,1117.33572200,1
1505790387,21815713,0.15800,50.00000000,1
1505790387,21815712,0.15800,137.25837800,1
1505790385,21815711,0.15800,226.89646500,1
1505790381,21815707,0.15800,135.84515700,1
1505790381,21815706,0.15800,663.00000000,1
1505790381,21815705,0.15800,2957.00000000,1
1505790372,21815687,0.15801,3863.62803148,0
1505790371,21815681,0.15801,1783.36461400,0
1505790371,21815680,0.15801,8502.37490000,0
1505790371,21815679,0.15801,1286.30947792,0
1505790368,21815668,0.15800,200.00000000,1
1505790367,21815665,0.15805,200.00000000,1
1505790367,21815664,0.15814,1992.88961500,1
1505790367,21815663,0.15814,1300.37795630,1
1505790367,21815662,0.15814,1247.47405378,1
1505790366,21815661,0.15814,2475.32379700,1
1505790363,21815656,0.15850,1906.20047318,1
1505790363,21815655,0.15850,1162.00000000,1
1505790363,21815654,0.15852,4857.35242000,1
1505790362,21815653,0.15852,1565.96851000,1
1505790362,21815652,0.15858,8434.03149000,1
1505790362,21815651,0.15858,5322.37787000,1
1505790362,21815649,0.15859,4503.62213000,1
1505790362,21815648,0.15885,174.00000000,1
1505790252,21815604,0.15958,1357.90000000,0
1505790155,21815578,0.15931,89.00000000,0
1505789986,21815505,0.15965,2117.25472000,0
1505789986,21815504,0.15965,1579.76257000,0
1505789986,21815503,0.15965,1621.06060000,0
1505789494,21815309,0.15952,3126.58669759,0
1505789377,21815217,0.15934,1903.53330000,0
1505789377,21815215,0.15907,340.00000000,0
1505788743,21814847,0.15904,3136.02307596,0
1505788271,21814486,0.15880,1257.42789672,1
1505788271,21814485,0.15883,900.00000000,1
1505788271,21814484,0.15884,3545.93496000,1
1505788267,21814470,0.15900,100.00000000,1
1505788267,21814469,0.15900,6000.00000000,1
1505788267,21814467,0.15900,124.00000000,1
1505788267,21814466,0.15900,1250.16767132,1
1505788267,21814465,0.15900,417.00214000,1
1505788266,21814464,0.15900,35.00000000,1
1505788266,21814463,0.15900,50.00000000,1
1505788266,21814462,0.15900,9497.99786000,1
1505788266,21814461,0.15900,10000.00000000,1
1505788242,21814407,0.15901,340.00000000,1
1505787600,21813794,0.15901,140.00000000,1
1505787117,21813600,0.15919,100.00000000,0
1505787077,21813582,0.15919,100.00000000,0
1505786646,21813186,0.15935,0.00003319,1
1505786645,21813185,0.15935,407.07489000,1
1505786645,21813184,0.15938,5781.04551000,1
1505786315,21812932,0.15990,50.00000000,1
1505786283,21812917,0.16000,8579.58980000,1
1505785735,21812590,0.16001,725.56369100,1
1505785349,21812337,0.16001,2415.20108000,1
1505785335,21812333,0.16000,6164.38875000,0
1505785287,21812327,0.15970,55.80000000,0
1505784835,21812047,0.15938,50.00000000,1
1505784725,21811953,0.15967,905.98721100,0
1505784638,21811915,0.15938,3928.15712000,1
1505784628,21811906,0.15938,3928.15712000,1
1505784194,21811453,0.15950,3025.19850000,1
1505784181,21811374,0.15992,3924.89540208,0
1505784181,21811373,0.15992,5570.87897832,0
1505784180,21811370,0.16000,4429.12102168,1
1505784180,21811369,0.16000,10000.00000000,1
1505784180,21811368,0.16000,3868.99906000,1
1505784180,21811367,0.16000,3125.00000000,1
1505784180,21811365,0.16000,500.00000000,1
1505784180,21811364,0.16000,2506.00094000,1
1505784180,21811363,0.16000,10000.00000000,1
1505784179,21811362,0.16000,10000.00000000,1
1505784179,21811361,0.16000,10000.00000000,1
1505784178,21811343,0.16000,10000.00000000,1
1505784178,21811337,0.16000,10000.00000000,1
1505784178,21811331,0.16000,10000.00000000,1
1505784178,21811322,0.16000,10000.00000000,1
1505784178,21811320,0.16000,10000.00000000,1
1505784177,21811319,0.16000,10000.00000000,1
1505784177,21811318,0.16000,6790.79906000,1
1505784177,21811317,0.16001,3209.20094000,1
1505784167,21811269,0.16000,703.20000000,1
1505784161,21811236,0.16001,3456.00000000,1
1505784160,21811223,0.16017,2285.46687200,0
1505784159,21811209,0.16018,251.51331200,0
1505784159,21811208,0.16017,3401.57581100,0
1505784156,21811196,0.16019,3618.14967000,1
1505784155,21811190,0.16019,10000.00000000,1
1505784148,21811158,0.16030,1756.00000000,1
1505784126,21811058,0.16032,41.25865402,0
1505784119,21811041,0.16034,412.67306972,0
1505784112,21811030,0.16036,55.80000000,0
1505783620,21810613,0.16060,2000.00000000,1
1505783536,21810568,0.16081,1028.41382400,0
1505783529,21810567,0.16080,3467.67859000,1
1505783352,21810460,0.16084,2500.00000000,1
1505783321,21810443,0.16080,706.26326000,0
1505783321,21810442,0.16069,62.00000000,0
1505782264,21809552,0.16030,2853.00000000,1
1505782178,21809349,0.16054,9.15411514,1
1505782176,21809343,0.16068,95.84588486,1
1505782174,21809334,0.16068,524.95321895,1
1505782161,21809313,0.16096,624.67693837,1
1505782161,21809311,0.16100,51.00000000,1
1505781963,21808711,0.16256,174.60000000,1
1505781772,21808548,0.16258,4085.49019308,0
1505781769,21808537,0.16258,1141.73745550,1
1505781766,21808529,0.16300,200.00000000,1
1505781698,21808487,0.16346,11.00000000,0
1505781698,21808486,0.16324,39.00000000,0
1505781529,21808279,0.16368,1960.13206100,0
1505781488,21808215,0.16315,826.36459000,0
1505781403,21808079,0.16325,161.42010000,1
1505781393,21808062,0.16378,0.00000048,0
1505781393,21808061,0.16375,6094.46914252,0
1505781345,21808015,0.16375,258.51443000,0
1505781229,21807913,0.16375,60.20000000,0
1505781203,21807895,0.16374,240.71211000,1
1505781203,21807894,0.16318,500.00000000,0
1505781152,21807836,0.16324,2500.00000000,1
1505781021,21807764,0.16346,39.00000000,0
1505780426,21807234,0.16307,114.87881000,1
1505780413,21807224,0.16307,394.00000000,1
1505780400,21807212,0.16307,3528.62119000,1
1505780387,21807210,0.16308,3528.62119000,1
1505779768,21806718,0.16374,192.25601563,0
1505779559,21806363,0.16375,522.81642748,0
1505779558,21806362,0.16370,1538.70243000,0
1505779558,21806361,0.16362,1285.98600000,0
1505779558,21806360,0.16348,2323.50000000,0
1505779556,21806357,0.16331,39.00000000,0
