date,tid,price,amount,type
1505865600,21884384,0.18450,392.29081000,1
1505865571,21884332,0.18450,14301.01069098,1
1505865571,21884331,0.18451,201.34725738,1
1505865571,21884330,0.18452,7267.07008000,1
1505865560,21884314,0.18451,1344.21422400,1
1505865542,21884282,0.18451,759.36263618,1
1505865541,21884281,0.18451,9240.63736382,1
1505865369,21884181,0.18451,7286.75573009,1
1505865369,21884180,0.18451,213.24426991,1
1505865369,21884179,0.18452,2500.00000000,1
1505865315,21884167,0.18460,534.84918743,0
1505865315,21884166,0.18479,213.72278421,1
1505865315,21884165,0.18480,100.00000000,1
1505864912,21884063,0.18555,3077.18000000,0
1505864705,21883978,0.18616,53.57967700,0
1505864695,21883968,0.18505,4222.87293600,0
1505864694,21883967,0.18509,751.86738800,1
1505864694,21883966,0.18509,189.95455200,1
1505864692,21883964,0.18509,10720.14325200,1
1505864688,21883960,0.18509,484.81874800,1
1505864595,21883917,0.18649,2640.26567853,0
1505864595,21883916,0.18625,213.72278421,0
1505864595,21883915,0.18624,177.11759000,0
1505864595,21883914,0.18623,885.58796000,0
1505864595,21883913,0.18597,213.24426991,0
1505864595,21883912,0.18580,5302.70667800,0
1505864595,21883911,0.18569,63.12941975,0
1505864453,21883872,0.18569,149.63643707,0
1505864453,21883871,0.18567,1.32000000,0
1505864452,21883870,0.18541,212.28783910,0
1505864452,21883869,0.18537,1000.00000000,0
1505864452,21883868,0.18513,211.81022704,0
1505864450,21883866,0.18500,255.01793000,0
1505864403,21883849,0.18491,64.70918900,0
1505864348,21883822,0.18500,52557.78038000,0
1505864348,21883821,0.18499,1052.18372000,0
1505864348,21883820,0.18499,1339.65690000,0
1505864305,21883785,0.18449,1376.37000000,1
1505864303,21883783,0.18449,1376.37000000,1
1505864188,21883752,0.18500,123393.13165000,0
1505864188,21883751,0.18499,1250.11926000,0
1505864188,21883750,0.18499,5340.67276100,0
1505864110,21883691,0.18499,53.92723900,0
1505864083,21883681,0.18499,1408.53615840,0
1505863959,21883635,0.18500,1234.07004000,0
1505863959,21883634,0.18499,678.39041000,0
1505863958,21883633,0.18498,0.53955000,0
1505863886,21883607,0.18498,2104.00000000,0
1505863871,21883598,0.18498,7067.16500000,0
1505863871,21883597,0.18498,10728.11016000,0
1505863856,21883592,0.18498,2500.00000000,0
1505863837,21883587,0.18498,2500.00000000,0
1505863819,21883585,0.18498,2500.00000000,0
1505863803,21883581,0.18498,1500.00000000,0
1505863801,21883580,0.18498,2500.00000000,0
1505863787,21883556,0.18498,17057.81905000,0
1505863786,21883555,0.18497,806.00841000,0
1505863771,21883548,0.18498,1542.36624000,0
1505863771,21883547,0.18497,957.63376000,0
1505863768,21883546,0.18497,1137.78268000,0
1505863643,21883506,0.18497,1351.00000000,0
1505863527,21883443,0.18497,1605.96953000,0
1505863434,21883413,0.18497,30.00000000,0
1505863351,21883363,0.18449,1188.35207541,0
1505863348,21883354,0.18467,377.30400000,1
1505863348,21883353,0.18478,342.42652459,1
1505863346,21883344,0.18450,1544.59347541,0
1505863345,21883341,0.18450,5995.38807900,0
1505863345,21883340,0.18450,20381.92887300,0
1505863345,21883339,0.18450,1339.92300000,0
1505863344,21883335,0.18450,14827.52837400,0
1505863344,21883334,0.18450,3031.49107839,0
1505863344,21883332,0.18449,1544.59347561,0
1505863344,21883331,0.18449,722.43535439,0
1505863337,21883287,0.18431,57.56521700,1
1505863279,21883236,0.18450,2500.00000000,0
1505863272,21883220,0.18450,379.14712020,0
1505863268,21883198,0.18459,457.00000000,0
1505863201,21883091,0.18412,36.12077000,1
1505863107,21882993,0.18498,127.53281436,0
1505862784,21882723,0.18500,15967.64570000,0
1505862784,21882722,0.18499,2693.49960000,0
1505862784,21882721,0.18491,1338.85470000,0
1505862771,21882712,0.18489,5000.00000000,0
1505862755,21882699,0.18411,68.20732200,1
1505862753,21882698,0.18420,11.79267800,1
1505862751,21882691,0.18420,111.47878856,1
1505862749,21882686,0.18450,0.00000016,1
1505862709,21882616,0.18450,2710.99999984,1
1505862708,21882615,0.18489,0.00010816,1
1505862694,21882606,0.18500,9813.58296502,0
1505862694,21882603,0.18499,3941.70674000,0
1505862693,21882601,0.18496,10486.23259084,1
1505862693,21882600,0.18496,1320.59810000,0
1505862691,21882594,0.18489,4999.99989184,1
1505862658,21882548,0.18494,319.67599443,0
1505862625,21882534,0.18491,2500.00000000,0
1505862623,21882533,0.18455,1760.00000000,1
1505862621,21882532,0.18455,18240.00000000,1
1505862607,21882524,0.18491,2188.04056061,0
1505862607,21882523,0.18491,311.95943939,0
1505862604,21882520,0.18491,64.74068500,0
1505862366,21882413,0.18421,11783.28558300,1
1505862256,21882363,0.18420,57.56521700,1
1505862233,21882361,0.18493,2500.00000000,0
1505862008,21882203,0.18460,200.59309922,0
1505862006,21882196,0.18460,220.28612810,0
1505862002,21882190,0.18494,186.35557478,0
1505862000,21882184,0.18421,511.28731000,1
1505861975,21882169,0.18420,311.78884000,1
1505861970,21882164,0.18420,616.61200500,1
1505861970,21882163,0.18420,185.66153444,1
1505861970,21882158,0.18420,112.10093700,1
1505861953,21882113,0.18498,2722.16858300,0
1505861953,21882112,0.18497,9061.11700000,0
1505861651,21881901,0.18499,639.00000000,0
1505861613,21881895,0.18498,256.73495000,0
1505861608,21881890,0.18498,236.68909000,0
1505861316,21881784,0.18499,2717.98217000,0
1505861234,21881765,0.18499,2500.00000000,0
1505861165,21881747,0.18499,426.00000000,0
1505861112,21881717,0.18499,492.74074274,0
1505860976,21881639,0.18497,1348.00000000,0
1505860959,21881636,0.18498,1346.00000000,0
1505860909,21881631,0.18499,2500.00000000,0
1505860803,21881573,0.18472,64.71268700,0
1505860306,21881390,0.18480,22559.07842200,0
1505860299,21881389,0.18475,7762.22223085,0
1505860299,21881388,0.18460,50000.00000000,0
1505860299,21881387,0.18459,4497.09028000,0
1505860299,21881386,0.18458,4016.21867400,0
1505860214,21881326,0.18458,500.00000000,0
1505860182,21881292,0.18458,483.78132600,0
1505860095,21881217,0.18477,257.57518000,0
1505860081,21881198,0.18479,256.08974359,0
1505860080,21881193,0.18479,256.17430596,0
1505859952,21881111,0.18350,17105.91130770,1
1505859952,21881110,0.18350,55.00299678,1
1505859952,21881109,0.18352,16325.97291848,1
1505859951,21881108,0.18367,211.81022704,1
1505859951,21881107,0.18368,4747.57935000,1
1505859951,21881106,0.18370,1553.72320000,0
1505859854,21881072,0.18479,1615.47535040,0
1505859736,21880970,0.18372,56.93373800,1
1505859733,21880965,0.18408,1329.23570000,1
1505859733,21880964,0.18408,2874.00000000,1
1505859613,21880908,0.18449,576.00000000,0
1505859497,21880865,0.18409,1252.59700000,1
1505859495,21880860,0.18467,0.40300000,1
1505859154,21880729,0.18497,1044.64355000,1
1505859139,21880708,0.18498,0.00000300,1
1505859138,21880702,0.18498,3682.23757700,0
1505859002,21880617,0.18498,64.71618600,0
1505858954,21880596,0.18500,78749.12932041,0
1505858954,21880595,0.18497,16239.93079959,0
1505858954,21880594,0.18496,4010.93988000,0
1505858732,21880449,0.18492,2339.96352100,1
1505858657,21880412,0.18492,56.60932900,1
1505858622,21880393,0.18492,2456.79956197,1
1505858546,21880376,0.18445,576.00000000,0
1505858400,21880284,0.18416,801.28731000,1
1505858373,21880273,0.18499,2513.35131000,0
1505858360,21880267,0.18499,499.03399000,0
1505858357,21880266,0.18499,2500.00000000,0
1505858346,21880260,0.18499,10881.88707183,0
1505858346,21880259,0.18498,2842.20783000,0
1505858346,21880258,0.18497,11429.31364000,0
1505858340,21880256,0.18497,584.00000000,0
1505858322,21880250,0.18497,2500.00000000,0
1505858150,21880170,0.18499,531.25512000,0
1505858119,21880159,0.18496,579.00000000,0
1505858105,21880153,0.18499,11166.21990875,0
1505858104,21880151,0.18496,3485.80138000,0
1505858078,21880131,0.18496,587.00000000,0
1505858069,21880127,0.18496,976.14954585,0
1505857961,21880094,0.18488,469.00000000,0
1505857960,21880093,0.18488,44.00000000,0
1505857928,21880076,0.18492,1078.85161151,0
1505857910,21880069,0.18496,469.00000000,0
1505857904,21880068,0.18391,28.00000000,1
1505857826,21880028,0.18486,470.00000000,0
1505857793,21880006,0.18383,14873.00783000,1
1505857793,21880005,0.18383,5126.99217000,1
1505857742,21879932,0.18399,21684.34396000,0
1505857741,21879931,0.18399,41719.99900000,0
1505857741,21879930,0.18399,16595.65704000,1
1505857621,21879884,0.18379,714.90933008,0
1505857621,21879882,0.18395,212.28783910,1
1505857621,21879881,0.18400,600.00000000,1
1505857620,21879880,0.18400,706.21915760,1
1505857620,21879879,0.18400,87.00000000,1
1505857620,21879878,0.18400,200.95623456,1
1505857620,21879876,0.18401,1330.36460000,1
1505857618,21879875,0.18439,1530.02483866,1
1505857593,21879842,0.18498,1326.25950000,0
1505857586,21879838,0.18498,4319.80625980,0
1505857358,21879701,0.18499,803.26344850,0
1505857355,21879698,0.18499,2.83216791,1
1505857352,21879692,0.18499,3029.33503000,0
1505857321,21879670,0.18400,49.04376544,1
1505857321,21879669,0.18400,33.64877837,1
1505857321,21879668,0.18400,38.00000000,1
1505857321,21879667,0.18400,38.00000000,1
1505857320,21879666,0.18401,11789.77800000,0
1505857320,21879664,0.18410,35.00000000,1
1505857320,21879663,0.18415,1105.00000000,1
1505857319,21879662,0.18420,600.00000000,1
1505857319,21879661,0.18423,212.76585682,1
1505857319,21879660,0.18424,2354.77410000,0
1505857318,21879658,0.18437,3743.98949937,1
1505857203,21879562,0.18468,64.71268700,0
1505857159,21879550,0.18499,524.00000000,0
1505857029,21879399,0.18535,2854.21083850,0
1505856997,21879313,0.18545,2500.00000000,0
1505856989,21879302,0.18440,7058.56794266,1
1505856988,21879301,0.18440,600.00000000,1
1505856988,21879300,0.18451,213.24426991,1
1505856988,21879299,0.18455,143.30129783,1
1505856988,21879298,0.18456,1480.66087000,1
1505856987,21879297,0.18470,33810.00000000,1
1505856987,21879296,0.18500,5381.75541621,1
1505856986,21879294,0.18546,438.00000000,1
1505856927,21879249,0.18549,2187.13250452,0
1505856927,21879248,0.18548,3189.35647300,0
1505856786,21879130,0.18589,1883.00000000,1
1505856774,21879126,0.18606,1021.61218187,0
1505856661,21879078,0.18589,1416.65307440,0
1505856611,21879050,0.18495,199.99999965,1
1505856611,21879049,0.18517,538.74817735,1
1505856611,21879048,0.18541,50.00000000,1
1505856543,21879009,0.18620,20339.19404607,1
1505856543,21879008,0.18619,7212.66352200,1
1505856542,21879007,0.18616,897.05669000,0
1505856542,21879006,0.18616,6551.67200000,1
1505856542,21879005,0.18615,3606.33176100,1
1505856541,21879003,0.18567,3606.51832400,0
1505856428,21878942,0.18598,2235.00000000,0
1505856257,21878803,0.18610,41.50000000,1
1505856257,21878802,0.18610,241.25267100,1
1505856135,21878758,0.18610,57.23342900,1
1505856063,21878740,0.18620,10130.81178959,0
1505856063,21878738,0.18619,319.55719000,0
1505856035,21878708,0.18619,76.33171000,1
1505856022,21878700,0.18619,450.18219000,1
1505856022,21878699,0.18610,298.48610000,0
1505856009,21878694,0.18610,567.51390000,0
1505855942,21878655,0.18619,238.62568397,1
1505855929,21878647,0.18619,579.75990000,1
1505855916,21878630,0.18619,688.82365000,1
1505855903,21878613,0.18619,818.40433000,1
1505855900,21878612,0.18619,3896.36411700,1
1505855890,21878606,0.18619,972.36158000,1
1505855882,21878602,0.18619,1155.28109000,0
1505855815,21878530,0.18600,81.00000000,1
1505855808,21878525,0.18600,144.92750000,1
1505855743,21878459,0.18619,800.00000000,0
1505855573,21878378,0.18623,456.00000000,0
1505855532,21878365,0.18579,84.00000000,1
1505855403,21878254,0.18599,64.36475100,0
1505855358,21878219,0.18599,1642.00000000,0
1505855340,21878214,0.18599,1951.00000000,0
1505855323,21878200,0.18599,2318.00000000,0
1505855283,21878179,0.18551,1000.00000000,0
1505855237,21878110,0.18600,4084.04383000,0
1505855237,21878109,0.18599,2221.86917000,0
1505855149,21878021,0.18595,518.00000000,0
1505855126,21877933,0.18599,96.53803968,0
1505855082,21877886,0.18599,518.00000000,0
1505855064,21877859,0.18599,2500.00000000,0
1505855056,21877833,0.18527,56.42045500,1
1505855047,21877791,0.18598,2500.00000000,0
1505855029,21877765,0.18598,2500.00000000,0
1505854833,21877569,0.18521,866.00000000,0
1505854707,21877378,0.18588,415.82311168,0
1505854386,21877107,0.18495,462.57934511,0
1505854380,21877095,0.18495,2500.00000000,0
1505854364,21877063,0.18495,300.00000000,1
1505854286,21876974,0.18568,1000.00000000,0
1505854172,21876858,0.18483,437.40025000,1
1505853976,21876659,0.18599,53.63440900,0
1505853974,21876656,0.18600,126.26736559,0
1505853972,21876655,0.18599,1419.67548000,0
1505853866,21876501,0.18580,3424.00000000,0
1505853866,21876499,0.18579,1321.57381991,0
1505853866,21876497,0.18579,659.00000000,0
1505853860,21876484,0.18579,1477.91535482,1
1505853859,21876482,0.18579,1821.67780236,1
1505853858,21876480,0.18576,1344.41420000,0
1505853857,21876479,0.18575,2004.05127000,0
1505853857,21876478,0.18575,156.34137282,0
1505853854,21876472,0.18516,3174.00000000,0
1505853799,21876441,0.18571,1410.91901351,0
1505853798,21876440,0.18550,2177.64921000,0
1505853798,21876439,0.18549,1342.33540000,0
1505853798,21876438,0.18530,2894.66041000,0
1505853796,21876437,0.18520,138.95103700,0
1505853792,21876433,0.18520,3190.94376300,0
1505853774,21876414,0.18455,193.96643217,1
1505853772,21876412,0.18490,806.03356783,1
1505853698,21876339,0.18510,1326.43165900,0
1505853697,21876333,0.18510,2108.56834100,0
1505853649,21876272,0.18490,100000.00000000,1
1505853620,21876242,0.18509,545.39825000,0
1505853607,21876220,0.18520,105.10520000,0
1505853601,21876197,0.18490,51612.22243000,1
1505853595,21876191,0.18530,540.33959000,0
1505853568,21876176,0.18550,1257.35079000,0
1505853492,21876119,0.18504,399.00000000,1
1505853436,21876066,0.18590,1257.35079000,0
1505853396,21876040,0.18580,105.10520000,1
1505853212,21875871,0.18586,3320.74702200,0
1505853212,21875870,0.18585,1321.91860000,0
1505853189,21875849,0.18589,9495.77438040,0
1505853051,21875637,0.18597,213.24426991,0
1505853051,21875636,0.18561,0.00000041,0
1505853001,21875563,0.18561,3991.57398169,0
1505853001,21875562,0.18561,15000.00000000,0
1505853001,21875561,0.18559,1046.20570731,0
1505852987,21875546,0.18556,9642.21699000,0
1505852979,21875528,0.18557,271.77768545,0
1505852975,21875509,0.18500,863.28445754,0
1505852967,21875479,0.18500,294.92827395,0
1505852960,21875464,0.18500,1646.84660000,0
1505852947,21875441,0.18500,514.24457472,0
1505852947,21875439,0.18500,4139.95436000,0
1505852937,21875416,0.18500,514.27102083,0
1505852934,21875409,0.18500,4139.95436000,0
1505852928,21875400,0.18500,158.93952300,0
1505852926,21875398,0.18500,6393.74253300,0
1505852925,21875396,0.18443,384.68936334,1
1505852921,21875386,0.18500,349.03251000,0
1505852907,21875356,0.18500,792.92298973,0
1505852904,21875343,0.18500,2415.56090990,0
1505852903,21875341,0.18500,17237.61783783,0
1505852902,21875340,0.18500,2208.55991498,0
1505852898,21875329,0.18500,2501.91563667,0
1505852897,21875325,0.18499,742.64427027,1
1505852894,21875307,0.18500,1918.51192000,0
1505852892,21875300,0.18500,2499.10678184,0
1505852890,21875288,0.18500,2333.17967557,0
1505852890,21875283,0.18500,37262.67803243,0
1505852886,21875272,0.18500,1340.16441177,0
1505852886,21875269,0.18500,1653.15643500,0
1505852885,21875264,0.18500,7383.36221600,0
1505852884,21875261,0.18500,126.12050800,0
1505852882,21875255,0.18500,9218.06745945,0
1505852882,21875253,0.18500,14822.36763900,0
1505852881,21875247,0.18500,9931.94365100,0
1505852881,21875246,0.18500,640.67290282,0
1505852881,21875245,0.18499,1003.95000518,0
1505852880,21875243,0.18499,2137.81165482,1
1505852880,21875242,0.18500,20647.71606000,0
1505852879,21875237,0.18500,4048.90303600,0
1505852879,21875236,0.18500,15978.04924600,0
1505852877,21875229,0.18500,19310.05212400,0
1505852877,21875227,0.18499,3141.76166000,0
1505852850,21875163,0.18500,6714.17239897,0
1505852848,21875162,0.18499,3732.78613000,0
1505852845,21875157,0.18450,400.00000000,1
1505852807,21875099,0.18497,2500.00000000,0
1505852795,21875089,0.18440,473.49908009,1
1505852795,21875087,0.18441,1905.41880000,1
1505852795,21875086,0.18445,91.83785000,1
1505852793,21875081,0.18450,50.00000000,1
1505852793,21875079,0.18450,179.24426991,1
1505852764,21875053,0.18498,3243.72837900,0
1505852745,21875028,0.18450,13786.75573009,1
1505852743,21875021,0.18451,213.24426991,1
1505852546,21874788,0.18452,4920.70228799,1
1505852546,21874787,0.18466,3242.29659241,1
1505852546,21874786,0.18467,1332.77550000,1
1505852412,21874626,0.18516,1134.85015971,1
1505852275,21874335,0.18556,2459.79737012,1
1505851888,21873880,0.18556,6503.41910537,0
1505851888,21873879,0.18546,505.61851050,0
1505851477,21873314,0.18561,292.21451687,0
1505851431,21873203,0.18534,1224.60738300,1
1505851420,21873193,0.18534,400.00000000,1
1505851406,21873182,0.18549,100.00000000,0
1505851391,21873158,0.18550,7029.51370777,1
1505851389,21873156,0.18593,1000.00000000,0
1505851372,21873125,0.18550,2707.01930100,1
1505851356,21873094,0.18550,1031.57359500,1
1505851351,21873079,0.18466,0.00000339,0
1505851350,21873075,0.18466,3243.91775000,0
1505851349,21873067,0.18466,1336.95680000,0
1505851348,21873066,0.18466,1000.00000000,0
1505851348,21873065,0.18468,1050.50458000,1
1505851348,21873064,0.18500,2635.91330147,1
1505851321,21872982,0.18590,2000.00000000,1
1505851017,21872746,0.18621,205.98964871,1
1505850986,21872726,0.18621,1107.92400000,1
1505850937,21872618,0.18623,45.62118335,0
1505850917,21872591,0.18583,513.50518640,0
1505850899,21872579,0.18500,676.12429026,0
1505850894,21872569,0.18500,1332.82039842,0
1505850890,21872559,0.18500,2013.46000000,0
1505850887,21872555,0.18500,470.26781125,0
1505850886,21872551,0.18500,27.87608108,0
1505850879,21872540,0.18500,2574.92054100,0
1505850877,21872539,0.18500,1390.25598599,0
1505850871,21872535,0.18500,1308.03026287,0
1505850870,21872534,0.18450,14655.15393913,1
1505850870,21872533,0.18451,4190.69458000,1
1505850870,21872532,0.18460,1340.42869666,1
1505850870,21872531,0.18479,213.72278421,1
1505850870,21872530,0.18500,2500.00000000,0
1505850867,21872528,0.18500,40.35277000,0
1505850866,21872526,0.18500,1308.02689960,0
1505850860,21872518,0.18500,1311.54554606,0
1505850857,21872517,0.18500,1242.53598000,0
1505850855,21872514,0.18500,1129.94594594,1
1505850855,21872513,0.18510,2850.79510000,1
1505850855,21872512,0.18510,250.00000000,1
1505850847,21872505,0.18588,512.55766274,0
1505850837,21872503,0.18588,512.37382794,0
1505850827,21872501,0.18590,395.44694217,1
1505850787,21872440,0.18592,4857.23845000,1
1505850786,21872439,0.18601,16460.53399000,1
1505850658,21872292,0.18600,2816.02098900,1
1505850610,21872259,0.18650,98.60589823,0
1505850595,21872246,0.18620,841.92802000,1
1505850530,21872200,0.18640,0.00000031,0
1505850321,21872030,0.18640,19999.99999969,0
1505850321,21872029,0.18625,213.72278421,0
1505850321,21872027,0.18620,2819.00248410,0
1505850304,21872018,0.18620,1308.45220000,0
1505850292,21872008,0.18620,535.98490870,0
1505850292,21872007,0.18620,2299.85752000,0
1505850227,21871911,0.18620,7381.70288720,0
1505850227,21871910,0.18610,54367.00000000,0
1505850227,21871909,0.18610,2708.10521000,1
1505850225,21871904,0.18600,18043.19190280,0
1505850215,21871876,0.18600,539.29928000,0
1505850202,21871864,0.18599,518.81480797,0
1505850179,21871838,0.18600,35784.50881720,0
1505850179,21871837,0.18599,2191.70852300,0
1505850178,21871835,0.18599,1199.40225700,0
1505850177,21871833,0.18590,930.45955241,0
1505850172,21871823,0.18590,395.44694217,0
1505850169,21871817,0.18590,1077.99095500,0
1505850167,21871813,0.18590,512.47886025,0
1505850166,21871810,0.18590,395.44694217,0
1505850162,21871783,0.18590,1057.61000000,0
1505850160,21871777,0.18590,2210.58031400,0
1505850155,21871769,0.18590,11065.16688600,0
1505850155,21871768,0.18589,2322.26546000,0
1505850148,21871758,0.18589,1330.11034600,0
1505850136,21871711,0.18517,6860.00000000,1
1505850133,21871703,0.18590,26358.58771600,0
1505850131,21871696,0.18590,10363.23183200,0
1505850095,21871672,0.18589,190.00000000,0
1505850067,21871635,0.18589,28.44036796,0
1505850051,21871616,0.18588,7530.74922579,0
1505850051,21871615,0.18568,1318.62350000,0
1505850051,21871612,0.18550,1344.53538021,0
1505850048,21871606,0.18550,51145.78730200,0
1505850034,21871600,0.18550,460.00000000,0
1505849975,21871546,0.18500,1000.00000000,1
1505849971,21871543,0.18550,1416.67731779,0
1505849971,21871542,0.18520,8079.09706261,0
1505849925,21871499,0.18500,100.00000000,1
1505849856,21871422,0.18460,431.16759882,0
1505849854,21871419,0.18460,4106.54000000,0
1505849853,21871417,0.18460,4106.54000000,0
1505849852,21871415,0.18460,2240.64356997,0
1505849850,21871408,0.18460,1241.80335700,0
1505849850,21871407,0.18460,5691.13621300,0
1505849850,21871406,0.18460,842.27058100,0
1505849849,21871405,0.18460,1337.74610000,0
1505849849,21871404,0.18460,1379.31379600,0
1505849847,21871400,0.18460,22773.11600000,0
1505849847,21871399,0.18460,600.00000000,1
1505849847,21871398,0.18479,213.72278421,1
1505849847,21871397,0.18480,500.00000000,1
1505849839,21871388,0.18520,2805.79410600,0
1505849835,21871372,0.18520,1335.19478476,0
1505849827,21871348,0.18520,137.01014200,0
1505849785,21871303,0.18520,7820.64060927,0
1505849784,21871302,0.18519,1070.81403173,0
1505849779,21871299,0.18519,460.00000000,0
1505849742,21871279,0.18520,8425.33483336,0
1505849737,21871275,0.18520,460.00000000,0
1505849721,21871266,0.18452,3.79228464,0
1505849721,21871265,0.18480,600.00000000,1
1505849721,21871264,0.18491,82.00604000,1
1505849719,21871262,0.18507,214.20167536,1
1505849714,21871256,0.18520,1098.06500000,0
1505849713,21871255,0.18519,2356.00000000,0
1505849693,21871224,0.18520,3405.86346200,0
1505849656,21871213,0.18549,4582.00000000,0
1505849653,21871211,0.18500,1486.27250573,1
1505849653,21871210,0.18500,53.00000000,1
1505849653,21871209,0.18500,7102.63944167,1
1505849652,21871208,0.18500,45897.36055833,1
1505849652,21871207,0.18500,600.00000000,1
1505849652,21871206,0.18500,145.58108108,1
1505849652,21871205,0.18501,79.22837000,1
1505849651,21871204,0.18501,5973.77286000,1
1505849651,21871203,0.18502,1393.09470000,1
1505849651,21871202,0.18502,53.68000000,1
1505849651,21871201,0.18506,9.60149721,1
1505849651,21871200,0.18535,214.68093338,1
1505849576,21871115,0.18563,215.16054843,1
1505849576,21871111,0.18599,527.00000000,0
1505849574,21871108,0.18594,3605.85899700,1
1505849513,21871003,0.18593,159.68090000,0
1505849466,21870893,0.18600,267.99143200,1
1505849455,21870874,0.18506,2775.79271283,1
1505849455,21870873,0.18506,1331.75868517,0
1505849454,21870872,0.18507,159.68090000,0
1505849454,21870871,0.18510,250.00000000,1
1505849454,21870870,0.18510,35.00000000,1
1505849453,21870869,0.18515,1010.00000000,1
1505849453,21870868,0.18515,100.00000000,1
1505849453,21870866,0.18536,760.69060200,1
1505849453,21870865,0.18536,1577.07710000,0
1505849452,21870861,0.18536,2226.96841800,1
1505849451,21870858,0.18536,1539.80840000,1
1505849451,21870857,0.18537,596.91688000,1
1505849451,21870856,0.18591,215.64051074,1
1505849451,21870855,0.18600,500.00000000,1
1505849330,21870715,0.18668,972.58222359,0
1505849280,21870627,0.18516,15963.62207464,0
1505849279,21870625,0.18518,37.06015768,1
1505849279,21870624,0.18518,248.83579000,0
1505849279,21870621,0.18550,270.00000000,1
1505849279,21870620,0.18550,5000.00000000,1
1505849278,21870618,0.18561,215.00000000,1
1505849278,21870616,0.18561,30.00000000,1
1505849278,21870615,0.18561,1241.07327000,0
1505849278,21870614,0.18583,8611.93609993,1
1505849277,21870609,0.18583,1491.52438230,1
1505849277,21870606,0.18600,3014.43427419,1
1505849277,21870604,0.18600,5000.00000000,1
1505849277,21870602,0.18610,250.00000000,1
1505849277,21870601,0.18610,35.00000000,1
1505849276,21870599,0.18611,587.48568051,1
1505849276,21870597,0.18619,1318.04700000,1
1505849276,21870596,0.18619,216.12081070,1
1505849274,21870593,0.18630,86848.30479705,1
1505849273,21870588,0.18630,37624.56817000,1
1505849272,21870583,0.18631,1371.43183000,1
1505849263,21870570,0.18630,6870.75432200,1
1505849262,21870568,0.18630,20050.00000000,1
1505849256,21870556,0.18630,498484.51288000,1
1505849255,21870555,0.18631,1515.48712000,1
1505849252,21870552,0.18718,7220.91035367,0
1505849223,21870492,0.18741,149.49000000,0
1505849220,21870465,0.18630,3200.00000000,1
1505849218,21870454,0.18630,4678.31452000,1
1505849218,21870453,0.18631,1331.09200000,1
1505849215,21870439,0.18630,24440.16674130,1
1505849215,21870438,0.18631,6434.26587000,1
1505849214,21870437,0.18633,1674.29215000,1
1505849214,21870436,0.18634,1309.80130000,1
1505849205,21870416,0.18753,424.44806441,0
1505849163,21870291,0.18631,1963.11688900,1
1505849160,21870270,0.18631,7682.52327000,1
1505849160,21870268,0.18631,837.44246500,1
1505849160,21870267,0.18632,1458.84225000,1
1505849160,21870266,0.18632,1639.24970000,1
1505849144,21870238,0.18719,11027.77949000,1
1505849143,21870236,0.18719,16436.57741000,0
1505849143,21870235,0.18718,1313.64310000,0
1505849125,21870198,0.18631,1036.64177600,1
1505849125,21870195,0.18632,1949.42110000,1
1505849090,21870120,0.18630,6989.56292700,1
1505849090,21870118,0.18631,1060.50512000,1
1505849081,21870081,0.18633,1069.16378000,1
1505849081,21870080,0.18633,1146.53072000,1
1505849081,21870079,0.18634,854.45608000,1
1505849081,21870078,0.18634,1060.50512000,1
1505849069,21870019,0.18757,26.62739244,0
1505849002,21869832,0.18634,2801.86950000,1
1505849002,21869829,0.18635,2198.13050000,1
1505848997,21869802,0.18735,26.65723740,0
1505848991,21869787,0.18739,26.65296974,0
1505848990,21869781,0.18636,200.00000000,1
1505848974,21869741,0.18640,3206.91760595,0
1505848944,21869628,0.18633,1506.44809774,1
1505848943,21869626,0.18634,2134.68170000,1
1505848915,21869504,0.18640,8930.44106700,0
1505848911,21869497,0.18630,10813.81564265,1
1505848911,21869496,0.18631,2227.40350000,1
1505848911,21869495,0.18631,3084.30784000,1
1505848869,21869315,0.18645,1360.96306000,0
1505848869,21869313,0.18644,3378.40359000,0
1505848863,21869262,0.18645,584.81664000,0
1505848863,21869260,0.18644,4013.94485000,0
1505848841,21869167,0.18644,173.36139953,1
1505848813,21869094,0.18645,4790.60729418,0
1505848811,21869086,0.18645,6924.56336000,0
1505848809,21869084,0.18645,638.17916732,0
1505848808,21869080,0.18645,634.09378961,0
1505848804,21869069,0.18645,1651.71017407,0
1505848803,21869063,0.18645,162.92849528,0
1505848803,21869061,0.18645,8127.19939100,0
1505848803,21869059,0.18644,3593.58009000,0
1505848799,21869050,0.18645,1430.78130725,0
1505848797,21869047,0.18645,2619.92786500,0
1505848793,21869044,0.18645,1430.48167060,0
1505848787,21869040,0.18645,1634.59990000,0
1505848787,21869039,0.18647,216.60143876,1
1505848787,21869038,0.18648,536.25053625,1
1505848763,21869019,0.18699,1581.69201562,0
1505848751,21869013,0.18697,100.00000000,0
1505848681,21868888,0.18700,337.88228882,1
1505848642,21868840,0.18700,500.00000000,0
1505848642,21868839,0.18700,117.18578407,0
1505848624,21868827,0.18700,4029.05000000,0
1505848622,21868823,0.18700,720.83873485,0
1505848622,21868822,0.18675,66.03526515,0
1505848586,21868794,0.18675,2503.96536882,0
1505848584,21868785,0.18675,7000.00000000,0
1505848580,21868778,0.18675,3735.84066847,0
1505848578,21868773,0.18675,1514.34380500,0
1505848578,21868772,0.18675,13030.57544470,0
1505848578,21868770,0.18674,3029.19323000,0
1505848571,21868757,0.18675,800.00000000,0
1505848571,21868756,0.18675,1300.54456686,0
1505848566,21868748,0.18675,426.69488100,0
1505848566,21868746,0.18674,2193.05145000,0
1505848564,21868743,0.18674,1405.99000000,0
1505848543,21868661,0.18675,959.93566298,0
1505848542,21868657,0.18675,217.08238550,1
1505848501,21868588,0.18613,1357.61000655,1
1505848501,21868587,0.18640,28.00000000,1
1505848495,21868572,0.18700,72.96647059,1
1505848495,21868571,0.18703,217.56364158,1
1505848487,21868551,0.18700,12627.03352941,1
1505848487,21868549,0.18701,1033.12888900,1
1505848487,21868548,0.18701,848.06628300,1
1505848487,21868547,0.18703,1322.43330000,1
1505848486,21868544,0.18710,250.00000000,1
1505848486,21868543,0.18710,1595.61189780,1
1505848486,21868542,0.18710,1104.38810220,1
1505848486,21868540,0.18731,218.04519780,1
1505848471,21868457,0.18759,218.52732060,1
1505848442,21868387,0.18787,0.00000374,1
1505848439,21868379,0.18789,4000.00000000,0
1505848425,21868347,0.18787,219.00972000,1
1505848407,21868263,0.18727,208.97199000,1
1505848406,21868259,0.18727,1012.73923800,1
1505848403,21868238,0.18726,1313.69390000,1
1505848403,21868236,0.18745,90.36845000,1
1505848403,21868235,0.18753,83.19841000,1
1505848402,21868228,0.18815,0.00000225,1
1505848390,21868135,0.18815,219.49267000,1
1505848326,21867966,0.18790,1095.75310000,1
1505848326,21867961,0.18800,254.00000000,1
1505848326,21867956,0.18810,250.00000000,1
1505848324,21867951,0.18822,771.25700000,1
1505848324,21867950,0.18825,3000.00000000,1
1505848324,21867949,0.18826,5359.30000000,1
1505848324,21867947,0.18843,4.99128177,1
1505848322,21867942,0.18843,214.98460000,1
1505848302,21867852,0.18900,3416.50997095,1
1505848296,21867828,0.18900,8720.84870200,1
1505848295,21867823,0.18900,9125.17547000,1
1505848294,21867821,0.18900,5419.29619100,1
1505848294,21867819,0.18900,250.00000000,1
1505848293,21867814,0.18900,5324.94358900,1
1505848290,21867808,0.18900,411.17511700,1
1505848285,21867791,0.18900,7405.21995700,1
1505848284,21867785,0.18900,2884.00000000,1
1505848281,21867777,0.18900,192.00000000,1
1505848280,21867773,0.18900,15386.42865000,1
1505848279,21867769,0.18900,667.31100000,1
1505848279,21867766,0.18900,2884.00000000,1
1505848275,21867748,0.18900,10453.29725000,1
1505848275,21867746,0.18900,43500.00000000,1
1505848274,21867744,0.18900,20298.73580200,1
1505848273,21867740,0.18900,2884.00000000,1
1505848269,21867723,0.18900,272.01322200,1
1505848263,21867718,0.18900,1698.61933400,1
1505848262,21867716,0.18900,8832.45258700,1
1505848254,21867700,0.18900,2884.00000000,1
1505848251,21867698,0.18901,3076.00000000,1
1505848242,21867666,0.18900,2884.00000000,1
1505848241,21867655,0.18900,100.00000000,1
1505848239,21867640,0.18900,13062.62020300,1
1505848238,21867639,0.18900,3663.87165500,1
1505848235,21867636,0.18900,1654.30979000,1
1505848235,21867635,0.18901,3209.14021000,1
1505848233,21867630,0.18900,1091.64868800,1
1505848233,21867629,0.18900,41431.93873700,1
1505848232,21867627,0.18900,6897.94551500,1
1505848218,21867576,0.18900,12949.65592300,1
1505848216,21867569,0.18900,2884.00000000,1
1505848215,21867567,0.18900,313.14199200,1
1505848214,21867564,0.18900,14335.03953600,1
1505848213,21867561,0.18900,4072.63542200,1
1505848208,21867554,0.18900,10000.00000000,1
1505848208,21867553,0.18900,10000.00000000,1
1505848208,21867552,0.18900,10000.00000000,1
1505848204,21867536,0.18900,894.88630000,1
1505848189,21867513,0.18900,18637.69950100,1
1505848180,21867498,0.18900,6493.16121000,1
1505848168,21867487,0.18900,1246.02619300,1
1505848167,21867484,0.18900,1505.38129700,1
1505848162,21867471,0.18900,801.82546200,1
1505848160,21867466,0.18900,3808.53388800,1
1505848159,21867464,0.18900,5897.45757400,1
1505848156,21867460,0.18900,4103.36945100,1
1505848155,21867459,0.18900,947.34312300,1
1505848097,21867422,0.18959,26.34368901,0
1505848070,21867407,0.18900,269.86990000,1
1505848066,21867405,0.18900,3955.69887900,1
1505848060,21867402,0.18900,6000.00000000,1
1505848050,21867399,0.18900,300.00000000,1
1505848044,21867394,0.18979,26.31592813,1
1505848041,21867391,0.18900,793.38314500,1
1505848041,21867390,0.18901,906.61685500,1
1505848041,21867388,0.18901,2668.51965500,1
1505848033,21867387,0.18901,2642.24833800,1
1505847990,21867371,0.18900,4695.65992000,1
1505847990,21867370,0.18901,7304.34008000,1
1505847988,21867365,0.18900,357.99669500,1
1505847988,21867364,0.18901,4228.18862000,1
1505847876,21867245,0.18957,26.34646832,0
1505847852,21867235,0.18901,1223.16082200,1
1505847839,21867219,0.18901,380.43918400,1
1505847631,21867155,0.18956,26.34785820,0
1505847622,21867149,0.18901,1778.89169473,1
1505847622,21867148,0.18901,507.22738927,1
1505847602,21867133,0.18958,1199.23842177,0
1505847601,21867132,0.18901,602.28342000,1
1505847509,21867071,0.18962,1099.41683366,0
1505847507,21867069,0.18960,100.00000000,0
1505847486,21867047,0.18901,151.81134300,1
1505847388,21866934,0.18945,26.36315651,0
1505847285,21866846,0.18900,4356.13201569,1
1505847285,21866844,0.18901,3941.07751000,1
1505847285,21866842,0.18905,27.00000000,1
1505847168,21866685,0.18902,1225.18288229,1
1505847168,21866682,0.18902,943.46769400,1
1505847133,21866635,0.18902,199.97068000,1
1505847122,21866618,0.18902,2100.39062600,1
1505847104,21866579,0.18902,378.95500000,1
1505847102,21866571,0.18902,377.21600000,1
1505846852,21866303,0.18952,26.35341916,0
1505846572,21866140,0.18903,6667.22560000,1
1505846572,21866139,0.18903,1307.21370000,1
1505846350,21865914,0.19016,853.86243300,1
1505846349,21865912,0.18999,1609.72010000,0
1505846344,21865908,0.18999,5092.79983157,0
1505846225,21865848,0.18999,35.00000000,0
1505845579,21865465,0.18964,130.00000000,0
1505845574,21865464,0.18854,1187.21130000,0
1505845572,21865463,0.18855,1312.78870000,1
1505845535,21865446,0.18982,485.16916647,0
1505845492,21865431,0.18985,800.00000000,0
1505845437,21865424,0.18920,1226.38363600,1
1505845369,21865402,0.18971,262.90290443,0
1505845314,21865384,0.18993,26.29653030,0
1505845306,21865380,0.18911,1802.96153100,0
1505845306,21865379,0.18911,1152.17547300,0
1505845257,21865349,0.18910,451.00000000,1
1505845225,21865334,0.18910,1145.10809000,1
1505845221,21865331,0.18935,682.00000000,0
1505845200,21865319,0.18902,161.07053000,1
1505845191,21865314,0.18972,26.32563778,0
1505845190,21865311,0.18902,200.00000000,1
1505845118,21865274,0.18900,1256.39567600,1
1505845115,21865271,0.18960,28.14527832,0
1505845071,21865250,0.18928,2500.00000000,0
1505845051,21865241,0.18935,2500.00000000,0
1505845045,21865238,0.18900,4373.82982500,1
1505845045,21865237,0.18900,111.69101700,1
1505845040,21865235,0.18871,541.42931300,1
1505845031,21865231,0.18941,2500.00000000,0
1505845029,21865230,0.18871,1237.00000000,1
1505844981,21865172,0.18871,1540.76087000,1
1505844976,21865168,0.18871,2238.77978640,1
1505844976,21865167,0.18871,220.45934360,1
1505844912,21865126,0.19045,95.87446597,0
1505844912,21865125,0.19040,25438.00000000,0
1505844912,21865124,0.19017,219.96348693,0
1505844912,21865123,0.19000,4000.00000000,0
1505844912,21865122,0.19000,1100.00000000,0
1505844912,21865121,0.18989,219.48128145,0
1505844911,21865120,0.18965,632.89875000,0
1505844911,21865119,0.18964,3880.68871000,0
1505844911,21865118,0.18914,1518.52000000,0
1505844911,21865117,0.18849,3164.49373000,0
1505844878,21865098,0.18921,26.35975900,1
1505844839,21865083,0.18930,9996.00000000,0
1505844791,21865054,0.18941,2500.00000000,0
1505844624,21864930,0.18943,2500.00000000,0
1505844624,21864929,0.18818,1473.19808751,1
1505844624,21864927,0.18843,219.48128145,1
1505844544,21864878,0.18870,198.82542537,1
1505844544,21864877,0.18871,1253.95493000,1
1505844544,21864876,0.18871,219.96348693,1
1505844543,21864875,0.18872,1311.00540000,1
1505844380,21864814,0.18996,100.00000000,0
1505844376,21864813,0.18943,2500.00000000,0
1505844375,21864811,0.18943,100.00000000,0
1505844369,21864806,0.18943,100.00000000,0
1505844364,21864800,0.18944,100.00000000,0
1505844360,21864796,0.18944,100.00000000,0
1505844355,21864794,0.18946,100.00000000,0
1505844351,21864792,0.18947,100.00000000,0
1505844348,21864789,0.18945,100.00000000,0
1505844345,21864783,0.18944,100.00000000,0
1505844341,21864779,0.18950,100.00000000,0
1505844337,21864778,0.18953,100.00000000,0
1505844314,21864769,0.18960,100.00000000,0
1505844308,21864766,0.18964,100.00000000,0
1505844307,21864763,0.18964,630.15435100,0
1505844250,21864673,0.18968,124.26755588,0
1505844215,21864642,0.18870,19497.03378129,1
1505844215,21864641,0.18871,16347.53873000,1
1505844214,21864640,0.18873,2619.49210000,1
1505844214,21864639,0.18874,1315.48890000,1
1505844214,21864638,0.18899,220.44648871,1
1505844187,21864630,0.18982,1027.26205968,0
1505844010,21864491,0.18903,500.00000000,0
1505844009,21864485,0.18927,20.92946132,1
1505843975,21864464,0.18927,200.00000000,1
1505843895,21864409,0.18966,41.05195802,1
1505843872,21864397,0.18988,4608.44700000,0
1505843844,21864369,0.19000,278.88038040,1
1505843806,21864330,0.19015,1324.58753616,0
1505843790,21864313,0.18966,398.41867363,1
1505843786,21864305,0.19000,2500.00000000,1
1505843740,21864274,0.19000,2108.44700000,1
1505843717,21864273,0.19100,15222.47299335,0
1505843717,21864272,0.19090,10000.00000000,0
1505843717,21864271,0.19060,1000.00000000,0
1505843717,21864270,0.19059,932.85256000,0
1505843716,21864269,0.19045,1.37957422,0
1505843716,21864268,0.19037,535.10892985,0
1505843716,21864267,0.19037,9495.77438040,1
1505843714,21864266,0.18999,4664.26282000,0
1505843379,21864075,0.18999,263.59282067,0
1505843361,21864054,0.18999,3161.07015057,0
1505843308,21864012,0.18966,800.01082353,0
1505843304,21864004,0.18927,1292.35239951,1
1505843304,21864003,0.18955,221.41293849,1
1505843282,21863954,0.18966,2244.25555030,0
1505843272,21863938,0.18990,209.60855867,1
1505843261,21863910,0.19000,2527.33774200,1
1505843197,21863790,0.19000,456.10011400,1
1505843153,21863766,0.19045,2759.08063295,0
1505843144,21863752,0.19045,306.84657671,1
1505843122,21863737,0.19073,506.99884653,0
1505843120,21863736,0.19072,2348.67089000,0
1505842963,21863636,0.19045,307.00000000,0
1505842691,21863388,0.19083,5801.14751349,0
1505842691,21863387,0.19082,2790.50007000,1
1505842689,21863386,0.19080,5000.00000000,0
1505842546,21863329,0.19082,63575.84729064,0
1505842546,21863328,0.19081,3078.01876000,1
1505842544,21863325,0.19080,8154.85800000,0
1505842544,21863324,0.19080,3562.92774214,0
1505842536,21863321,0.19001,7698.96330000,1
1505842536,21863320,0.19002,1301.03670000,1
1505842246,21863051,0.19080,1437.07225786,0
1505842122,21862903,0.19020,3199.83686249,0
1505842116,21862885,0.19020,437.38540786,0
1505842114,21862880,0.19020,14126.09619600,0
1505842112,21862876,0.19020,436.68153365,0
1505842112,21862875,0.19019,3200.54073635,0
1505842111,21862874,0.19019,436.68153365,0
1505842060,21862797,0.19019,2611.23087600,0
1505841928,21862734,0.19000,307.00000000,1
1505841922,21862733,0.19004,1184.79832000,1
1505841921,21862732,0.19010,1815.20168000,1
1505841646,21862606,0.19001,3058.00020000,1
1505841646,21862605,0.19002,1310.83980000,1
1505841630,21862598,0.19094,851.63961307,0
1505841628,21862597,0.19000,758.09438040,0
1505841548,21862538,0.19075,1304.89280000,0
1505841547,21862537,0.19075,5000.00000000,0
1505841547,21862536,0.19074,15446.03842000,0
1505841547,21862535,0.19074,4321.45220000,0
1505841534,21862531,0.18983,3108.85085966,0
1505841534,21862530,0.18983,221.89664034,1
1505841534,21862528,0.18986,1951.32250000,1
1505841445,21862496,0.19000,4368.84000000,0
1505841428,21862482,0.18999,2457.09354200,1
1505841411,21862469,0.18999,1372.57890000,0
1505841410,21862468,0.19000,3859.72186000,0
1505841408,21862466,0.19000,9495.77438040,1
1505841408,21862465,0.19000,4709.27983478,1
1505841408,21862464,0.19001,1381.32690000,1
1505841408,21862463,0.19001,4265.19500000,1
1505840999,21862150,0.19100,484.20454272,1
1505840998,21862149,0.19100,251.34000000,0
1505840921,21862101,0.19001,4183.13288328,0
1505840917,21862096,0.19001,1365.31097975,0
1505840908,21862087,0.19001,5030.84500000,0
1505840894,21862077,0.19000,968.52236000,1
1505840894,21862076,0.19000,843.48200000,1
1505840892,21862071,0.19001,14000.00000000,0
1505840886,21862062,0.19001,1049.99741713,0
1505840885,21862059,0.19000,156.51800000,1
1505840884,21862053,0.19001,2945.41911200,0
1505840882,21862052,0.19001,5368.22239000,0
1505840882,21862051,0.19004,16185.01597000,1
1505840881,21862050,0.19005,156.51800000,1
1505840881,21862049,0.19005,1565.60930000,1
1505840858,21862020,0.19100,4947.94806213,1
1505840855,21862018,0.19100,17187.54930511,0
1505840816,21861989,0.19100,4965.45069489,0
1505840816,21861988,0.19100,600.00000000,0
1505840816,21861987,0.19100,3291.53646511,0
1505840815,21861986,0.19099,1143.01284000,0
1505840788,21861976,0.19099,1000.00000000,0
1505840693,21861937,0.19100,7708.46353489,0
1505840693,21861936,0.19099,1293.38720000,0
1505840693,21861935,0.19089,80.19545000,0
1505840693,21861934,0.19083,314.91875511,0
1505840693,21861933,0.19071,1358.03506000,0
1505840693,21861932,0.19060,14245.00000000,0
1505840678,21861901,0.19050,3349.40232377,0
1505840677,21861900,0.19050,250.00000000,0
1505840677,21861898,0.19050,275.09767623,0
1505840656,21861858,0.19023,314.62931620,0
1505840651,21861850,0.19019,1010.37011400,1
1505840635,21861767,0.19019,82.57748000,0
1505840613,21861730,0.19010,1836.68301413,1
1505840603,21861706,0.19013,2469.33275500,0
1505840603,21861705,0.19010,35.00000000,0
1505840579,21861670,0.19000,3485.49642097,0
1505840576,21861664,0.19000,2336.91193117,0
1505840571,21861649,0.19000,1836.68301413,0
1505840571,21861646,0.19000,173.75940836,0
1505840571,21861644,0.19000,326.23634211,0
1505840408,21861584,0.18985,280.00000000,0
1505840354,21861570,0.19000,173.76365789,0
1505840295,21861553,0.18970,26294.30010543,0
1505840288,21861549,0.18970,850.78343000,0
1505840273,21861540,0.18970,9.43453000,0
1505840273,21861539,0.18969,1990.56547000,0
1505840241,21861527,0.18970,567.90021086,0
1505840210,21861518,0.18968,27.00000000,0
1505840041,21861449,0.18950,3745.36549000,0
1505839945,21861420,0.18950,167.26601000,0
1505839932,21861411,0.18950,167.26601000,0
1505839919,21861400,0.18950,167.26601000,0
1505839905,21861353,0.18950,167.26601000,0
1505839892,21861348,0.18950,167.26601000,0
1505839879,21861335,0.18950,139.43482000,0
1505839867,21861329,0.18950,139.43482000,0
1505839854,21861320,0.18950,139.43482000,0
1505839840,21861310,0.18970,139.43482000,0
1505839827,21861291,0.18970,139.43482000,0
1505839821,21861287,0.18900,744.87186599,0
1505839820,21861285,0.18915,2323.07320000,1
1505839820,21861284,0.18916,6062.49200000,1
1505839820,21861283,0.18937,869.56293401,1
1505839814,21861278,0.18970,139.43482000,0
1505839801,21861271,0.18970,139.43482000,0
1505839787,21861268,0.18970,165.66514000,0
1505839786,21861267,0.18970,40669.58234168,0
1505839786,21861266,0.18969,131.41439000,0
1505839774,21861264,0.18970,40.69396000,0
1505839705,21861240,0.18970,215.80053000,0
1505839693,21861234,0.18969,178.01817000,1
1505839683,21861230,0.18969,334.21379000,0
1505839624,21861211,0.18970,1133.72833173,0
1505839624,21861210,0.18969,397.08570000,0
1505839603,21861204,0.18970,12308.31744400,0
1505839603,21861203,0.18969,471.78499000,0
1505839595,21861202,0.18960,1080.00000000,0
1505839536,21861182,0.18950,144.73684000,0
1505839523,21861175,0.18950,105.26316000,0
1505839507,21861172,0.18937,0.00000099,0
1505839494,21861152,0.18937,221.80836000,0
1505839467,21861141,0.18934,3663.29101061,1
1505839382,21861091,0.18934,7680.71175900,1
1505839352,21861072,0.18934,4853.90640000,1
1505839338,21861062,0.18934,239.75999838,1
1505839338,21861061,0.18935,0.00000162,1
1505839312,21861052,0.18935,221.32482838,0
1505839306,21861051,0.18934,542.99530000,1
1505839300,21861048,0.18934,0.00000280,0
1505839273,21861026,0.18934,220.84017000,0
1505839239,21860990,0.18889,1679.13300000,1
1505839239,21860989,0.18889,1129.02400000,1
1505839220,21860981,0.18889,507.00000000,0
1505839101,21860910,0.18911,220.35411528,0
1505838962,21860881,0.18890,802.38902400,1
1505838960,21860880,0.18890,2197.61097600,1
1505838947,21860868,0.18890,4973.56008470,0
1505838947,21860867,0.18889,1023.42745000,0
1505838907,21860851,0.18878,2406.20346435,0
1505838882,21860840,0.18882,7002.96578752,0
1505838735,21860732,0.18889,876.18380000,1
1505838687,21860696,0.18800,380.08475000,0
1505838685,21860689,0.18811,1321.67190000,1
1505838685,21860688,0.18886,298.24335000,1
1505838667,21860670,0.18889,400.97508900,0
1505838432,21860532,0.18890,26.43991530,0
1505838376,21860497,0.18886,939.41788000,1
1505838362,21860487,0.18883,1560.23487000,0
1505838313,21860458,0.18759,2500.00000000,1
1505838308,21860455,0.18860,319.29539000,0
1505838295,21860436,0.18860,1560.23487000,0
1505838282,21860434,0.18860,1560.23487000,0
1505838268,21860421,0.18860,1560.23487000,0
1505838242,21860401,0.18858,661.97027000,0
1505838212,21860388,0.18815,640.70000000,1
1505838211,21860387,0.18815,5359.30000000,1
1505838009,21860288,0.18889,1430.85734100,0
1505838004,21860285,0.18817,507.00000000,0
1505837892,21860249,0.18787,434.31863329,1
1505837839,21860227,0.18889,52.80883054,0
1505837784,21860203,0.18804,713.03270000,1
1505837784,21860202,0.18804,1291.96730000,1
1505837423,21859987,0.18791,589.37172649,1
1505837423,21859986,0.18818,507.00000000,1
1505837423,21859985,0.18818,506.74662668,1
1505837421,21859984,0.18883,85.23852423,1
1505837173,21859875,0.18883,27.00000000,1
1505837144,21859861,0.18887,1215.76806628,0
1505837047,21859807,0.18883,219.86803077,0
1505836940,21859664,0.18860,6855.72186071,0
1505836940,21859663,0.18859,2395.58773000,0
1505836873,21859609,0.18860,2551.27813929,0
1505836873,21859608,0.18855,219.38220259,0
1505836873,21859607,0.18850,250.00000000,0
1505836873,21859605,0.18849,37.52108612,0
1505836862,21859585,0.18818,507.00000000,0
1505836720,21859490,0.18849,55.02077065,0
1505836636,21859431,0.18850,1907.45814323,0
1505836636,21859430,0.18849,2057.33977000,0
1505836636,21859429,0.18840,1327.82587698,0
1505836635,21859428,0.18822,0.00000371,0
1505836504,21859338,0.18745,1356.00002646,1
1505836341,21859194,0.18822,207.75268000,0
1505836328,21859151,0.18822,315.66456000,0
1505836319,21859143,0.18822,476.58275629,0
1505836317,21859141,0.18813,0.00000091,0
1505836105,21858895,0.18813,424.07314000,0
1505835987,21858748,0.18813,102.38579706,0
1505835885,21858587,0.18813,473.54106203,0
1505835852,21858557,0.18718,700.00000000,1
1505835848,21858556,0.18815,150.21658251,0
1505835848,21858555,0.18814,3127.79626000,0
1505835848,21858552,0.18800,250.00000000,0
1505835847,21858549,0.18763,503.00000000,0
1505835442,21858357,0.18821,158.99888423,0
1505835349,21858320,0.18773,6604.69951526,0
1505834970,21858140,0.18822,2298.24673300,1
1505834970,21858139,0.18822,2201.75326700,1
1505834409,21857851,0.18822,31.33000000,0
1505834409,21857850,0.18772,235.82000000,0
1505834402,21857842,0.18772,267.18000000,0
1505834390,21857832,0.18828,267.19000000,0
1505834385,21857826,0.18832,266.17000000,0
1505834379,21857821,0.18837,266.17000000,0
1505834379,21857820,0.18785,4312.73169000,1
1505834379,21857819,0.18785,3435.04755000,1
1505834373,21857818,0.18839,267.24000000,0
1505834369,21857814,0.18785,76065.90600000,0
1505834369,21857813,0.18784,1653.44981000,0
1505834368,21857812,0.18784,267.24000000,0
1505834357,21857805,0.18784,267.24000000,0
1505834351,21857801,0.18784,267.24000000,0
1505834346,21857795,0.18784,267.24000000,0
1505834340,21857792,0.18784,267.24000000,0
1505834335,21857789,0.18784,267.24000000,0
1505834329,21857777,0.18783,267.24000000,0
1505834323,21857773,0.18786,267.22000000,0
1505834318,21857768,0.18791,267.22000000,0
1505834307,21857758,0.18799,267.24000000,0
1505834302,21857752,0.18804,267.24000000,0
1505834296,21857749,0.18809,267.24000000,0
1505834290,21857746,0.18811,267.24000000,0
1505834285,21857742,0.18811,267.24000000,0
1505834279,21857738,0.18811,267.24000000,0
1505834274,21857733,0.18811,267.24000000,0
1505834268,21857727,0.18811,267.24000000,0
1505834262,21857725,0.18811,267.22000000,0
1505834256,21857722,0.18811,267.22000000,0
1505834249,21857720,0.18811,267.24000000,0
1505834242,21857716,0.18811,267.17000000,0
1505834236,21857713,0.18811,267.19000000,0
1505834231,21857711,0.18811,267.19000000,0
1505834225,21857708,0.18811,267.22000000,0
1505834219,21857705,0.18811,267.24000000,0
1505834213,21857696,0.18811,267.24000000,0
1505834207,21857690,0.18811,267.22000000,0
1505834202,21857684,0.18711,1800.00000000,1
1505834200,21857681,0.18811,267.24000000,0
1505834194,21857679,0.18811,267.22000000,0
1505834187,21857674,0.18811,267.22000000,0
1505834182,21857672,0.18811,267.22000000,0
1505834176,21857669,0.18811,267.21000000,0
1505834170,21857668,0.18811,267.21000000,0
1505834160,21857655,0.18811,267.21000000,0
1505834154,21857653,0.18811,267.14000000,0
1505834149,21857650,0.18811,267.14000000,0
1505834143,21857648,0.18811,267.17000000,0
1505834137,21857645,0.18811,267.18000000,0
1505834132,21857642,0.18811,267.21000000,0
1505834120,21857633,0.18811,267.18000000,0
1505834110,21857631,0.18811,267.18000000,0
1505834099,21857562,0.18811,267.21000000,0
1505834093,21857559,0.18811,267.22000000,0
1505834088,21857556,0.18811,267.22000000,0
1505834081,21857550,0.18811,267.24000000,0
1505834075,21857548,0.18811,267.24000000,0
1505834069,21857543,0.18811,267.24000000,0
1505834063,21857539,0.18811,267.24000000,0
1505834058,21857533,0.18811,267.24000000,0
1505834052,21857527,0.18810,267.24000000,0
1505834046,21857521,0.18812,267.24000000,0
1505834041,21857518,0.18812,267.24000000,0
1505834035,21857517,0.18812,267.22000000,0
1505834030,21857516,0.18811,267.22000000,0
1505834024,21857471,0.18811,267.22000000,0
1505834019,21857467,0.18811,267.22000000,0
1505834012,21857466,0.18811,267.22000000,0
1505834006,21857464,0.18816,267.17000000,0
1505834000,21857458,0.18821,267.17000000,0
1505833994,21857457,0.18827,267.21000000,0
1505833988,21857454,0.18829,267.22000000,0
1505833982,21857452,0.18834,267.24000000,0
1505833976,21857449,0.18836,267.24000000,0
1505833971,21857443,0.18783,267.38000000,0
1505833965,21857436,0.18788,267.38000000,0
1505833954,21857427,0.18799,267.38000000,0
1505833943,21857416,0.18805,267.27000000,0
1505833941,21857413,0.18705,2700.00000000,1
1505833937,21857412,0.18810,267.27000000,0
1505833931,21857406,0.18814,267.27000000,0
1505833926,21857401,0.18819,267.29000000,0
1505833915,21857395,0.18824,267.31000000,0
1505833909,21857384,0.18825,267.38000000,0
1505833899,21857379,0.18789,267.38000000,0
1505833888,21857375,0.18789,267.38000000,0
1505833882,21857369,0.18789,267.38000000,0
1505833876,21857367,0.18789,267.38000000,0
1505833865,21857362,0.18789,267.38000000,0
1505833854,21857357,0.18788,267.52000000,0
1505833848,21857356,0.18788,267.65000000,0
1505833843,21857354,0.18788,267.65000000,0
1505833837,21857352,0.18788,267.65000000,0
1505833831,21857350,0.18789,267.65000000,0
1505833826,21857347,0.18789,267.65000000,0
1505833820,21857344,0.18791,267.65000000,0
1505833814,21857342,0.18797,267.65000000,0
1505833808,21857337,0.18803,267.65000000,0
1505833803,21857329,0.18807,267.65000000,0
1505833796,21857321,0.18813,267.65000000,0
1505833790,21857317,0.18818,267.65000000,0
1505833784,21857311,0.18824,267.65000000,0
1505833777,21857302,0.18829,267.65000000,0
1505833771,21857299,0.18833,267.65000000,0
1505833765,21857295,0.18835,267.65000000,0
1505833760,21857293,0.18780,5161.65644302,0
1505833759,21857292,0.18779,2763.30061000,0
1505833755,21857290,0.18779,267.65000000,0
1505833749,21857289,0.18779,267.65000000,0
1505833743,21857281,0.18779,267.65000000,0
1505833732,21857278,0.18785,267.62000000,0
1505833726,21857277,0.18789,267.62000000,0
1505833716,21857272,0.18799,267.64000000,0
1505833705,21857269,0.18807,267.61000000,0
1505833699,21857266,0.18811,267.62000000,0
1505833694,21857264,0.18814,267.37000000,0
1505833683,21857258,0.18824,267.34000000,0
1505833677,21857255,0.18828,267.34000000,0
1505833671,21857253,0.18833,267.34000000,0
1505833665,21857252,0.18838,267.35000000,0
1505833660,21857251,0.18839,267.35000000,0
1505833654,21857244,0.18839,267.37000000,0
1505833648,21857238,0.18839,267.35000000,0
1505833643,21857234,0.18838,267.35000000,0
1505833632,21857229,0.18831,267.37000000,0
1505833627,21857227,0.18774,267.37000000,0
1505833620,21857224,0.18774,267.37000000,0
1505833610,21857217,0.18774,267.37000000,0
1505833604,21857214,0.18774,267.37000000,0
1505833598,21857208,0.18774,267.37000000,0
1505833592,21857205,0.18774,267.37000000,0
1505833587,21857203,0.18774,267.37000000,0
1505833580,21857198,0.18774,267.37000000,0
1505833575,21857194,0.18774,267.37000000,0
1505833569,21857190,0.18774,267.37000000,0
1505833563,21857188,0.18774,267.37000000,0
1505833558,21857182,0.18774,267.37000000,0
1505833552,21857170,0.18774,267.37000000,0
1505833549,21857169,0.18774,1666.00000000,0
1505833546,21857168,0.18774,267.38000000,0
1505833541,21857161,0.18774,267.37000000,0
1505833536,21857159,0.18700,938.29356100,1
1505833536,21857158,0.18701,4029.77299000,1
1505833535,21857157,0.18774,267.38000000,0
1505833530,21857153,0.18774,267.38000000,0
1505833524,21857150,0.18774,267.38000000,0
1505833518,21857143,0.18777,267.65000000,0
1505833514,21857141,0.18700,93206.56842000,1
1505833514,21857140,0.18701,16344.19125000,1
1505833513,21857139,0.18780,267.65000000,0
1505833506,21857130,0.18780,267.65000000,0
1505833501,21857126,0.18782,267.65000000,0
1505833495,21857119,0.18782,267.65000000,0
1505833492,21857117,0.18783,1798.93220750,1
1505833490,21857115,0.18783,2927.57868000,0
1505833490,21857114,0.18783,267.65000000,0
1505833484,21857108,0.18784,267.65000000,0
1505833478,21857105,0.18784,267.65000000,0
1505833473,21857098,0.18786,267.38000000,0
1505833469,21857096,0.18700,3971.06348000,1
1505833462,21857094,0.18788,267.25000000,0
1505833452,21857091,0.18709,219.38220259,1
1505833451,21857089,0.18788,267.25000000,0
1505833440,21857080,0.18788,267.25000000,0
1505833434,21857079,0.18788,267.25000000,0
1505833429,21857077,0.18790,266.10000000,0
1505833423,21857074,0.18790,574.50478978,1
1505833423,21857073,0.18791,266.10000000,0
1505833418,21857067,0.18791,266.10000000,0
1505833412,21857066,0.18791,266.10000000,0
1505833399,21857062,0.18793,266.10000000,0
1505833393,21857058,0.18794,266.10000000,0
1505833388,21857048,0.18794,3936.42242004,0
1505833388,21857047,0.18792,1371.15569000,0
1505833387,21857044,0.18794,267.25000000,0
1505833380,21857038,0.18796,267.25000000,0
1505833374,21857034,0.18794,267.25000000,0
1505833368,21857030,0.18800,267.25000000,0
1505833362,21857024,0.18805,265.89000000,0
1505833359,21857021,0.18744,502.74862568,1
1505833359,21857020,0.18744,267.25000000,1
1505833359,21857019,0.18805,112.00000000,1
1505833357,21857013,0.18810,265.89000000,0
1505833351,21857012,0.18814,265.89000000,0
1505833345,21857008,0.18818,266.75000000,0
1505833339,21857002,0.18824,266.71000000,0
1505833334,21856995,0.18829,266.71000000,0
1505833328,21856991,0.18833,266.71000000,0
1505833322,21856985,0.18837,266.72000000,0
1505833316,21856979,0.18804,266.74000000,0
1505833311,21856974,0.18803,266.74000000,0
1505833305,21856972,0.18805,266.74000000,0
1505833299,21856969,0.18806,266.74000000,0
1505833288,21856962,0.18806,266.74000000,0
1505833276,21856957,0.18807,266.75000000,0
1505833270,21856953,0.18805,266.75000000,0
1505833264,21856946,0.18810,266.75000000,0
1505833259,21856897,0.18815,266.75000000,0
1505833253,21856896,0.18818,266.75000000,0
1505833247,21856891,0.18819,266.75000000,0
1505833235,21856882,0.18822,266.75000000,0
1505833225,21856880,0.18815,266.75000000,0
1505833219,21856877,0.18815,266.75000000,0
1505833213,21856875,0.18815,267.25000000,0
1505833210,21856871,0.18744,235.75000000,0
1505833208,21856865,0.18744,267.25000000,0
1505832977,21856689,0.18779,3696.64568000,0
1505832844,21856569,0.18829,1976.10063728,0
1505832659,21856489,0.18816,3180.48538633,0
1505832642,21856481,0.18742,2521.62754400,1
1505832633,21856474,0.18737,4144.62105467,0
1505832631,21856473,0.18737,3337.48852000,0
1505832619,21856467,0.18737,3688.04948000,0
1505832618,21856463,0.18737,2077.09444228,0
1505832605,21856456,0.18737,4075.43713000,0
1505832601,21856451,0.18737,3686.98015000,0
1505832592,21856450,0.18737,4503.51009000,0
1505832579,21856432,0.18737,4976.54782000,0
1505832566,21856422,0.18736,1655.62745000,0
1505832564,21856420,0.18736,241.83381800,0
1505832548,21856393,0.18737,90.50328228,0
1505832427,21856284,0.18736,1510.79387276,0
1505832363,21856230,0.18737,219.86803077,1
1505832162,21856029,0.18718,373.78272251,1
1505832162,21856028,0.18765,220.35411528,1
1505832137,21856009,0.18788,220.84017280,0
1505832130,21856003,0.18789,221.32482838,0
1505832124,21856000,0.18791,221.80836099,0
1505832107,21855991,0.18718,368.13151283,0
1505832102,21855984,0.18718,481.09613320,0
1505832099,21855983,0.18718,4298.46450000,1
1505832096,21855976,0.18970,827.02266968,1
1505832095,21855975,0.18969,5000.00000000,1
1505832095,21855974,0.18963,314.33904685,0
1505832094,21855973,0.18963,1367.94000000,1
1505832094,21855965,0.18911,529.93161493,0
1505832094,21855964,0.18911,1327.82590000,1
1505832093,21855960,0.18910,35.00000000,0
1505832093,21855957,0.18910,1327.82585106,1
1505832093,21855956,0.18903,314.04794888,0
1505832092,21855955,0.18900,1000.00000000,0
1505832092,21855954,0.18846,218.82474261,0
1505832092,21855953,0.18843,313.75641604,0
1505832091,21855952,0.18840,20000.00000000,0
1505832091,21855951,0.18840,1000.00000000,0
1505832091,21855950,0.18840,23425.57501738,0
1505832091,21855949,0.18839,560.94314000,1
1505832091,21855948,0.18839,2804.71572000,1
1505832090,21855946,0.18815,220.03895714,0
1505832090,21855944,0.18800,5002.76771345,0
1505832090,21855942,0.18799,16258.50061000,0
1505832090,21855940,0.18799,534.38870467,0
1505832089,21855939,0.18787,219.55103114,0
1505832089,21855938,0.18786,560.94314000,0
1505832089,21855937,0.18777,2804.71572000,0
1505832087,21855933,0.18717,492.00000000,0
1505832044,21855897,0.18721,50.00000000,0
1505832031,21855882,0.18653,4766.23653000,1
1505832031,21855881,0.18654,1323.43150000,1
1505832031,21855879,0.18654,539.74475000,1
1505831823,21855727,0.18786,138.13649540,0
1505831823,21855726,0.18778,129.51350460,0
1505831818,21855722,0.18778,267.67000000,0
1505831812,21855719,0.18778,267.71000000,0
1505831806,21855708,0.18778,267.74000000,0
1505831801,21855699,0.18778,267.77000000,0
1505831795,21855694,0.18778,267.77000000,0
1505831790,21855688,0.18778,267.78000000,0
1505831788,21855684,0.18778,720.95824901,0
1505831784,21855677,0.18778,267.81000000,0
1505831778,21855613,0.18778,267.82000000,0
1505831773,21855610,0.18777,267.85000000,0
1505831767,21855607,0.18777,267.88000000,0
1505831755,21855595,0.18777,267.95000000,0
1505831750,21855593,0.18777,267.98000000,0
1505831744,21855591,0.18777,268.00000000,0
1505831739,21855579,0.18777,268.01000000,0
1505831733,21855575,0.18777,268.02000000,0
1505831727,21855569,0.18777,268.02000000,0
1505831721,21855552,0.18777,109.38380000,0
1505831721,21855550,0.18777,158.69620000,0
1505831561,21855400,0.18617,3554.98770000,1
1505831561,21855399,0.18654,1308.54610000,1
1505831561,21855398,0.18655,158.69620000,1
1505831340,21855183,0.18741,1000.00000000,0
1505831134,21855061,0.18778,1864.56517009,0
1505831134,21855059,0.18774,274.32846000,0
1505831134,21855058,0.18774,1371.64231000,0
1505831134,21855057,0.18771,5000.00000000,0
1505831132,21855056,0.18703,800.00000000,0
1505831012,21854935,0.18617,206.21823500,1
1505830995,21854924,0.18616,11437.98847600,1
1505830948,21854891,0.18703,1379.00402400,1
1505830936,21854885,0.18703,56.74285700,1
1505830893,21854833,0.18703,212.58769200,1
1505830865,21854806,0.18778,4149.23181520,0
1505830865,21854804,0.18759,219.06336954,0
1505830865,21854803,0.18759,235.91108262,1
1505830864,21854800,0.18750,1000.00000000,0
1505830864,21854798,0.18731,218.57626213,0
1505830863,21854797,0.18730,2011.94326000,1
1505830863,21854796,0.18721,2500.00000000,1
1505830861,21854795,0.18714,215.00000000,0
1505830860,21854794,0.18703,784.89573300,1
1505830833,21854779,0.18714,30.00000000,0
1505830815,21854757,0.18703,11543.21968600,1
1505830811,21854749,0.18703,481.55000800,0
1505830811,21854748,0.18659,542.00000000,0
1505830643,21854624,0.18689,8910.11786335,0
1505830643,21854623,0.18650,4869.88213665,0
1505830634,21854616,0.18650,187.00000000,0
1505830609,21854588,0.18650,9991.00000000,0
1505830499,21854410,0.18700,2232.00000000,0
1505830367,21854263,0.18728,5209.89667876,0
1505830365,21854261,0.18703,73.87437877,0
1505830329,21854208,0.18703,80.21435064,0
1505830203,21854055,0.18703,64.00042800,0
1505830162,21854004,0.18633,136.00000000,1
1505830083,21853963,0.18699,48.01085620,0
1505829965,21853853,0.18636,100.00000000,0
1505829955,21853849,0.18638,5000.00000000,0
1505829926,21853841,0.18636,561.00000000,0
1505829856,21853731,0.18564,56.42045500,1
1505829804,21853564,0.18593,406.00000000,0
1505829803,21853558,0.18597,136.00000000,1
1505829676,21853440,0.18557,28099.67519041,1
1505829676,21853439,0.18557,218.08915741,1
1505829676,21853438,0.18558,3698.25268000,1
1505829675,21853437,0.18558,1605.82380000,1
1505829675,21853436,0.18558,4232.82068000,1
1505829645,21853407,0.18633,4203.00000000,0
1505829628,21853392,0.18551,931.48450687,1
1505829628,21853391,0.18552,16205.74418000,1
1505829628,21853390,0.18555,1326.29390000,1
1505829628,21853388,0.18585,218.57626213,1
1505829599,21853271,0.18638,2600.00000000,0
1505829249,21852802,0.18649,430.56988831,0
1505829249,21852800,0.18649,4214.65600000,0
1505829205,21852767,0.18649,7340.00000000,0
1505829200,21852759,0.18649,499.00000000,0
1505829192,21852757,0.18613,5000.00000000,1
1505829192,21852756,0.18613,219.06336954,1
1505829176,21852742,0.18650,946.66700000,0
1505829174,21852741,0.18650,3054.67222000,0
1505829174,21852740,0.18649,514.32778000,0
1505828909,21852577,0.18778,1137.82213228,0
1505828909,21852576,0.18759,219.06336954,0
1505828909,21852575,0.18759,639.67703000,1
1505828909,21852574,0.18758,152.00246000,0
1505828908,21852573,0.18700,1000.00000000,0
1505828908,21852572,0.18677,43997.53000000,0
1505828908,21852571,0.18676,760.01232000,0
1505828907,21852570,0.18675,5437.56215000,0
1505828817,21852467,0.18689,1278.02549146,0
1505828768,21852417,0.18589,1365.14490000,1
1505828768,21852416,0.18613,219.06336954,1
1505828733,21852367,0.18778,10144.06595521,0
1505828733,21852366,0.18759,219.06336954,0
1505828731,21852365,0.18757,221.58762000,0
1505828403,21852161,0.18652,63.96622700,0
1505828193,21852036,0.18695,2.49670000,0
1505828193,21852035,0.18693,24.40330000,0
1505828187,21852029,0.18693,26.90000000,0
1505828181,21852027,0.18697,26.90000000,0
1505828175,21852026,0.18700,26.90000000,0
1505828168,21852006,0.18705,26.90000000,0
1505828162,21852002,0.18687,26.90000000,0
1505828156,21851999,0.18687,26.90000000,0
1505828150,21851998,0.18688,26.90000000,0
1505828144,21851996,0.18689,26.90000000,0
1505828138,21851993,0.18693,26.90000000,0
1505828132,21851991,0.18694,26.90000000,0
1505828126,21851976,0.18699,26.90000000,0
1505828119,21851959,0.18705,26.90000000,0
1505828114,21851955,0.18705,26.90000000,0
1505828109,21851953,0.18710,26.90000000,0
1505828103,21851948,0.18713,26.87000000,0
1505828097,21851947,0.18711,26.87000000,0
1505828092,21851903,0.18715,26.88000000,0
1505828085,21851900,0.18718,26.87000000,0
1505828080,21851894,0.18717,26.85000000,0
1505828074,21851892,0.18722,26.85000000,0
1505828038,21851861,0.18600,1428.33755399,0
1505828038,21851860,0.18613,219.06336954,1
1505828038,21851859,0.18615,818.55249000,1
1505828038,21851858,0.18616,17133.45564000,1
1505828037,21851857,0.18640,400.59094647,1
1505827965,21851749,0.18653,844.11921600,1
1505827955,21851741,0.18653,158.90330000,0
1505827954,21851740,0.18750,0.00017218,1
1505827938,21851732,0.18750,381.52352000,1
1505827932,21851725,0.18785,167.00142038,1
1505827931,21851724,0.18785,369.12316000,0
1505827869,21851692,0.18720,500.00000000,0
1505827869,21851691,0.18700,5721.41234782,0
1505827868,21851690,0.18699,521.06396000,0
1505827857,21851686,0.18699,1820.35148184,1
1505827855,21851685,0.18699,619.08590000,0
1505827850,21851684,0.18700,29271.45240000,0
1505827849,21851683,0.18699,735.54760000,0
1505827844,21851679,0.18640,317.00000000,1
1505827836,21851672,0.18641,257.37188440,1
1505827836,21851671,0.18699,1075.74861160,1
1505827833,21851668,0.18700,2423.03981698,0
1505827831,21851667,0.18700,257.33550802,0
1505827829,21851659,0.18699,1076.28649000,0
1505827826,21851655,0.18699,1075.74861160,0
1505827819,21851653,0.18640,510.44896886,1
1505827819,21851651,0.18641,219.55103114,1
1505827813,21851646,0.18700,2754.37587590,0
1505827813,21851645,0.18650,1248.62412410,0
1505827806,21851641,0.18669,220.03895714,1
1505827806,21851639,0.18670,31.33691876,1
1505827773,21851581,0.18700,3719.38405128,0
1505827654,21851474,0.18713,586.00000000,0
1505827638,21851462,0.18715,1376.68567000,0
1505827638,21851461,0.18700,2500.00000000,0
1505827638,21851460,0.18699,1519.31433000,0
1505827570,21851369,0.18725,29.00000000,0
1505827545,21851360,0.18733,721.00000000,0
1505827482,21851310,0.18743,3172.24040975,0
1505827459,21851288,0.18823,49149.80476013,0
1505827458,21851287,0.18822,503.47162000,1
1505827458,21851286,0.18700,4683.00000000,0
1505827458,21851285,0.18700,317.00000000,0
1505827457,21851284,0.18699,2517.35809000,1
1505827457,21851283,0.18699,1496.84798000,0
1505827411,21851239,0.18737,1374.00000000,0
1505827406,21851234,0.18736,404.58143879,0
1505827386,21851193,0.18753,15000.00000000,0
1505827337,21851135,0.18670,18.67165113,1
1505827337,21851134,0.18700,37.58897187,1
1505827327,21851088,0.18752,610.47848200,0
1505827300,21851060,0.18754,1121.00000000,0
1505827272,21851021,0.18778,1559.00000000,0
1505827271,21851020,0.18778,128.52631000,1
1505827270,21851019,0.18719,82.00000000,0
1505827248,21851013,0.18735,2597.00000000,0
1505827191,21850978,0.18700,2500.00000000,1
1505827176,21850973,0.18763,565.00000000,0
1505827138,21850932,0.18700,20118.97398000,1
1505827138,21850930,0.18701,17029.77635000,1
1505827138,21850929,0.18702,2851.24967000,1
1505826629,21850478,0.18798,26.05197700,0
1505826629,21850477,0.18770,0.67802300,0
1505826622,21850473,0.18770,26.74000000,0
1505826616,21850471,0.18770,26.71000000,0
1505826610,21850468,0.18770,26.72000000,0
1505826605,21850429,0.18770,26.72000000,0
1505826604,21850428,0.18770,63.77197700,0
1505826599,21850426,0.18770,26.72000000,0
1505826593,21850411,0.18770,26.73000000,0
1505826587,21850406,0.18770,26.72000000,0
1505826581,21850402,0.18770,26.73000000,0
1505826575,21850399,0.18770,26.73000000,0
1505826569,21850397,0.18770,26.73000000,0
1505826564,21850396,0.18770,26.73000000,0
1505826559,21850392,0.18770,26.74000000,0
1505826553,21850387,0.18770,26.74000000,0
1505826547,21850381,0.18770,26.74000000,0
1505826542,21850376,0.18770,26.74000000,0
1505826536,21850375,0.18770,26.74000000,0
1505826530,21850374,0.18770,26.74000000,0
1505826525,21850373,0.18770,26.74000000,0
1505826519,21850372,0.18770,26.74000000,0
1505826512,21850363,0.18770,26.73000000,0
1505826506,21850359,0.18770,26.73000000,0
1505826499,21850356,0.18770,26.73000000,0
1505826493,21850355,0.18770,26.73000000,0
1505826487,21850352,0.18770,26.73000000,0
1505826481,21850350,0.18770,26.74000000,0
1505826475,21850349,0.18770,26.73000000,0
1505826470,21850347,0.18770,26.73000000,0
1505826464,21850338,0.18770,26.73000000,0
1505826458,21850332,0.18770,26.73000000,0
1505826452,21850327,0.18770,26.73000000,0
1505826447,21850326,0.18770,26.73000000,0
1505826441,21850325,0.18770,26.74000000,0
1505826435,21850318,0.18770,26.74000000,0
1505826430,21850315,0.18770,26.70000000,0
1505826413,21850308,0.18770,26.70000000,0
1505826408,21850301,0.18798,26.70000000,0
1505826402,21850297,0.18798,26.71000000,0
1505826396,21850296,0.18798,26.71000000,0
1505826391,21850293,0.18798,26.71000000,0
1505826385,21850290,0.18798,26.71000000,0
1505826379,21850287,0.18798,26.71000000,0
1505826374,21850283,0.18798,26.72000000,0
1505826368,21850275,0.18812,26.72000000,0
1505826363,21850250,0.18812,26.73000000,0
1505826357,21850247,0.18812,26.73000000,0
1505826351,21850246,0.18812,26.73000000,0
1505826345,21850244,0.18812,26.73000000,0
1505826338,21850240,0.18812,26.71000000,0
1505826332,21850239,0.18812,26.70000000,0
1505826326,21850232,0.18812,26.70000000,0
1505826319,21850230,0.18812,26.71000000,0
1505826313,21850227,0.18812,26.71000000,0
1505826307,21850219,0.18812,26.71000000,0
1505826300,21850206,0.18812,26.72000000,0
1505826295,21850202,0.18812,26.72000000,0
1505826288,21850199,0.18812,26.72000000,0
1505826283,21850196,0.18812,26.72000000,0
1505826276,21850194,0.18812,26.73000000,0
1505826271,21850192,0.18812,26.73000000,0
1505826265,21850184,0.18812,26.71000000,0
1505826259,21850182,0.18812,26.70000000,0
1505826258,21850181,0.18718,23.47890335,1
1505826258,21850180,0.18728,32.46475865,1
1505826254,21850171,0.18814,26.70000000,0
1505826248,21850165,0.18814,26.70000000,0
1505826242,21850156,0.18814,26.70000000,0
1505826236,21850146,0.18814,26.70000000,0
1505826230,21850142,0.18814,26.70000000,0
1505826224,21850120,0.18814,26.70000000,0
1505826218,21850115,0.18815,26.70000000,0
1505826213,21850110,0.18815,26.70000000,0
1505826207,21850106,0.18815,26.70000000,0
1505826202,21850104,0.18818,26.70000000,0
1505826196,21850103,0.18820,26.70000000,0
1505826191,21850098,0.18821,26.70000000,0
1505826189,21850097,0.18822,18000.00000000,0
1505826185,21850090,0.18824,26.70000000,0
1505826179,21850081,0.18823,26.70000000,0
1505826174,21850077,0.18825,26.70000000,0
1505826168,21850072,0.18826,26.70000000,0
1505826163,21850057,0.18827,26.70000000,0
1505826157,21850047,0.18827,26.70000000,0
1505826152,21850037,0.18828,26.70000000,0
1505826146,21850025,0.18829,26.70000000,0
1505826140,21850010,0.18829,26.70000000,0
1505826135,21850006,0.18831,26.70000000,0
1505826129,21849999,0.18833,26.70000000,0
1505826118,21849994,0.18832,26.70000000,0
1505826113,21849990,0.18833,26.70000000,0
1505826107,21849978,0.18833,26.70000000,0
1505826101,21849971,0.18833,26.70000000,0
1505826096,21849967,0.18834,26.70000000,0
1505826090,21849965,0.18834,26.70000000,0
1505826085,21849963,0.18835,26.70000000,0
1505826079,21849959,0.18836,26.69000000,0
1505826073,21849957,0.18836,26.69000000,0
1505826068,21849955,0.18837,26.70000000,0
1505826062,21849953,0.18837,26.70000000,0
1505826057,21849940,0.18837,26.70000000,0
1505826050,21849924,0.18837,26.70000000,0
1505826044,21849923,0.18837,26.70000000,0
1505826038,21849920,0.18837,26.70000000,0
1505826032,21849918,0.18837,26.70000000,0
1505826026,21849916,0.18838,26.70000000,0
1505826021,21849911,0.18839,26.70000000,0
1505826015,21849908,0.18785,26.70000000,0
1505826010,21849907,0.18785,26.70000000,0
1505826004,21849872,0.18785,26.70000000,0
1505825999,21849867,0.18839,26.70000000,0
1505825993,21849866,0.18839,26.70000000,0
1505825987,21849864,0.18839,26.70000000,0
1505825981,21849863,0.18839,26.70000000,0
1505825975,21849862,0.18839,26.70000000,0
1505825968,21849859,0.18839,26.70000000,0
1505825962,21849858,0.18839,26.70000000,0
1505825957,21849856,0.18839,26.70000000,0
1505825951,21849855,0.18839,26.70000000,0
1505825946,21849853,0.18839,26.70000000,0
1505825933,21849846,0.18839,26.70000000,0
1505825927,21849845,0.18839,26.70000000,0
1505825921,21849843,0.18839,26.70000000,0
1505825915,21849842,0.18839,26.70000000,0
1505825909,21849840,0.18800,26.70000000,0
1505825902,21849828,0.18800,26.70000000,0
1505825895,21849821,0.18800,26.70000000,0
1505825889,21849787,0.18800,26.70000000,0
1505825883,21849783,0.18800,26.70000000,0
1505825876,21849778,0.18839,26.70000000,0
1505825871,21849774,0.18819,26.70000000,0
1505825864,21849773,0.18819,26.70000000,0
1505825858,21849770,0.18819,26.70000000,0
1505825851,21849768,0.18819,26.70000000,0
1505825845,21849765,0.18819,26.70000000,0
1505825838,21849763,0.18819,26.70000000,0
1505825832,21849758,0.18820,26.70000000,0
1505825827,21849747,0.18834,26.70000000,0
1505825821,21849745,0.18835,26.70000000,0
1505825815,21849741,0.18837,26.70000000,0
1505825810,21849739,0.18837,26.70000000,0
1505825804,21849737,0.18837,26.70000000,0
1505825799,21849735,0.18837,26.70000000,0
1505825793,21849733,0.18837,26.70000000,0
1505825788,21849730,0.18837,26.70000000,0
1505825782,21849726,0.18837,26.70000000,0
1505825776,21849721,0.18837,26.70000000,0
1505825771,21849717,0.18837,26.70000000,0
1505825765,21849709,0.18837,26.70000000,0
1505825760,21849708,0.18837,26.70000000,0
1505825754,21849707,0.18838,26.70000000,0
1505825748,21849706,0.18837,26.70000000,0
1505825742,21849701,0.18837,26.70000000,0
1505825737,21849700,0.18837,26.70000000,0
1505825731,21849697,0.18837,26.70000000,0
1505825726,21849696,0.18838,26.70000000,0
1505825719,21849695,0.18838,26.70000000,0
1505825714,21849693,0.18834,26.70000000,0
1505825707,21849690,0.18834,26.70000000,0
1505825702,21849685,0.18834,26.70000000,0
1505825696,21849673,0.18834,26.70000000,0
1505825691,21849664,0.18834,26.70000000,0
1505825685,21849655,0.18830,26.70000000,0
1505825680,21849641,0.18830,26.70000000,0
1505825674,21849628,0.18831,26.70000000,0
1505825669,21849605,0.18831,26.70000000,0
1505825663,21849570,0.18832,26.70000000,0
1505825657,21849568,0.18833,26.70000000,0
1505825652,21849566,0.18834,26.70000000,0
1505825644,21849563,0.18832,26.70000000,0
1505825639,21849562,0.18832,26.70000000,0
1505825633,21849561,0.18833,26.70000000,0
1505825583,21849531,0.18838,6777.94037279,0
1505825583,21849530,0.18837,1373.34952000,0
1505825445,21849471,0.18838,0.00775029,0
1505825444,21849470,0.18793,26.56861218,0
1505825441,21849469,0.18793,26.57638482,0
1505825178,21849307,0.18793,50.11380000,1
1505825033,21849172,0.18840,26.51008493,0
1505824946,21849119,0.18840,1.15000000,0
1505824946,21849118,0.18793,25.50000000,0
1505824940,21849114,0.18793,26.65000000,0
1505824933,21849111,0.18793,26.65000000,0
1505824927,21849101,0.18793,26.65000000,0
1505824921,21849097,0.18793,26.65000000,0
1505824916,21849096,0.18789,26.65000000,0
1505824910,21849093,0.18789,26.65000000,0
1505824904,21849084,0.18784,26.65000000,0
1505824898,21849081,0.18784,26.65000000,0
1505824892,21849078,0.18839,26.65000000,0
1505824887,21849076,0.18780,26.66000000,0
1505824881,21849072,0.18780,26.66000000,0
1505824875,21849069,0.18780,26.66000000,0
1505824870,21849062,0.18780,26.66000000,0
1505824864,21849058,0.18780,26.66000000,0
1505824858,21849051,0.18839,26.66000000,0
1505824853,21849050,0.18839,26.66000000,0
1505824847,21849047,0.18839,26.66000000,0
1505824804,21849004,0.18838,63.54177700,0
1505824626,21848894,0.18839,150.45215800,0
1505824408,21848769,0.18827,1359.82704000,0
1505824407,21848768,0.18825,1640.17296000,0
1505824273,21848669,0.18832,1108.60000000,0
1505824214,21848621,0.18837,33.36136327,0
1505824195,21848589,0.18839,3980.44381336,1
1505824193,21848588,0.18836,1844.82116000,0
1505824146,21848532,0.18837,107.06335800,0
1505823937,21848171,0.18838,26.51289946,0
1505823791,21847903,0.18728,26.77000000,0
1505823784,21847900,0.18734,26.77000000,0
1505823779,21847899,0.18738,26.77000000,0
1505823773,21847897,0.18738,26.77000000,0
1505823767,21847892,0.18742,26.77000000,0
1505823761,21847883,0.18743,26.77000000,0
1505823756,21847880,0.18743,26.77000000,0
1505823749,21847843,0.18746,26.78000000,0
1505823744,21847836,0.18747,26.78000000,0
1505823738,21847834,0.18821,26.77000000,0
1505823737,21847833,0.18675,56.58119700,1
1505823732,21847821,0.18752,26.78000000,0
1505823726,21847818,0.18728,26.78000000,0
1505823720,21847812,0.18728,26.78000000,0
1505823714,21847807,0.18728,26.78000000,0
1505823707,21847803,0.18783,26.78000000,0
1505823701,21847795,0.18735,26.78000000,0
1505823696,21847789,0.18735,26.78000000,0
1505823303,21847463,0.18676,1650.00000000,1
1505823257,21847441,0.18811,2427.94238599,0
1505823071,21847335,0.18838,3856.52000000,0
1505823069,21847331,0.18840,1.00324000,0
1505823069,21847330,0.18839,1430.75676000,0
1505823034,21847300,0.18839,56.86719040,0
1505823004,21847229,0.18839,63.53840400,0
1505822935,21847180,0.18830,10846.84030793,0
1505822657,21846906,0.18672,55.94366200,1
1505822583,21846805,0.18818,7898.20533532,0
1505822560,21846782,0.18735,372.00000000,0
1505822401,21846573,0.18722,141.32978000,1
1505822269,21846337,0.18808,2651.81364313,0
1505822222,21846300,0.18832,398.63285896,1
1505822222,21846299,0.18800,173.43351064,0
1505822220,21846298,0.18788,7.52586758,0
1505821957,21846152,0.18764,3406.85269665,0
1505821953,21846150,0.18764,26.61745896,0
1505821900,21846122,0.18688,4380.27319600,1
1505821900,21846121,0.18700,0.00000472,1
1505821742,21846053,0.18700,253.59337528,0
1505821729,21846050,0.18700,350.00000000,0
1505821716,21846047,0.18700,75.00000000,0
1505821702,21846042,0.18700,448.20200000,0
1505821689,21846033,0.18700,373.20200000,0
1505821586,21845915,0.18785,7366.73261000,0
1505821586,21845914,0.18785,2474.98719000,0
1505821586,21845912,0.18784,158.28020000,0
1505821562,21845886,0.18788,42.47413242,0
1505821492,21845695,0.18750,7369.78955642,1
1505821486,21845692,0.18750,3345.42962800,1
1505821486,21845691,0.18750,4664.02770400,1
1505821486,21845689,0.18750,1281.58258600,1
1505821486,21845688,0.18751,4947.98691000,1
1505821275,21845531,0.18695,270.00000000,1
1505821203,21845433,0.18764,63.67021300,0
1505820881,21845185,0.18690,7315.17810000,0
1505820881,21845184,0.18690,1684.82190000,1
1505820856,21845159,0.18800,26.56648936,0
1505820854,21845156,0.18691,200.00000000,1
1505820837,21845145,0.18694,4495.32841770,0
1505820837,21845144,0.18695,158.28020000,1
1505820837,21845142,0.18697,1325.32550000,1
1505820700,21844935,0.18689,3249.81539000,1
1505820657,21844820,0.18688,5619.72680400,1
1505820657,21844818,0.18692,1484.51512700,1
1505820651,21844806,0.18692,5066.13150000,1
1505820650,21844804,0.18692,3449.35337300,1
1505820650,21844803,0.18693,4766.13150000,1
1505820650,21844802,0.18693,300.00000000,1
1505820650,21844801,0.18694,1078.80781000,1
1505820524,21844606,0.18697,10927.17694209,0
1505820509,21844601,0.18697,2072.06865800,0
1505820495,21844522,0.18697,286.21750000,0
1505820480,21844510,0.18697,2645.38335742,0
1505820479,21844508,0.18697,1385.31017293,0
1505820479,21844507,0.18696,183.21681000,0
1505820476,21844498,0.18696,895.59100000,0
1505820421,21844465,0.18696,0.50178358,1
1505820420,21844464,0.18696,1281.84625000,0
1505820408,21844446,0.18697,2134.14633900,0
1505820401,21844445,0.18696,1180.12824100,0
1505820371,21844429,0.18696,1442.61436000,0
1505820371,21844428,0.18696,371.84564000,0
1505820357,21844417,0.18696,1151.14000000,0
1505820279,21844383,0.18697,1809.48790000,0
1505820277,21844382,0.18697,472.70421200,0
1505820277,21844381,0.18696,1809.48790000,0
1505820230,21844353,0.18696,1267.18857200,0
1505820187,21844346,0.18695,205.00000000,0
1505820184,21844345,0.18697,1892.75841286,1
1505820147,21844332,0.18697,55.78651700,1
1505819759,21844101,0.18800,100.00000000,0
1505819443,21843878,0.18836,0.00002062,1
1505819443,21843877,0.18836,1271.12580000,1
1505819435,21843855,0.18836,1700.78526000,1
1505819432,21843851,0.18836,2071.49559000,1
1505819432,21843850,0.18836,2952.08359700,1
1505819431,21843848,0.18836,13265.63100000,1
1505819423,21843837,0.18836,2895.86294700,1
1505819423,21843836,0.18837,2346.30993700,1
1505819423,21843835,0.18837,971.13989300,1
1505819404,21843818,0.18836,1328.87739500,1
1505819403,21843815,0.18840,63.53503200,0
1505819401,21843812,0.18836,29410.96435700,1
1505819398,21843808,0.18836,3077.80413000,1
1505819398,21843807,0.18837,3665.90757000,1
1505819379,21843793,0.18837,3858.78792174,0
1505819234,21843631,0.18837,1141.21207826,0
1505819233,21843630,0.18837,443.48729000,1
1505819233,21843629,0.18835,10000.00000000,0
1505819233,21843628,0.18834,443.48729000,0
1505819231,21843627,0.18820,988.68352816,0
1505819057,21843480,0.18731,55.63025200,1
1505818980,21843387,0.18820,9011.31647184,0
1505818934,21843367,0.18819,509.01468500,0
1505818877,21843251,0.18840,831.51099000,0
1505818872,21843230,0.18840,1491.77999569,0
1505818871,21843229,0.18835,0.00000431,0
1505818864,21843208,0.18835,407.40427000,0
1505818852,21843173,0.18835,750.19310000,0
1505818816,21843125,0.18835,3842.40262569,0
1505818816,21843124,0.18830,4249.80690000,0
1505818814,21843121,0.18779,205.00000000,0
1505818800,21843102,0.18726,191.77676000,1
1505818798,21843095,0.18830,750.19310000,0
1505818772,21843056,0.18828,686.87275000,0
1505818759,21843050,0.18840,218.94332000,0
1505818746,21843034,0.18840,1058.99232000,0
1505818732,21843023,0.18839,799.34190000,0
1505818720,21843011,0.18839,887.54652000,0
1505818708,21842994,0.18839,4811.05040062,1
1505818707,21842993,0.18839,986.86520000,0
1505818706,21842990,0.18833,952.29465000,0
1505818702,21842971,0.18833,1915.95733900,0
1505818693,21842945,0.18818,218.34033686,0
1505818680,21842922,0.18810,35.00000000,0
1505818673,21842908,0.18791,2000.00000000,0
1505818673,21842907,0.18790,217.85621641,0
1505818673,21842905,0.18784,81.49944000,0
1505818667,21842866,0.18783,1315.82663442,0
1505818660,21842850,0.18783,1643.53000000,0
1505818660,21842846,0.18783,5635.37054600,0
1505818654,21842836,0.18782,1156.66648000,1
1505818654,21842833,0.18783,3678.69384488,0
1505818653,21842828,0.18783,925.79584000,0
1505818648,21842809,0.18783,3134.59200829,0
1505818642,21842790,0.18783,441.99537606,0
1505818637,21842764,0.18782,983.61531131,0
1505818630,21842731,0.18782,3909.86614000,1
1505818628,21842709,0.18782,1090.13386000,0
1505818554,21842467,0.18697,406.74247430,1
1505818554,21842466,0.18701,1949.72260000,1
1505818537,21842443,0.18777,734.42303336,0
1505818537,21842440,0.18775,754.98120140,0
1505818495,21842420,0.18717,1744.21422184,1
1505818473,21842415,0.18717,0.00006306,0
1505818471,21842411,0.18717,1745.08633003,0
1505818437,21842393,0.18695,768.11785000,1
1505818437,21842392,0.18698,5378.20000000,1
1505818437,21842391,0.18698,1997.80860000,1
1505818437,21842389,0.18699,16855.87355000,1
1505818112,21842036,0.18695,57.00000000,1
1505817920,21841620,0.18783,270.38915460,1
1505817837,21841434,0.18783,313.46406373,0
1505817768,21841391,0.18783,519.10436772,1
1505817768,21841390,0.18762,217.37239041,0
1505817766,21841387,0.18761,2549.72133000,0
1505817600,21841307,0.18734,27.22323049,1
1505817553,21841288,0.18760,4850.07451892,0
1505817551,21841283,0.18760,2577.49541577,0
1505817549,21841282,0.18753,81.39885000,0
1505817466,21841240,0.18734,0.00012345,0
1505817435,21841217,0.18706,249.33332471,0
1505817422,21841211,0.18706,100.66667529,1
1505817351,21841175,0.18734,216.88902530,0
1505817334,21841155,0.18710,4533.12629294,1
1505817285,21841061,0.18710,4042.66188600,1
1505817285,21841059,0.18710,1001.00000000,1
1505817284,21841058,0.18710,1128.78131900,1
1505817275,21841054,0.18710,1541.52859400,1
1505817265,21841044,0.18710,115.00000000,1
1505817186,21841022,0.18706,3.08764671,0
1505817102,21840869,0.18706,84.14624564,0
1505816946,21840650,0.18706,129.17204800,0
1505816646,21840556,0.18640,255.14748200,1
1505816568,21840473,0.18705,312.33894680,1
1505816566,21840469,0.18678,215.92305447,0
1505816537,21840440,0.18640,55.78651700,1
1505816473,21840394,0.18640,1485.98620715,0
1505816472,21840391,0.18577,53.75720000,0
1505816452,21840383,0.18577,84.16950000,0
1505816452,21840382,0.18576,53.75720000,0
1505816417,21840366,0.18579,44.07330000,1
1505816402,21840308,0.18640,46.14039699,0
1505816402,21840307,0.18608,219.00000000,0
1505816275,21840203,0.18640,3902.14313444,0
1505816160,21840053,0.18640,268.35177038,0
1505816159,21840052,0.18640,181.09005800,0
1505816145,21840032,0.18640,2372.30332822,0
1505816141,21840027,0.18640,267.57140558,0
1505816139,21840025,0.18640,3690.59207524,0
1505816025,21839905,0.18640,8812.48747100,0
1505816025,21839904,0.18639,174.71000000,0
1505815891,21839837,0.18640,2740.55674500,0
1505815803,21839820,0.18640,64.21673800,0
1505815590,21839661,0.18639,445.70800107,1
1505815498,21839513,0.18588,219.00000000,0
1505815457,21839470,0.18536,55.63025200,1
1505815200,21839162,0.18536,417.79015000,1
1505814948,21838940,0.18536,445.05325500,1
1505814850,21838912,0.18630,5947.14464745,0
1505814700,21838799,0.18617,3570.56112381,0
1505814577,21838658,0.18509,1871.00256910,0
1505814577,21838656,0.18532,1316.74850000,1
1505814577,21838654,0.18532,215.92305447,1
1505814577,21838652,0.18532,482.48169643,0
1505814486,21838618,0.18635,173.67080900,0
1505814416,21838598,0.18638,50.00000000,0
1505814397,21838585,0.18630,100.00000000,0
1505814058,21838289,0.18540,74.24076000,1
1505814058,21838288,0.18540,200.00000000,1
1505814058,21838287,0.18541,2500.00000000,1
1505814057,21838286,0.18550,100.00000000,1
1505814003,21838232,0.18584,64.20984900,0
1505813938,21838195,0.18508,414.97941000,1
1505813936,21838194,0.18551,1329.23140000,1
1505813936,21838193,0.18560,216.40588456,1
1505813758,21838107,0.18557,0.00005579,0
1505813752,21838106,0.18557,1344.46870000,1
1505813752,21838105,0.18588,216.88914875,1
1505813751,21838104,0.18602,100.00000000,1
1505813751,21838103,0.18602,88.16965046,1
1505813679,21838065,0.18602,748.21882500,1
1505813676,21838061,0.18602,1174.41675810,1
1505813676,21838060,0.18602,153.46334190,1
1505813674,21838059,0.18602,108.19319600,1
1505813674,21838058,0.18607,608.35090000,1
1505813674,21838057,0.18608,159.68390000,1
1505813671,21838055,0.18607,2381.15778043,1
1505813670,21838054,0.18607,661.06837957,1
1505813670,21838053,0.18660,481.75912043,1
1505813669,21838052,0.18661,200.00000000,1
1505813612,21838027,0.18661,4128.73453800,1
1505813594,21838012,0.18697,2539.86692064,1
1505813593,21838005,0.18697,2538.59768516,0
1505813592,21837998,0.18699,11448.72765650,1
1505813591,21837989,0.18697,0.00008936,0
1505813591,21837987,0.18697,2539.86692064,0
1505813588,21837977,0.18699,2538.59770649,0
1505813584,21837968,0.18702,3321.92447403,0
1505813580,21837949,0.18705,11448.72776633,0
1505813577,21837940,0.18707,11448.72776633,0
1505813576,21837935,0.18661,3376.90243800,1
1505813572,21837917,0.18708,3356.38455826,0
1505813566,21837898,0.18661,550.92026200,1
1505813556,21837894,0.18662,1279.30484700,1
1505813532,21837880,0.18661,1346.91010000,1
1505813532,21837879,0.18661,545.59460000,1
1505813508,21837860,0.18727,1225.04501282,0
1505813505,21837856,0.18661,550.93806200,1
1505813469,21837811,0.18662,1038.80541400,1
1505813469,21837810,0.18662,2574.31615600,1
1505813458,21837753,0.18662,2900.00000000,1
1505813443,21837724,0.18734,99.99746233,1
1505813441,21837718,0.18734,216.88914614,0
1505813439,21837715,0.18734,0.00000261,0
1505813439,21837713,0.18706,0.15591539,0
1505813439,21837712,0.18700,100.00000000,0
1505813439,21837710,0.18690,3404.80176200,0
1505813418,21837699,0.18662,3777.23999600,1
1505813418,21837698,0.18662,2989.17314000,1
1505813317,21837570,0.18697,125.90369319,1
1505813068,21837437,0.18706,152.25986096,0
1505813068,21837436,0.18705,159.52090000,0
1505812938,21837378,0.18697,55.94366200,1
1505812890,21837356,0.18660,482.00000000,0
1505812754,21837283,0.18697,6610.51187293,0
1505812693,21837213,0.18603,7711.50907224,0
1505812692,21837211,0.18606,2715.63666000,1
1505812692,21837210,0.18607,159.52090000,1
1505812692,21837208,0.18609,1708.77330000,1
1505812566,21837090,0.18700,116.08510000,0
1505812202,21836663,0.18706,63.99016400,0
1505812117,21836608,0.18610,548.48170000,1
1505812113,21836607,0.18609,1348.94510000,1
1505811861,21836439,0.18602,55.94366200,1
1505811840,21836428,0.18602,82.19990005,0
1505811838,21836425,0.18602,399.80009995,0
1505811610,21836321,0.18540,556.05044725,1
1505811601,21836317,0.18538,135.10957000,1
1505811570,21836298,0.18636,2504.66960989,1
1505811559,21836291,0.18636,3709.57448400,1
1505811557,21836289,0.18637,897.97285500,1
1505811554,21836287,0.18636,977.38144767,0
1505811523,21836267,0.18636,188.87681000,0
1505811417,21836228,0.18636,399.30481000,1
1505811310,21836194,0.18642,2359.03821000,0
1505811230,21836049,0.18700,7192.28186600,0
1505811230,21836048,0.18695,2223.34395000,0
1505811230,21836047,0.18693,7056.24945600,0
1505811230,21836045,0.18693,3528.12472800,0
1505811046,21835889,0.18700,5977.29276868,1
1505811043,21835887,0.18690,2641.59678000,0
1505811043,21835886,0.18689,3677.20670800,0
1505810983,21835835,0.18700,100.00000000,1
1505810869,21835654,0.18694,10887.65861000,0
1505810826,21835631,0.18694,232.00643700,0
1505810646,21835440,0.18692,2211.16241300,0
1505810404,21835303,0.18615,64.10325100,0
1505810400,21835302,0.18636,365.78716947,1
1505810364,21835288,0.18600,54.58662088,0
1505810093,21835186,0.18558,10968.23835265,0
1505810093,21835185,0.18558,10000.00000000,1
1505810093,21835184,0.18560,216.40594035,1
1505810092,21835183,0.18568,4141.93758000,1
1505810092,21835181,0.18571,1342.34300000,1
1505809968,21835086,0.18650,2679.61324032,1
1505809967,21835084,0.18650,11387.91093200,1
1505809964,21835076,0.18712,2832.82976058,1
1505809962,21835073,0.18706,216.40594035,0
1505809951,21835057,0.18650,543.52745782,1
1505809951,21835056,0.18678,0.00000318,1
1505809929,21835011,0.18678,215.92333682,0
1505809808,21834877,0.18651,2828.49843000,1
1505809807,21834872,0.18650,84.00000000,0
1505809807,21834871,0.18650,215.44078389,0
1505809806,21834870,0.18650,26945.50831379,0
1505809805,21834868,0.18650,427.26752463,0
1505809772,21834746,0.18635,1355.58177000,1
1505809758,21834727,0.18647,2934.44142000,0
1505809720,21834668,0.18605,250.00000000,0
1505809504,21834500,0.18504,2937.10256130,1
1505809504,21834499,0.18520,1745.08639309,1
1505809503,21834495,0.18525,1337.71280000,0
1505809502,21834494,0.18525,980.09824561,1
1505809494,21834486,0.18609,318.06616000,0
1505809338,21834264,0.18530,55.54866200,1
1505809338,21834263,0.18602,0.39500000,1
1505809203,21834191,0.18586,565.00000000,0
1505809031,21834072,0.18647,808.18226000,1
1505808925,21833990,0.18637,4586.17736577,1
1505808925,21833989,0.18637,1340.04970000,0
1505808906,21833855,0.18636,198.98849500,0
1505808683,21833735,0.18523,1626.87512600,1
1505808619,21833693,0.18649,4540.08390161,0
1505808619,21833691,0.18622,214.95914087,0
1505808619,21833690,0.18621,754.37563000,0
1505808619,21833689,0.18616,3771.87814000,0
1505808619,21833686,0.18594,214.47756792,0
1505808606,21833678,0.18566,149.52366617,0
1505808604,21833675,0.18566,64.47269200,0
1505808551,21833618,0.18530,11392.00000000,0
1505808496,21833535,0.18500,946.00000000,0
1505808482,21833514,0.18489,1261.50256100,0
1505808476,21833504,0.18489,14235.49743900,0
1505808470,21833495,0.18489,6503.00000000,0
1505808464,21833486,0.18489,1348.62797712,0
1505808461,21833481,0.18489,9998.00000000,0
1505808458,21833472,0.18490,1229.98421700,0
1505808414,21833421,0.18477,1443.00000000,0
1505808397,21833404,0.18401,1780.01896000,0
1505808396,21833401,0.18403,706.78104000,1
1505808395,21833400,0.18403,783.79746000,1
1505808395,21833399,0.18404,1168.66704000,1
1505808394,21833397,0.18403,648.20250000,1
1505808259,21833318,0.18401,55.94366200,1
1505808195,21833307,0.18497,1147.44980000,0
1505808195,21833306,0.18497,1318.55020000,0
1505808195,21833305,0.18450,565.00000000,0
1505808124,21833256,0.18400,23695.61410608,1
1505808124,21833255,0.18420,213.99635817,1
1505808124,21833254,0.18443,2704.27804587,1
1505808124,21833253,0.18447,979.48344988,1
1505808124,21833252,0.18453,2500.00000000,1
1505808124,21833251,0.18453,1320.59950000,1
1505808123,21833250,0.18454,14396.00497000,1
1505808123,21833249,0.18454,4190.02357000,1
1505808006,21833189,0.18500,22000.00000000,0
1505808000,21833183,0.18448,928.72809000,1
1505807659,21832848,0.18499,28.00000000,0
1505807650,21832847,0.18427,509.84033208,1
1505807650,21832846,0.18448,186.47756792,1
1505807569,21832807,0.18448,28.00000000,1
1505807458,21832645,0.18449,978.00000000,1
1505807419,21832549,0.18575,995.27609924,0
1505807399,21832514,0.18500,3904.83942860,1
1505807399,21832513,0.18500,2030.67278800,1
1505807396,21832505,0.18501,3491.03384000,1
1505807394,21832500,0.18499,4074.96995000,0
1505807340,21832426,0.18499,1125.89771614,1
1505807337,21832418,0.18499,5053.35100000,0
1505807325,21832409,0.18497,7921.43058000,0
1505807145,21832123,0.18486,1222.64000000,0
1505807143,21832119,0.18486,2662.85000000,0
1505807139,21832097,0.18487,1059.47000000,0
1505807094,21832001,0.18464,6348.90647900,0
1505807094,21832000,0.18463,3651.09352100,0
1505806944,21831761,0.18474,1871.63000000,0
1505806941,21831757,0.18475,4093.39000000,0
1505806926,21831686,0.18483,138.34220500,0
1505806904,21831644,0.18381,9280.81523953,1
1505806904,21831642,0.18476,214.95914087,1
1505806872,21831516,0.18501,1338.19180000,0
1505806870,21831509,0.18486,1324.17770000,1
1505806869,21831501,0.18506,1331.06040000,0
1505806869,21831498,0.18498,970.63783800,0
1505806868,21831482,0.18506,1331.06040000,0
1505806867,21831481,0.18498,553.59707000,0
1505806867,21831480,0.18500,417.04076800,1
1505806867,21831477,0.18500,553.59706983,1
1505806866,21831474,0.18520,2714.77206417,1
1505806866,21831472,0.18520,1533.72321000,1
1505806863,21831453,0.18520,751.50472583,1
1505806863,21831450,0.18522,1536.62087131,1
1505806858,21831412,0.18522,2352.57787869,1
1505806804,21831373,0.18573,64.27190700,0
1505806687,21831298,0.18650,17.22416158,0
1505806687,21831297,0.18638,1607.77879795,0
1505806687,21831296,0.18638,902.73035000,0
1505806687,21831295,0.18622,214.95914087,0
1505806687,21831294,0.18601,4513.65173000,0
1505806687,21831293,0.18599,2239.43020000,0
1505806647,21831268,0.18568,2151.65906000,0
1505806647,21831267,0.18567,16430.81044000,0
1505806647,21831266,0.18566,1417.53050000,0
1505806421,21831132,0.18474,15054.89738507,1
1505806421,21831131,0.18475,14945.10261493,1
1505806391,21831114,0.18465,15074.40278754,1
1505806391,21831113,0.18465,14925.59721246,1
1505806031,21830858,0.18340,10758.10829516,1
1505806031,21830857,0.18340,9495.77438040,1
1505806030,21830856,0.18341,3830.98300000,0
1505806030,21830855,0.18341,1429.93000000,0
1505806030,21830854,0.18476,214.95914087,1
1505806028,21830852,0.18479,4727.01956397,1
1505806010,21830833,0.18504,3593.07170884,1
1505806010,21830832,0.18537,509.35970000,1
1505806003,21830825,0.18334,37003.18894511,1
1505806002,21830824,0.18467,541.50647100,1
1505806002,21830823,0.18468,2239.86380000,1
1505806000,21830822,0.18504,215.44078389,1
1505805974,21830804,0.18329,8133.91976122,1
1505805974,21830803,0.18329,6440.35185674,0
1505805974,21830802,0.18330,100.00000000,1
1505805974,21830801,0.18330,2500.00000000,1
1505805973,21830800,0.18341,1521.89324000,1
1505805973,21830799,0.18388,1568.17641940,1
1505805973,21830798,0.18400,2000.00000000,1
1505805973,21830797,0.18400,100.00000000,1
1505805972,21830796,0.18470,1450.00000000,1
1505805972,21830795,0.18503,540.45289953,1
1505805972,21830794,0.18504,1340.47543929,1
1505805971,21830793,0.18505,1025.97242000,1
1505805971,21830792,0.18532,159.66271382,1
1505805971,21830788,0.18540,6679.45500000,1
1505805969,21830781,0.18541,5125.92125000,1
1505805969,21830780,0.18541,1313.71900000,1
1505805908,21830752,0.18620,400.00000000,0
1505805757,21830633,0.18600,800.00000000,0
1505805743,21830628,0.18625,1000.00000000,0
1505805737,21830626,0.18532,56.26062300,1
1505805717,21830614,0.18600,1000.00000000,0
1505805611,21830540,0.18599,993.00000000,0
1505805600,21830534,0.18537,559.96698000,1
1505805586,21830531,0.18580,1668.95450000,0
1505805585,21830529,0.18580,5000.00000000,1
1505805585,21830528,0.18582,1331.04550000,1
1505805323,21830336,0.18647,160.00000000,0
1505805297,21830322,0.18580,5000.00000000,1
1505805288,21830316,0.18568,3758.00000000,1
1505805111,21830089,0.18539,3281.35206334,1
1505805111,21830088,0.18539,1336.63190000,1
1505805111,21830086,0.18550,1000.00000000,1
1505805111,21830085,0.18551,382.01603666,1
1505805073,21830016,0.18600,726.17900000,0
1505805026,21829980,0.18532,7528.21306270,1
1505805026,21829978,0.18536,1331.64610000,1
1505805026,21829977,0.18542,923.73489695,1
1505805026,21829976,0.18560,216.40594035,1
1505805003,21829956,0.18613,64.30643600,0
1505804949,21829905,0.18593,499.75012493,0
1505804902,21829870,0.18548,3486.24436581,1
1505804902,21829869,0.18555,3586.80033580,1
1505804902,21829868,0.18588,216.88914875,1
1505804902,21829866,0.18607,537.43214919,1
1505804901,21829863,0.18644,0.00000045,1
1505804827,21829753,0.18680,6375.17553533,0
1505804693,21829652,0.18644,992.99999955,1
1505804692,21829650,0.18675,293.56446445,1
1505804656,21829573,0.18675,56.26062300,1
1505804652,21829566,0.18680,1418.85135100,1
1505804652,21829564,0.18680,5481.14864900,1
1505804512,21829344,0.18729,300.00000000,1
1505804456,21829270,0.18675,433.03301495,0
1505804400,21829241,0.18668,581.30845533,1
1505804400,21829240,0.18698,34.38870467,1
1505804298,21829171,0.18728,1448.36132200,1
1505804273,21829134,0.18750,416.26682768,0
1505804273,21829132,0.18734,157.06476528,0
1505804267,21829123,0.18728,1606.09276500,1
1505804248,21829101,0.18728,1435.04785600,1
1505804246,21829099,0.18728,756.04397000,1
1505804239,21829094,0.18728,1448.36132200,1
1505804239,21829092,0.18728,157.73144300,1
1505804236,21829085,0.18728,1448.36132200,1
1505804166,21828994,0.18734,59.82438347,0
1505804166,21828993,0.18729,1814.20549814,0
1505804165,21828992,0.18728,789.26112900,0
1505804097,21828944,0.18728,1101.24451100,0
1505804043,21828847,0.18728,52.83982000,0
1505804017,21828795,0.18728,475.55834000,0
1505804001,21828735,0.18728,81.09620000,1
1505803988,21828691,0.18729,3023.29831000,0
1505803986,21828685,0.18729,5727.36217186,0
1505803983,21828674,0.18728,2400.00000000,1
1505803975,21828667,0.18729,2787.25882000,0
1505803948,21828631,0.18720,1000.00000000,0
1505803924,21828613,0.18719,858.32486700,0
1505803924,21828612,0.18719,1508.72346700,0
1505803907,21828601,0.18715,0.00000219,1
1505803902,21828596,0.18715,795.19981781,0
1505803840,21828500,0.18715,50.00000000,0
1505803830,21828487,0.18715,522.82747000,0
1505803827,21828484,0.18698,500.00000000,1
1505803818,21828474,0.18715,631.97271219,0
1505803818,21828472,0.18706,0.00000035,0
1505803752,21828376,0.18706,216.40594000,0
1505803712,21828349,0.18700,3563.93760000,0
1505803709,21828347,0.18700,3563.93760000,0
1505803633,21828256,0.18698,5183.48732484,0
1505803632,21828255,0.18697,3358.93632000,1
1505803632,21828252,0.18686,1319.34100000,0
1505803630,21828251,0.18660,26030.00000000,0
1505803609,21828189,0.18658,7000.00000000,1
1505803557,21828106,0.18678,0.00000318,1
1505803553,21828093,0.18678,215.92333682,0
1505803515,21828034,0.18660,1305.17490000,0
1505803482,21827947,0.18660,10700.00000000,0
1505803365,21827714,0.18658,8254.48770600,1
1505803359,21827700,0.18658,2313.00000000,1
1505803335,21827656,0.18658,37310.00000000,1
1505803335,21827655,0.18658,4295.03197000,1
1505803328,21827619,0.18658,7960.22446000,0
1505803307,21827574,0.18658,30.00000000,0
1505803288,21827539,0.18580,4639.21473000,1
1505803285,21827526,0.18549,3305.86745800,0
1505803285,21827525,0.18549,3772.01964200,0
1505803284,21827523,0.18549,5448.14000000,0
1505803284,21827519,0.18550,5000.00000000,0
1505803284,21827518,0.18551,7661.25400000,1
1505803283,21827516,0.18551,2500.00000000,0
1505803282,21827512,0.18555,2312.71890000,0
1505803208,21827302,0.18623,809.14805300,0
1505803203,21827290,0.18623,64.15478600,0
1505803200,21827274,0.18587,511.48554000,1
1505803186,21827229,0.18656,690.82700000,0
1505803181,21827207,0.18658,1351.79000000,0
1505803158,21827152,0.18658,5346.26556973,0
1505803148,21827129,0.18659,691.53600000,0
1505803147,21827127,0.18659,140.86921611,0
1505803147,21827126,0.18650,215.44078389,0
1505803146,21827122,0.18649,2141.66157000,0
1505803124,21827083,0.18649,30.00000000,0
1505803114,21827042,0.18641,30.00000000,0
1505803107,21827010,0.18505,12950.15100990,0
1505803106,21827009,0.18541,5000.00000000,0
1505803106,21827008,0.18542,2500.00000000,0
1505803105,21827004,0.18544,1335.15689010,0
1505803105,21827001,0.18544,6646.38700000,1
1505803105,21827000,0.18544,1945.30510000,1
1505803078,21826913,0.18646,30.00000000,0
1505803072,21826899,0.18400,166.66364129,0
1505803071,21826897,0.18428,865.02168682,1
1505803071,21826896,0.18428,21111.02408800,0
1505803071,21826894,0.18457,5000.00000000,1
1505803071,21826893,0.18457,3018.84980000,0
1505803069,21826890,0.18504,215.44078389,1
1505803068,21826889,0.18648,30.00000000,0
1505803011,21826832,0.18428,2022.97831318,1
1505803011,21826831,0.18452,1000.00000000,1
1505803011,21826830,0.18452,3004.08530000,0
1505803010,21826829,0.18468,888.00000000,1
1505803010,21826828,0.18469,601.18574000,1
1505803010,21826827,0.18471,1763.57950000,0
1505803010,21826826,0.18471,5000.00000000,0
1505803009,21826825,0.18487,3004.24781000,1
1505803009,21826824,0.18489,2500.00000000,0
1505803007,21826823,0.18532,215.92333682,1
1505802952,21826799,0.18609,30.00000000,0
1505802928,21826781,0.18518,758.32285000,1
1505802928,21826780,0.18518,3791.72976000,1
1505802921,21826773,0.18543,1316.41359965,1
1505802921,21826772,0.18560,216.40594035,1
1505802921,21826771,0.18600,100.00000000,1
1505802921,21826770,0.18605,100.00000000,1
1505802547,21826520,0.18616,30.00000000,0
1505802411,21826401,0.18599,5387.40788977,1
1505802389,21826390,0.18599,3948.98382600,1
1505802377,21826383,0.18620,36.96450054,0
1505802342,21826328,0.18599,10000.00000000,1
1505802279,21826303,0.18634,30.00000000,0
1505802270,21826301,0.18599,1265.25658300,1
1505802259,21826295,0.18600,1322.10520000,1
1505802256,21826294,0.18600,1234.13600000,1
1505802255,21826292,0.18639,5164.40533290,0
1505802187,21826258,0.18650,158.48339347,1
1505802147,21826247,0.18699,509.88036744,0
1505802137,21826241,0.18650,56.26062300,1
