date,tid,price,amount,type
1506211059,22134584,3163.60,0.80610316,1
1506211042,22134569,3163.40,0.13983478,1
1506211042,22134568,3163.40,0.13983478,1
1506211037,22134566,3163.40,0.13983478,1
1506210992,22134543,3162.90,1.71059139,1
1506210992,22134542,3163.00,2.64010000,1
1506210925,22134487,3161.91,3.14550549,1
1506210846,22134449,3164.90,0.01115509,1
1506210777,22134412,3164.11,2.87932621,1
1506210776,22134411,3164.11,0.18115759,1
1506210701,22134388,3174.89,0.02834817,0
1506210701,22134387,3172.02,0.01581261,0
1506210687,22134384,3172.09,0.00322646,1
1506210662,22134370,3166.20,2.61475636,1
1506210521,22134301,3165.47,0.72547124,1
1506210509,22134293,3165.31,0.47362961,1
1506210467,22134256,3164.30,0.60567963,1
1506210465,22134253,3164.21,0.34919528,1
1506210465,22134252,3166.15,0.18367824,1
1506210323,22134106,3172.02,0.01549236,0
1506210268,22134043,3174.97,0.07881871,0
1506210267,22134042,3166.91,0.05446432,1
1506210264,22134036,3166.97,0.21336761,1
1506210264,22134032,3175.00,0.06099461,0
1506210260,22134029,3174.99,0.33270971,0
1506210237,22133999,3166.57,0.54149968,1
1506210231,22133995,3172.11,0.16720891,1
1506210228,22133990,3172.11,0.53318561,0
1506210225,22133980,3172.11,0.65895372,0
1506210222,22133974,3161.01,0.40000000,1
1506210222,22133973,3168.01,0.07425165,1
1506210208,22133930,3167.70,1.56046701,1
1506210208,22133928,3167.71,0.21370327,1
1506210208,22133926,3172.08,0.00047466,1
1506210204,22133903,3172.08,0.65831253,0
1506210198,22133883,3167.50,0.04844546,1
1506210196,22133874,3167.50,0.01847473,1
1506210196,22133873,3172.08,0.65831431,1
1506210196,22133870,3167.53,0.12006751,1
1506210178,22133809,3175.00,1.51705041,0
1506210177,22133807,3172.10,0.01501590,0
1506210160,22133751,3170.79,0.15623867,1
1506210156,22133731,3170.80,1.53351950,0
1506210151,22133723,3170.79,0.67930322,0
1506210143,22133706,3170.00,0.01000000,0
1506210143,22133705,3170.00,0.03297190,0
1506210143,22133701,3169.46,0.00888687,0
1506210140,22133694,3161.71,1.91652142,1
1506210140,22133693,3161.71,1.05595693,1
1506210133,22133672,3167.33,0.07548113,1
1506210107,22133645,3167.10,0.36084360,1
1506210020,22133471,3169.46,0.04721000,0
1506210019,22133469,3166.57,0.16524898,1
1506209823,22133305,3169.46,0.01135000,0
1506209611,22133115,3167.32,0.00324517,0
1506209581,22133082,3160.20,11.55405800,0
1506209578,22133076,3160.20,0.03554234,0
1506209573,22133060,3160.20,0.04241230,0
1506209570,22133056,3160.20,0.05061016,0
1506209560,22133050,3160.20,0.01574267,0
1506209559,22133049,3160.20,0.06040126,0
1506209558,22133047,3160.20,0.30429086,0
1506209555,22133044,3160.20,0.04122495,0
1506209550,22133041,3160.20,0.01949670,0
1506209545,22133039,3160.20,0.07212610,0
1506209531,22133026,3160.20,0.02161080,0
1506209523,22133023,3160.20,0.01951164,0
1506209478,22132994,3160.20,0.11745000,0
1506209431,22132922,3154.50,0.02543377,1
1506209367,22132884,3160.20,0.02528320,0
1506209352,22132850,3160.20,0.28489100,0
1506209338,22132839,3160.20,0.11745000,0
1506209324,22132835,3160.20,0.11745000,0
1506209319,22132832,3160.20,0.11745000,0
1506209315,22132829,3160.20,0.11745000,0
1506209310,22132821,3160.20,0.11745000,0
1506209305,22132819,3160.20,0.11745000,0
1506209284,22132816,3153.20,0.24283466,1
1506209243,22132798,3160.20,0.00474654,0
1506209206,22132787,3160.20,0.01173600,0
1506209200,22132784,3160.20,0.11736000,0
1506209200,22132783,3160.20,0.31106739,0
1506209195,22132781,3160.20,0.11736000,0
1506209189,22132780,3160.20,0.00520599,0
1506209184,22132777,3160.20,0.04685390,0
1506209184,22132776,3160.20,0.01513760,0
1506209110,22132764,3160.17,0.10000000,0
1506209107,22132763,3160.20,0.20817669,0
1506209105,22132762,3160.17,0.53359468,0
1506209073,22132750,3160.19,0.03116724,0
1506208941,22132690,3160.17,0.13647515,0
1506208158,22132383,3160.17,0.11425000,0
1506208138,22132373,3160.16,0.08141719,0
1506207987,22132324,3160.17,0.21568017,0
1506207987,22132323,3160.16,0.24000000,0
1506207889,22132298,3159.95,0.15540284,0
1506207884,22132296,3159.96,0.01243390,0
1506207712,22132216,3159.45,0.15084569,0
1506207644,22132197,3159.55,0.15025000,0
1506207640,22132195,3159.56,0.32334451,0
1506207639,22132192,3159.56,0.03483800,0
1506207639,22132191,3159.56,0.00316498,0
1506207636,22132188,3159.56,0.26999458,0
1506207441,22132119,3159.86,0.03723395,0
1506207406,22132096,3159.91,0.04650000,0
1506207248,22132019,3157.69,0.02842584,0
1506207104,22131969,3158.01,0.01546580,0
1506206973,22131945,3158.22,0.00500000,0
1506206637,22131799,3158.91,0.02563183,0
1506206625,22131798,3158.94,0.05352854,0
1506206623,22131797,3158.95,0.01612896,0
1506206525,22131778,3159.18,0.07262011,0
1506206484,22131736,3159.26,0.11353995,0
1506206388,22131640,3159.52,0.12444734,0
1506206285,22131604,3159.79,0.07260609,0
1506206245,22131597,3159.88,0.09624477,0
1506206225,22131587,3159.94,0.02904169,0
1506206196,22131570,3155.90,0.02639016,0
1506206111,22131553,3156.08,0.00490601,0
1506206023,22131536,3156.30,0.01112400,0
1506205898,22131459,3146.51,0.06159102,0
1506205896,22131456,3146.51,0.00624025,0
1506205895,22131455,3146.51,0.07216873,1
1506205846,22131435,3158.84,0.09547819,0
1506205806,22131422,3158.88,0.02943217,0
1506205784,22131415,3158.95,0.04597473,0
1506205784,22131414,3158.93,0.13831718,0
1506205623,22131339,3159.53,0.02984669,0
1506205597,22131320,3159.61,0.01104246,0
1506205544,22131292,3159.69,0.02979086,0
1506205425,22131246,3159.87,0.03075077,0
1506205345,22131105,3159.68,0.03575759,0
1506205345,22131104,3154.00,0.02418600,0
1506205320,22131067,3154.00,0.01464511,0
1506205299,22131020,3154.00,0.02183128,0
1506205288,22131010,3154.00,1.00000000,0
1506205271,22130984,3154.00,0.01588861,0
1506205237,22130958,3147.00,0.38055657,0
1506205051,22130886,3147.00,0.01104544,0
1506205032,22130875,3146.99,0.12547533,0
1506205032,22130873,3146.99,0.07217400,0
1506204963,22130847,3146.99,0.00889079,0
1506204940,22130834,3139.70,0.03360000,1
1506204923,22130828,3146.99,0.00949388,0
1506204885,22130810,3138.91,0.17359375,1
1506204823,22130772,3146.99,0.14085600,0
1506204821,22130769,3146.99,0.19541300,0
1506204792,22130754,3146.99,0.19541300,0
1506204785,22130746,3146.99,0.19541300,0
1506204697,22130721,3146.99,0.05687100,0
1506204675,22130691,3147.00,0.30299015,0
1506204565,22130599,3146.99,0.07545305,1
1506204523,22130576,3147.00,0.02991431,0
1506204523,22130575,3147.00,0.33242897,0
1506204445,22130526,3146.99,0.00988896,0
1506204424,22130522,3138.49,0.02013928,1
1506204408,22130517,3147.00,0.03764537,0
1506204404,22130515,3147.00,0.02991015,0
1506204403,22130514,3147.00,0.04754369,0
1506204083,22130367,3146.98,0.15115157,0
1506204083,22130365,3146.98,0.11017682,0
1506204064,22130359,3147.00,0.00889113,0
1506204019,22130328,3146.55,0.09909487,1
1506204019,22130327,3146.54,0.00253113,0
1506204012,22130322,3146.54,0.22250203,0
1506204012,22130321,3146.54,0.08496684,0
1506204010,22130318,3146.57,0.64744992,0
1506204008,22130315,3146.58,0.64742792,0
1506204008,22130314,3146.58,0.03076716,0
1506204007,22130313,3146.58,0.07999084,0
1506204006,22130308,3146.58,0.56245967,0
1506203993,22130295,3146.65,0.08831811,0
1506203993,22130293,3146.65,0.08833100,0
1506203979,22130290,3146.72,0.08946082,0
1506203966,22130286,3146.76,0.10708700,0
1506203931,22130259,3146.85,0.12089600,0
1506203908,22130230,3142.75,0.13800000,1
1506203902,22130225,3146.88,0.06883214,0
1506203900,22130223,3146.87,0.25000000,0
1506203821,22130198,3147.00,0.14369000,0
1506203813,22130182,3138.10,0.63068484,0
1506203813,22130181,3138.29,0.03168307,1
1506203813,22130180,3138.33,0.17722502,1
1506203812,22130179,3139.61,0.00324449,1
1506203812,22130178,3141.00,1.20723597,1
1506203812,22130177,3141.50,1.09000000,1
1506203810,22130176,3141.87,0.21154407,1
1506203808,22130174,3147.00,0.15880000,0
1506203797,22130172,3147.00,0.17535430,0
1506203796,22130169,3147.00,0.17534900,0
1506203781,22130162,3147.00,0.19384900,0
1506203768,22130151,3147.00,0.21417300,0
1506203756,22130146,3147.00,0.23670900,0
1506203746,22130141,3147.00,0.30646100,0
1506203729,22130131,3147.00,0.32282900,0
1506203725,22130126,3147.00,0.08859866,0
1506203724,22130124,3145.00,0.23438551,0
1506203699,22130099,3145.00,0.10030000,0
1506203686,22130092,3145.00,0.01531449,0
1506203569,22130062,3146.99,0.07817946,0
1506203564,22130054,3146.99,0.00261000,0
1506203554,22130053,3147.00,0.39816167,0
1506203554,22130052,3146.99,0.16000000,0
1506203531,22130038,3146.99,0.07657760,0
1506203523,22130037,3146.99,0.08664787,1
1506203486,22130005,3146.99,0.03152119,0
1506203447,22129963,3146.99,0.02939030,0
1506203429,22129953,3147.00,0.00740921,0
1506203428,22129952,3146.99,0.01461439,0
1506203427,22129951,3146.99,0.03163080,0
1506203427,22129950,3146.99,0.09128671,0
1506203423,22129946,3146.99,0.03553860,0
1506203421,22129945,3146.99,0.03692950,0
1506203419,22129943,3141.20,0.18900000,1
1506203415,22129942,3146.99,0.05393680,0
1506203405,22129933,3146.99,0.02916119,0
1506203392,22129921,3146.97,0.15800900,0
1506203344,22129900,3146.97,0.14580691,0
1506203340,22129890,3147.00,0.15190752,0
1506203339,22129889,3146.99,0.23000000,0
1506203328,22129886,3146.91,0.11857600,0
1506203278,22129845,3141.00,0.06215445,1
1506203132,22129776,3143.59,0.09616930,1
1506203123,22129773,3148.00,0.31735387,1
1506203123,22129772,3148.00,0.00260200,1
1506203123,22129771,3148.00,0.00290177,1
1506203024,22129742,3150.83,0.01487392,0
1506203024,22129741,3150.83,0.53837322,1
1506203023,22129740,3150.83,0.25000000,0
1506203016,22129739,3150.85,0.12922378,0
1506203016,22129738,3150.85,0.02906684,0
1506202996,22129736,3150.89,0.14245771,0
1506202766,22129671,3152.42,0.00218654,0
1506202766,22129670,3152.39,0.01646053,0
1506202755,22129663,3152.43,1.03152452,0
1506202725,22129644,3152.54,0.31641153,0
1506202716,22129637,3152.60,0.13007383,0
1506202664,22129619,3152.74,0.15306430,0
1506202664,22129618,3152.74,0.52265570,0
1506202660,22129611,3152.75,0.19602800,0
1506202626,22129580,3152.93,1.36594832,0
1506202625,22129579,3152.93,0.23294841,0
1506202625,22129578,3148.01,0.01785000,1
1506202622,22129559,3149.00,0.01234758,1
1506202576,22129534,3153.27,0.06240911,0
1506202575,22129533,3153.29,0.01734321,0
1506202566,22129528,3150.00,0.30586516,1
1506202565,22129526,3150.00,0.18615164,1
1506202565,22129524,3150.01,0.05475220,1
1506202484,22129504,3153.69,0.01455000,0
1506202395,22129488,3150.00,0.15384836,1
1506202395,22129487,3150.00,0.15363000,1
1506202395,22129486,3150.10,0.63561501,1
1506202393,22129485,3150.12,1.70514157,1
1506202383,22129481,3154.45,0.01547742,0
1506202364,22129472,3154.49,0.00261000,0
1506202284,22129447,3150.12,0.06000000,1
1506202277,22129439,3154.61,0.12376289,0
1506202277,22129438,3152.02,0.00200000,0
1506202277,22129437,3150.45,0.00000536,0
1506202273,22129434,3150.13,0.06149541,1
1506202249,22129426,3150.12,0.23485843,1
1506202249,22129425,3150.12,0.11879857,1
1506202178,22129389,3150.12,0.00200000,1
1506202161,22129362,3150.45,0.04854692,0
1506202156,22129354,3151.00,0.14944772,1
1506201965,22129250,3157.09,0.50142238,0
1506201948,22129222,3157.11,0.05973858,0
1506201947,22129221,3157.11,0.01081366,0
1506201865,22129194,3157.57,0.00902082,0
1506201806,22129169,3157.67,0.06326972,0
1506201793,22129164,3150.10,1.08414192,1
1506201733,22129155,3157.77,0.03000000,0
1506201724,22129154,3157.79,0.01455000,0
1506201597,22129091,3158.61,0.33138850,0
1506201583,22129087,3150.11,0.09869547,1
1506201508,22129077,3160.11,0.49102519,0
1506201508,22129075,3160.10,0.20000000,0
1506201508,22129074,3159.11,0.02024252,0
1506201506,22129073,3158.97,0.06323482,0
1506201506,22129072,3158.96,0.01229816,0
1506201484,22129069,3150.11,0.01749642,1
1506201484,22129068,3151.00,0.00261600,1
1506201484,22129067,3154.42,0.01340234,1
1506201444,22129063,3159.24,0.01445000,0
1506201444,22129062,3159.24,0.00069151,0
1506201444,22129061,3159.24,0.02459633,0
1506201431,22129051,3154.42,0.58900000,1
1506201411,22129043,3159.41,0.06527890,0
1506201316,22129021,3159.84,0.20080735,0
1506201316,22129020,3159.84,0.04919265,0
1506201312,22129018,3159.83,0.30999455,0
1506201186,22128960,3150.10,0.28024307,1
1506201185,22128957,3151.00,0.86273532,0
1506201184,22128956,3151.00,0.03121571,1
1506201184,22128954,3151.00,0.06878429,1
1506201167,22128947,3162.13,0.00630904,0
1506201161,22128945,3150.11,0.19604289,1
1506201149,22128942,3162.18,0.04230000,0
1506201144,22128936,3166.12,0.03140031,0
1506201144,22128935,3166.10,0.17515075,0
1506201144,22128934,3159.96,0.09838530,0
1506201144,22128933,3157.11,0.06712397,0
1506201141,22128932,3150.04,0.17452306,0
1506201141,22128931,3150.04,0.02547694,1
1506201135,22128929,3150.04,0.06452306,1
1506201134,22128928,3150.12,0.19000000,0
1506201134,22128926,3150.12,0.04547694,1
1506201127,22128920,3150.05,0.09000000,0
1506201127,22128919,3150.05,0.21000000,1
1506201109,22128910,3152.08,0.03702773,1
1506201109,22128909,3154.08,0.00262000,1
1506201108,22128908,3154.11,0.26840294,1
1506201106,22128907,3157.10,0.02962143,0
1506201080,22128884,3157.11,0.20381400,0
1506201060,22128880,3162.18,0.04666355,0
1506200982,22128832,3160.57,4.90063569,0
1506200982,22128831,3160.56,0.09936431,0
1506200976,22128830,3160.57,0.02853893,0
1506200956,22128814,3160.61,0.53545434,0
1506200948,22128811,3154.08,0.35451806,0
1506200948,22128809,3154.08,0.04548194,0
1506200937,22128783,3158.79,0.01424088,0
1506200906,22128778,3158.86,0.11769709,0
1506200886,22128764,3158.89,0.01265618,0
1506200881,22128756,3158.90,0.01727816,0
1506200867,22128716,3150.04,0.00568739,0
1506200867,22128714,3150.04,0.09431261,1
1506200858,22128700,3150.00,0.34637000,1
1506200851,22128684,3150.18,0.02000667,1
1506200851,22128683,3150.28,0.04710692,1
1506200844,22128665,3162.18,0.01179608,0
1506200842,22128657,3150.16,0.72590967,0
1506200842,22128654,3154.19,0.02518374,1
1506200842,22128651,3154.20,0.24890659,1
1506200836,22128647,3154.10,0.03951704,1
1506200836,22128646,3154.11,0.31000000,1
1506200833,22128629,3160.51,0.13700000,1
1506200828,22128617,3168.32,0.36080005,1
1506200805,22128601,3169.96,0.02965890,0
1506200762,22128591,3170.00,0.01859678,1
1506200740,22128584,3170.96,0.02645696,0
1506200683,22128568,3170.00,0.30800000,1
1506200606,22128531,3174.86,0.07700000,0
1506200606,22128530,3174.86,0.03262604,0
1506200604,22128529,3174.86,0.00881280,0
1506200549,22128502,3174.93,0.03113851,0
1506200492,22128491,3174.81,0.01570803,0
1506200410,22128474,3174.90,0.00440959,0
1506200385,22128466,3174.90,0.01570419,0
1506200182,22128417,3170.00,0.38969076,1
1506200175,22128413,3170.00,0.04965900,1
1506200165,22128403,3173.93,0.02891368,0
1506200064,22128374,3174.15,0.01476547,0
1506200043,22128360,3174.19,0.21504000,0
1506200035,22128343,3174.20,0.01572066,0
1506199931,22128241,3174.99,0.00972900,1
1506199890,22128225,3174.75,0.29377431,0
1506199821,22128180,3174.86,0.03025057,0
1506199744,22128148,3174.95,0.70064595,0
1506199697,22128131,3174.99,0.03274100,0
1506199666,22128116,3174.99,0.00333800,0
1506199638,22128104,3174.99,0.00298269,0
1506199615,22128093,3175.00,0.01021417,1
1506199613,22128092,3174.91,0.02057502,0
1506199561,22128073,3170.00,0.01537346,1
1506199549,22128072,3170.00,0.21868000,1
1506199528,22128059,3174.82,0.67799396,0
1506199385,22128007,3174.99,0.29218360,1
1506199353,22127993,3168.33,0.00315500,1
1506199348,22127992,3171.91,0.07655000,0
1506199321,22127986,3171.96,0.03025000,0
1506199261,22127937,3174.97,0.03065076,0
1506199229,22127927,3172.14,0.00436721,1
1506199229,22127926,3172.12,0.08945784,0
1506199182,22127904,3172.17,0.01606600,0
1506199154,22127893,3172.20,0.03584579,0
1506199132,22127890,3172.20,0.31445053,0
1506198943,22127858,3168.32,0.01123560,1
1506198930,22127854,3172.40,0.03113209,0
1506198865,22127826,3172.50,0.07526421,0
1506198806,22127811,3172.64,0.01179355,0
1506198804,22127810,3172.64,0.02073397,0
1506198748,22127783,3172.76,0.01445000,0
1506198746,22127782,3172.77,0.03041280,0
1506198706,22127768,3168.32,0.03200000,1
1506198696,22127762,3172.89,0.10000000,0
1506198644,22127713,3173.01,2.00669396,0
1506198607,22127700,3173.14,2.23759430,1
1506198605,22127699,3173.09,0.12009942,0
1506198468,22127653,3174.21,0.08251714,0
1506198466,22127650,3174.22,0.29702649,0
1506198418,22127606,3174.69,2.79927186,1
1506198417,22127605,3174.68,0.37581741,0
1506198417,22127604,3174.68,0.03669498,0
1506198417,22127603,3174.66,0.67667453,0
1506198402,22127594,3169.92,0.36533959,0
1506198362,22127571,3167.33,0.00623777,0
1506198264,22127507,3167.36,0.31904805,1
1506198060,22127369,3175.00,0.07197522,0
1506198060,22127368,3174.86,0.00621129,0
1506198060,22127367,3174.76,0.07338996,0
1506198060,22127366,3174.76,0.34867203,0
1506198005,22127317,3174.26,0.00036358,0
1506198005,22127316,3174.25,0.14677992,0
1506198002,22127292,3174.26,0.39047726,0
1506197989,22127274,3174.30,0.03105325,0
1506197965,22127252,3174.37,0.00877205,0
1506197944,22127210,3169.62,0.24294503,0
1506197928,22127132,3169.67,0.00818066,0
1506197911,22127124,3169.69,0.20000000,0
1506197864,22127104,3170.02,0.02966376,0
1506197846,22127089,3170.09,0.08130999,1
1506197805,22127044,3170.34,0.03054298,0
1506197804,22127042,3162.13,0.01496300,1
1506197727,22127007,3160.53,0.02982000,1
1506197686,22126995,3171.87,0.02617586,0
1506197656,22126982,3172.02,0.00628621,0
1506197624,22126966,3160.13,0.11385314,1
1506197621,22126961,3172.43,0.03746713,0
1506197588,22126947,3172.54,0.10615196,0
1506197586,22126943,3172.56,0.11817135,0
1506197546,22126933,3172.74,0.00875811,0
1506197484,22126919,3173.00,0.05944154,0
1506197408,22126884,3173.26,0.02682278,0
1506197345,22126799,3173.50,0.02147091,0
1506197224,22126744,3174.01,0.14854820,0
1506197187,22126707,3156.34,0.00251349,1
1506197187,22126706,3156.34,0.00251349,1
1506197164,22126671,3174.31,0.01461093,0
1506197105,22126609,3162.03,0.22833991,0
1506197104,22126604,3162.03,0.07213717,0
1506197103,22126600,3162.04,0.08831956,1
1506197097,22126588,3162.04,1.04841768,0
1506197097,22126586,3162.05,0.81302335,1
1506197091,22126576,3162.05,0.02128513,0
1506197091,22126575,3162.04,0.00300000,0
1506197091,22126574,3162.03,0.00300000,0
1506197073,22126530,3170.00,0.00299444,1
1506197069,22126517,3170.00,0.07105994,1
1506197046,22126498,3174.86,0.03452606,0
1506197045,22126497,3174.86,0.11000000,0
1506197025,22126485,3174.91,0.34560665,0
1506196947,22126423,3170.00,0.00004564,1
1506196947,22126422,3170.00,0.16680000,1
1506196945,22126421,3174.55,0.03008717,0
1506196897,22126388,3170.00,0.01612368,1
1506196795,22126347,3174.83,0.19104455,1
1506196795,22126346,3174.83,0.12000000,0
1506196764,22126329,3174.87,0.06248667,0
1506196734,22126308,3170.00,0.88670000,1
1506196723,22126302,3174.89,0.01372312,0
1506196706,22126290,3170.00,0.18343355,1
1506196703,22126278,3174.90,0.01451384,0
1506196692,22126276,3170.00,0.29428130,0
1506196680,22126270,3170.00,0.04571870,0
1506196680,22126269,3170.00,0.17145058,0
1506196666,22126263,3170.00,1.17760169,0
1506196663,22126259,3170.00,0.03863586,0
1506196662,22126255,3170.00,0.08966988,0
1506196661,22126249,3170.00,0.05101699,0
1506196660,22126246,3170.00,0.06100000,0
1506196655,22126239,3169.99,0.70553694,0
1506196654,22126237,3169.99,0.22710538,0
1506196654,22126236,3169.99,0.77401340,0
1506196653,22126235,3169.99,0.51555858,0
1506196607,22126183,3169.99,0.01341630,0
1506196605,22126182,3169.99,0.01673530,0
1506196605,22126181,3169.99,0.02510900,0
1506196603,22126180,3169.99,0.02510900,0
1506196596,22126175,3169.99,0.44875641,0
1506196596,22126174,3169.99,0.67302653,0
1506196547,22126117,3169.99,0.01071875,0
1506196534,22126102,3169.99,0.09118158,0
1506196497,22126062,3169.99,0.30650810,0
1506196497,22126061,3169.98,0.14349190,0
1506196490,22126044,3169.99,0.02640097,0
1506196478,22126010,3169.99,3.00000000,0
1506196464,22125990,3169.99,0.09617718,0
1506196438,22125951,3169.99,0.61056100,0
1506196418,22125939,3169.99,0.60226100,0
1506196375,22125921,3169.99,0.05512991,0
1506196375,22125920,3169.67,0.00000529,0
1506196366,22125913,3169.67,0.04028600,0
1506196366,22125912,3169.67,0.02952100,0
1506196360,22125905,3169.64,0.11334700,0
1506196324,22125834,3164.01,0.24557762,1
1506196324,22125833,3164.02,0.10442238,1
1506196315,22125830,3164.00,0.01497330,1
1506196301,22125817,3163.59,0.01388433,1
1506196257,22125751,3169.64,0.86929112,0
1506196237,22125727,3162.98,1.27947000,0
1506196237,22125726,3163.02,0.01992545,1
1506196236,22125725,3163.08,0.37960455,1
1506196230,22125719,3169.64,0.03124025,0
1506196204,22125679,3169.58,0.15735523,0
1506196204,22125678,3169.58,0.11916424,0
1506196200,22125675,3162.25,0.16000000,1
1506196183,22125653,3169.43,0.02086076,0
1506196124,22125524,3168.64,0.02527613,0
1506196100,22125482,3168.75,0.00408994,0
1506196002,22125396,3156.71,0.77594175,1
1506195948,22125374,3169.63,1.55266149,0
1506195863,22125349,3163.54,0.91416382,0
1506195863,22125348,3163.53,0.07132078,0
1506195718,22125264,3156.00,0.00253454,0
1506195664,22125227,3163.96,0.05662444,0
1506195618,22125211,3164.05,0.01325093,0
1506195618,22125210,3164.05,0.03394907,0
1506195617,22125208,3164.05,0.10869249,0
1506195543,22125177,3164.21,0.14632886,0
1506195542,22125176,3164.20,0.04002792,0
1506195433,22125116,3164.61,0.01837145,0
1506195422,22125108,3156.01,0.04000000,1
1506195327,22125027,3165.79,0.59594018,0
1506195327,22125026,3164.83,0.18000000,0
1506195281,22125006,3164.97,0.01891013,0
1506195264,22125002,3165.03,0.04460148,0
1506195203,22124963,3165.22,0.00201625,0
1506195198,22124962,3165.23,0.00403250,0
1506195195,22124961,3165.24,0.00806501,0
1506195193,22124960,3165.25,0.01613002,0
1506195191,22124959,3165.26,0.00334307,0
1506195190,22124958,3165.26,0.03226002,0
1506195187,22124955,3165.27,0.03104389,0
1506195110,22124918,3154.10,0.00248296,1
1506195110,22124917,3154.10,0.04000000,1
1506195059,22124898,3165.69,0.03266845,0
1506195045,22124885,3165.74,0.03004168,0
1506195027,22124866,3165.80,0.00202005,0
1506195025,22124863,3165.80,0.00404011,0
1506194989,22124811,3169.67,0.07756921,0
1506194968,22124805,3169.73,1.19029999,0
1506194954,22124801,3154.45,0.01120000,1
1506194922,22124791,3169.79,0.03274237,0
1506194905,22124785,3169.82,0.04465840,0
1506194846,22124769,3169.91,0.00915537,0
1506194804,22124755,3169.97,0.01458641,0
1506194804,22124754,3166.00,0.06136824,0
1506194804,22124753,3165.86,0.01088491,0
1506194643,22124595,3163.63,0.00805276,0
1506194643,22124593,3163.62,0.02176982,0
1506194588,22124566,3163.73,0.02900690,0
1506194586,22124564,3163.73,0.02900690,0
1506194548,22124548,3163.82,4.81757934,0
1506194502,22124526,3163.90,0.02165000,0
1506194406,22124483,3164.08,0.06305150,0
1506194339,22124432,3155.00,0.01501590,1
1506194318,22124425,3164.27,0.02178612,1
1506194317,22124424,3164.27,0.06232339,0
1506194266,22124391,3164.51,0.02356035,0
1506194266,22124390,3156.55,0.06553182,0
1506194183,22124367,3156.55,0.01469402,0
1506194164,22124355,3150.12,0.06214562,1
1506194104,22124349,3156.47,0.14536808,0
1506194062,22124340,3150.00,0.07309862,1
1506194044,22124327,3156.52,0.02983014,0
1506193894,22124288,3156.55,0.02369993,1
1506193860,22124279,3150.00,0.03206670,1
1506193505,22124168,3155.07,0.01522860,0
1506193401,22124106,3155.15,0.30722491,1
1506193400,22124103,3155.13,0.18000000,0
1506193397,22124101,3155.14,0.08668059,0
1506193386,22124098,3155.16,0.11869473,0
1506193385,22124095,3150.00,0.13433397,1
1506193383,22124093,3150.01,0.03851883,1
1506193303,22124069,3164.97,0.02187437,0
1506193264,22124057,3165.05,0.07477265,0
1506193257,22124056,3165.06,0.12574801,0
1506193203,22124029,3165.17,0.00582129,0
1506193201,22124027,3168.98,0.06133519,1
1506193201,22124026,3166.00,0.08849160,0
1506193201,22124025,3166.00,0.06100000,0
1506193200,22124024,3158.85,0.38294949,0
1506193200,22124023,3157.00,0.02000000,0
1506193198,22124022,3156.93,0.17533798,0
1506193163,22124008,3157.57,0.14947105,0
1506193084,22123973,3150.05,0.01335118,1
1506193076,22123970,3158.06,0.03116530,0
1506193025,22123963,3150.10,0.33164276,1
1506193011,22123954,3158.70,0.00183004,0
1506193007,22123953,3158.71,0.00366009,0
1506193004,22123952,3158.71,0.00732017,0
1506193002,22123951,3158.72,0.01464034,0
1506192985,22123932,3150.24,0.01117781,1
1506192981,22123931,3158.79,0.78953100,0
1506192904,22123893,3154.58,0.00897892,0
1506192901,22123891,3154.58,1.01806121,0
1506192896,22123890,3150.01,0.03009900,1
1506192865,22123875,3154.64,0.02165000,0
1506192785,22123822,3154.76,0.14571421,0
1506192784,22123820,3154.76,0.00886119,0
1506192755,22123807,3150.00,0.68150840,1
1506192755,22123806,3150.50,0.08849160,1
1506192751,22123805,3154.82,0.04367518,0
1506192745,22123803,3154.82,0.06509768,0
1506192736,22123799,3154.81,0.10117883,0
1506192662,22123768,3157.33,0.06209081,0
1506192622,22123760,3150.50,0.06100000,1
1506192622,22123759,3155.01,0.10000000,1
1506192602,22123754,3157.76,0.10000000,0
1506192601,22123753,3157.74,0.12530000,0
1506192441,22123684,3158.96,0.16572777,0
1506192383,22123682,3159.31,0.02956227,0
1506192365,22123679,3159.46,0.07261344,0
1506192335,22123671,3159.61,0.00799989,0
1506192276,22123656,3162.28,0.02149156,0
1506192207,22123624,3162.85,0.03062425,0
1506192206,22123618,3162.85,0.03486120,0
1506192205,22123617,3162.85,0.07851262,0
1506192204,22123616,3162.85,0.01502328,0
1506192192,22123609,3162.88,0.07510009,0
1506192142,22123593,3163.27,0.30657117,0
1506192055,22123563,3148.00,0.00290177,1
1506192037,22123555,3164.11,0.03274048,0
1506192001,22123544,3149.50,0.04579895,1
1506191984,22123530,3148.06,0.01000000,1
1506191926,22123490,3159.57,0.00902013,0
1506191859,22123457,3160.00,0.03888543,0
1506191848,22123451,3143.59,0.31300104,1
1506191848,22123450,3147.30,0.18700000,1
1506191848,22123449,3147.54,0.23087552,1
1506191847,22123447,3147.55,0.30000000,1
1506191847,22123446,3147.61,0.96300000,0
1506191847,22123445,3151.04,0.01226130,1
1506191846,22123444,3154.00,0.19105715,1
1506191846,22123443,3154.50,0.02670023,1
1506191846,22123441,3155.00,0.10223495,1
1506191846,22123440,3155.00,0.09000000,1
1506191845,22123439,3155.73,0.14953008,1
1506191845,22123438,3158.00,0.31625930,1
1506191845,22123437,3158.00,0.01061256,0
1506191845,22123436,3159.00,0.09746787,1
1506191840,22123433,3159.00,0.00253213,1
1506191825,22123429,3164.99,0.07797368,0
1506191824,22123427,3164.99,0.01730112,0
1506191803,22123415,3165.06,0.00883940,0
1506191768,22123381,3165.18,0.15764615,0
1506191675,22123346,3165.30,0.00788244,1
1506191673,22123344,3165.28,0.00628774,0
1506191563,22123296,3169.23,0.31194285,0
1506191563,22123295,3169.00,0.19105715,0
1506191504,22123243,3169.35,0.07528329,0
1506191436,22123190,3169.46,0.02368394,0
1506191424,22123187,3169.49,0.00407740,0
1506191424,22123186,3169.48,0.02525651,0
1506191361,22123171,3169.50,0.02670023,0
1506191259,22123087,3169.98,0.14842685,0
1506191259,22123086,3169.97,0.02524315,0
1506191213,22123057,3169.99,1.37888913,0
1506191213,22123056,3169.98,0.19000000,0
1506191212,22123055,3168.79,0.14435450,0
1506191212,22123054,3168.74,0.20437184,0
1506191169,22123034,3155.31,0.13258640,1
1506191161,22123026,3168.79,0.00675507,0
1506191161,22123025,3168.69,0.01057329,0
1506191161,22123024,3168.68,0.01238371,0
1506191126,22123016,3168.69,0.02971310,0
1506191124,22123015,3168.69,0.01051411,0
1506191124,22123014,3168.68,0.01919533,0
1506191003,22122984,3168.35,0.05207475,0
1506191002,22122983,3155.58,0.03700000,1
1506190761,22122834,3168.37,0.00885486,0
1506190643,22122749,3168.26,0.01004448,0
1506190632,22122746,3167.81,0.05031390,0
1506190632,22122745,3167.76,0.48300000,0
1506190632,22122744,3160.00,0.30000000,0
1506190632,22122743,3159.92,0.01043439,0
1506190632,22122742,3159.89,0.12625171,0
1506190615,22122739,3155.00,0.01000000,1
1506190524,22122716,3165.10,0.03011375,0
1506190464,22122702,3165.56,0.01190345,0
1506190464,22122701,3164.68,0.02086877,0
1506190367,22122685,3165.40,0.02615771,0
1506190332,22122671,3165.50,0.01571989,0
1506190325,22122669,3163.43,0.00862234,0
1506190325,22122668,3159.24,0.02086163,0
1506190323,22122667,3152.80,0.13300000,1
1506190230,22122637,3159.24,0.01264473,1
1506190215,22122626,3168.69,0.00334700,0
1506190206,22122622,3168.69,0.06828671,0
1506190206,22122621,3168.69,0.07651760,0
1506190154,22122543,3169.99,0.00000259,1
1506190153,22122542,3169.99,0.01604741,1
1506190153,22122541,3169.90,0.49688633,1
1506190153,22122540,3168.80,1.00000000,0
1506190152,22122539,3168.79,0.21000000,1
1506190152,22122538,3168.35,0.09240005,0
1506190152,22122537,3166.00,0.22784971,0
1506190151,22122536,3165.66,0.23980543,0
1506190151,22122535,3165.62,0.22897065,0
1506190150,22122534,3165.58,0.09075115,0
1506190149,22122533,3165.58,0.15303520,0
1506190005,22122485,3165.68,0.02956009,0
1506189994,22122481,3165.87,0.01575238,0
1506189964,22122452,3166.07,0.03025000,0
1506189926,22122443,3166.40,0.01059666,0
1506189926,22122441,3164.15,0.03168307,0
1506189926,22122440,3164.13,0.00430610,0
1506189909,22122429,3162.55,0.01618711,0
1506189909,22122428,3162.54,0.21233250,0
1506189909,22122427,3162.53,0.03852440,0
1506189852,22122401,3162.63,0.04659868,0
1506189839,22122394,3162.63,0.00335519,0
1506189782,22122361,3150.91,0.03908535,1
1506189778,22122359,3162.80,0.22657996,0
1506189777,22122358,3162.78,0.23000000,0
1506189777,22122357,3160.27,0.01988644,0
1506189777,22122356,3158.08,0.08300800,0
1506189751,22122333,3160.20,0.37408710,0
1506189751,22122331,3160.19,0.54600000,0
1506189751,22122329,3158.08,0.09405715,0
1506189728,22122308,3163.52,0.23921454,1
1506189728,22122306,3160.29,0.25000000,0
1506189727,22122304,3158.67,0.02008853,0
1506189727,22122303,3158.08,0.12151688,1
1506189726,22122302,3158.08,0.69500000,1
1506189726,22122301,3158.08,0.01828640,1
1506189725,22122300,3158.08,0.15577522,0
1506189690,22122270,3157.20,0.16191800,1
1506189674,22122264,3157.04,0.04365982,0
1506189626,22122228,3157.58,0.29757933,0
1506189584,22122197,3154.35,0.07791080,0
1506189565,22122193,3149.59,0.17023073,1
1506189561,22122187,3154.41,0.31132654,0
1506189546,22122183,3154.44,0.07272923,1
1506189545,22122180,3154.47,0.08664429,0
1506189482,22122118,3154.16,0.04740745,0
1506189424,22122102,3154.71,0.01210672,0
1506189387,22122089,3149.59,0.09231493,1
1506189381,22122087,3149.59,0.18700000,1
1506189380,22122086,3149.59,0.01265819,1
1506189319,22122057,3150.00,0.04520711,1
1506189317,22122052,3150.00,0.08371700,1
1506189307,22122043,3150.00,0.16554700,1
1506189306,22122041,3150.00,0.03556800,1
1506189306,22122039,3150.00,0.03556800,1
1506189204,22122008,3164.38,0.07453992,0
1506189181,22121999,3160.30,0.10072408,0
1506189063,22121955,3149.62,0.04890530,0
1506189062,22121954,3152.00,0.00060800,1
1506189020,22121935,3152.00,0.00200000,0
1506189019,22121931,3152.00,0.02800000,1
1506188983,22121904,3164.20,0.01511557,0
1506188980,22121902,3164.27,0.03437887,0
1506188954,22121887,3164.64,0.10865386,0
1506188944,22121883,3159.18,0.02657123,0
1506188911,22121875,3152.00,0.16200000,1
1506188905,22121872,3153.51,0.05946363,1
1506188905,22121871,3153.83,0.00253637,1
1506188748,22121697,3168.13,0.01574430,0
1506188717,22121638,3153.83,0.00253637,1
1506188683,22121599,3167.98,0.02655496,0
1506188592,22121563,3168.05,0.00643921,0
1506188467,22121523,3168.35,0.00894920,0
1506188403,22121489,3167.94,0.00790264,0
1506188351,22121468,3167.52,0.02284011,0
1506188345,22121464,3167.44,0.02971338,0
1506188335,22121453,3167.60,0.00783911,0
1506188324,22121446,3167.22,0.01073207,0
1506188262,22121433,3167.81,0.01000000,0
1506188148,22121366,3168.14,0.01000000,0
1506188146,22121364,3168.18,0.01310752,0
1506188124,22121351,3168.35,0.09102845,1
1506188124,22121350,3165.97,0.00565000,0
1506188124,22121349,3165.00,0.02269361,0
1506188122,22121348,3158.69,0.00029021,0
1506188122,22121347,3158.69,0.09942980,0
1506188120,22121345,3158.69,0.11027999,0
1506188119,22121344,3158.69,0.09633401,0
1506188118,22121342,3158.69,0.20661400,0
1506188112,22121339,3158.69,0.00473614,0
1506188068,22121327,3158.69,0.05633375,0
1506188023,22121295,3158.69,0.04125400,0
1506188020,22121292,3158.69,0.09472810,0
1506187997,22121285,3158.59,0.11864542,0
1506187984,22121255,3158.59,0.15724498,0
1506187979,22121250,3158.59,0.04114160,0
1506187976,22121245,3158.59,0.18296800,0
1506187930,22121188,3165.00,0.09116616,0
1506187873,22121121,3165.00,0.04677550,0
1506187872,22121119,3165.00,0.00784814,0
1506187849,22121088,3165.00,0.03151659,0
1506187806,22121037,3164.66,0.11809770,0
1506187804,22121034,3153.00,0.50000000,1
1506187803,22121031,3164.70,0.01044411,0
1506187761,22120966,3160.00,0.14917851,0
1506187761,22120965,3160.00,0.50000000,0
1506187760,22120964,3160.00,0.03982149,0
1506187760,22120963,3160.00,0.03879758,0
1506187757,22120960,3152.60,0.01077250,1
1506187722,22120942,3159.99,0.04907354,0
1506187696,22120908,3149.99,0.15821749,0
1506187690,22120902,3149.99,0.00260400,0
1506187688,22120899,3150.00,0.14917851,1
1506187688,22120898,3150.01,0.19000000,1
1506187683,22120897,3150.00,0.50000000,1
1506187679,22120895,3150.00,0.03982149,1
1506187679,22120894,3151.00,0.05000000,1
1506187679,22120893,3151.06,0.35319613,1
1506187679,22120892,3155.00,0.05698238,1
1506187597,22120876,3157.73,0.01000000,1
1506187566,22120858,3160.00,0.02171970,0
1506187564,22120857,3160.00,0.08948272,0
1506187535,22120819,3151.11,0.16898977,1
1506187521,22120808,3159.97,0.02218590,0
1506187483,22120772,3151.19,0.21750000,0
1506187483,22120771,3151.19,0.03250000,0
1506187472,22120770,3151.20,0.17000000,1
1506187461,22120766,3151.10,0.50000000,1
1506187446,22120758,3163.94,0.19931025,0
1506187446,22120757,3163.94,0.02523776,0
1506187446,22120756,3163.94,0.27450251,0
1506187446,22120755,3163.94,0.14283900,0
1506187446,22120754,3163.91,0.85580639,0
1506187424,22120745,3163.92,0.04858401,0
1506187290,22120727,3151.00,0.25000000,1
1506187271,22120716,3165.55,0.01262732,0
1506187260,22120713,3165.79,0.00157306,0
1506187241,22120703,3165.97,0.00565000,1
1506187237,22120702,3165.97,0.01000000,0
1506187203,22120694,3166.40,0.01337318,0
1506187132,22120684,3152.79,0.24739400,0
1506187130,22120683,3152.79,0.00260600,0
1506187124,22120681,3152.80,0.50000000,1
1506187113,22120679,3152.49,0.21524849,0
1506187112,22120678,3152.87,0.27475151,1
1506187112,22120677,3154.48,0.01000000,1
1506187091,22120674,3152.98,0.78716000,1
1506187035,22120657,3168.34,0.00000276,1
1506187034,22120655,3167.90,0.03122574,1
1506186995,22120625,3162.75,0.01000000,1
1506186972,22120618,3154.33,0.15323366,0
1506186964,22120614,3168.43,0.00000315,1
1506186964,22120613,3168.35,0.15240000,1
1506186962,22120612,3168.35,0.63476060,0
1506186943,22120608,3155.68,0.01968600,0
1506186929,22120603,3168.77,0.00885000,0
1506186928,22120600,3168.77,0.01653410,0
1506186928,22120599,3168.76,0.01319816,0
1506186926,22120598,3168.76,0.02973527,0
1506186925,22120597,3168.77,0.19758343,0
1506186925,22120596,3168.76,0.07486210,0
1506186925,22120595,3165.19,0.17500000,0
1506186925,22120594,3165.19,0.16990450,0
1506186916,22120592,3165.19,0.16990734,1
1506186916,22120591,3165.18,0.03937357,0
1506186888,22120576,3155.79,0.35925109,1
1506186884,22120575,3163.86,0.03483464,0
1506186877,22120574,3159.94,0.01000000,1
1506186767,22120531,3164.73,0.00260200,0
1506186755,22120524,3151.03,0.07242524,1
1506186720,22120517,3165.15,0.01000000,0
1506186705,22120512,3165.18,0.47276932,0
1506186638,22120478,3165.63,0.10025000,0
1506186614,22120472,3165.71,0.06248290,0
1506186604,22120468,3165.72,0.01655243,0
1506186597,22120464,3150.10,0.50000000,1
1506186580,22120445,3150.10,0.50000000,1
1506186571,22120441,3150.10,0.26047438,1
1506186571,22120440,3150.13,0.23952562,1
1506186507,22120425,3167.57,0.01087134,0
1506186507,22120424,3167.52,0.14123005,0
1506186506,22120423,3167.20,0.20150720,0
1506186505,22120422,3167.22,0.03201226,0
1506186485,22120418,3167.66,0.07242524,0
1506186425,22120399,3164.55,0.02899938,0
1506186400,22120388,3164.73,0.06215321,0
1506186343,22120369,3151.60,0.14919928,1
1506186343,22120368,3151.61,0.06080072,1
1506186332,22120364,3151.68,0.00251349,1
1506186308,22120329,3166.19,0.07088330,0
1506186306,22120328,3166.22,0.06059118,0
1506186265,22120300,3151.41,0.01011584,1
1506186208,22120276,3151.39,0.33909393,0
1506186208,22120275,3151.61,0.04270646,1
1506186207,22120274,3151.93,0.06819961,1
1506186205,22120270,3168.00,0.03059612,0
1506186193,22120248,3168.03,0.01572854,0
1506186164,22120245,3168.54,0.00920693,0
1506186151,22120241,3168.63,0.00551270,1
1506186126,22120230,3165.61,0.30206237,0
1506186095,22120226,3155.90,0.50000000,1
1506186091,22120225,3150.80,0.62661000,1
1506186090,22120224,3150.81,0.37251000,1
1506186089,22120223,3150.81,0.50000000,1
1506186083,22120220,3150.80,0.50000000,1
1506186035,22120149,3167.20,0.06378128,0
1506186025,22120135,3150.51,0.20000000,1
1506186025,22120134,3152.28,0.01000000,1
1506186012,22120126,3150.51,0.35221718,1
1506186012,22120124,3150.60,0.14778282,1
1506186008,22120122,3167.41,0.00592000,0
1506186004,22120116,3167.42,0.01980726,0
1506185983,22120108,3150.31,0.50000000,1
1506185969,22120103,3150.24,0.50000000,1
1506185956,22120095,3150.23,0.50000000,1
1506185954,22120092,3168.07,0.62797556,0
1506185954,22120091,3160.98,0.00300000,0
1506185951,22120088,3150.20,0.49000000,1
1506185951,22120087,3150.99,0.01000000,1
1506185943,22120082,3160.29,0.10348687,0
1506185943,22120081,3158.96,0.01963222,0
1506185923,22120071,3158.96,1.00000000,0
1506185913,22120058,3150.01,0.49000000,1
1506185913,22120057,3150.90,0.01000000,1
1506185886,22120039,3149.80,0.50000000,1
1506185878,22120037,3149.80,0.50000000,1
1506185864,22120031,3158.96,0.00278062,0
1506185864,22120030,3158.95,0.01240872,0
1506185836,22120004,3149.59,0.46192549,0
1506185833,22120001,3149.60,0.03807451,1
1506185829,22119999,3149.60,0.36000000,1
1506185829,22119998,3149.62,0.14000000,1
1506185773,22119947,3158.95,0.00276280,0
1506185773,22119946,3157.02,0.02534777,0
1506185771,22119943,3157.01,0.00325598,0
1506185767,22119939,3157.01,0.02156145,0
1506185756,22119930,3150.72,0.50000000,0
1506185755,22119928,3150.72,0.19189164,0
1506185755,22119926,3150.71,0.04963486,0
1506185717,22119916,3145.20,0.41000000,1
1506185685,22119910,3150.72,0.00878239,0
1506185684,22119909,3143.92,0.03312416,1
1506185625,22119888,3144.79,0.48136600,0
1506185625,22119887,3143.59,0.37814471,0
1506185625,22119885,3143.59,0.03185529,0
1506185617,22119883,3143.60,0.48017949,1
1506185617,22119882,3144.42,0.01982051,1
1506185617,22119881,3144.79,0.01863400,0
1506185591,22119874,3144.42,0.00184242,1
1506185587,22119873,3144.42,0.00368485,1
1506185586,22119872,3146.70,0.00254203,1
1506185582,22119868,3146.70,0.00736971,1
1506185580,22119866,3146.70,0.01473941,1
1506185572,22119864,3150.71,0.01579397,0
1506185563,22119862,3146.60,0.34000000,1
1506185563,22119861,3146.61,0.16000000,1
1506185554,22119844,3150.73,0.29932597,1
1506185544,22119839,3150.73,0.23605403,1
1506185544,22119838,3150.76,0.26394597,1
1506185506,22119815,3157.70,0.00901253,0
1506185487,22119814,3157.71,0.20025000,0
1506185433,22119765,3144.33,0.11962788,1
1506185415,22119749,3158.67,0.02675223,0
1506185403,22119747,3158.96,0.02296756,0
1506185374,22119731,3144.10,0.21000000,1
1506185355,22119720,3144.01,0.47962183,1
1506185355,22119719,3144.04,0.02037817,1
1506185333,22119708,3157.97,0.01000000,0
1506185327,22119707,3158.01,0.01797967,1
1506185327,22119706,3150.68,0.02527475,0
1506185325,22119704,3147.51,0.02004453,0
1506185263,22119681,3144.39,0.40052526,0
1506185244,22119676,3144.39,0.01000000,0
1506185241,22119675,3144.39,0.03311612,0
1506185206,22119667,3144.39,0.02967952,0
1506185198,22119662,3144.39,0.02667910,0
1506185193,22119654,3147.51,0.26995547,0
1506185193,22119653,3147.50,0.03004453,0
1506185172,22119633,3160.26,0.00572861,0
1506185172,22119632,3160.26,0.00427139,0
1506185167,22119627,3160.26,0.00595000,1
1506185161,22119620,3160.26,0.11078730,0
1506185104,22119595,3143.99,0.28000000,0
1506185103,22119594,3147.91,0.22000000,1
1506185095,22119589,3147.90,0.50000000,1
1506185083,22119585,3147.90,0.50000000,1
1506185055,22119577,3147.59,0.16847638,0
1506185055,22119576,3147.61,0.24000000,1
1506185055,22119575,3150.88,0.09152362,1
1506185024,22119568,3160.92,0.01188564,0
1506185004,22119546,3159.82,0.01488615,0
1506185001,22119539,3159.91,0.01344415,0
1506185001,22119538,3155.30,0.00324396,0
1506185001,22119536,3150.98,0.00200000,0
1506185000,22119534,3150.88,0.08150695,0
1506184999,22119533,3150.88,0.01000000,0
1506184997,22119530,3150.88,0.96176115,0
1506184994,22119525,3150.80,0.00791000,0
1506184994,22119523,3150.79,0.03122154,0
1506184992,22119520,3150.79,0.96140505,0
1506184990,22119513,3149.52,0.39335000,0
1506184980,22119486,3149.52,0.26924400,1
1506184979,22119484,3149.52,0.39263762,1
1506184957,22119472,3143.02,0.37403199,1
1506184950,22119464,3150.77,0.02025000,0
1506184945,22119461,3136.90,0.50000000,1
1506184944,22119459,3150.79,0.00737341,0
1506184944,22119458,3149.45,0.00151055,0
1506184931,22119457,3136.74,0.39310995,1
1506184930,22119456,3138.01,0.10689005,1
1506184869,22119426,3137.71,0.50000000,1
1506184845,22119422,3149.45,0.00926174,0
1506184844,22119421,3137.51,0.01015000,1
1506184838,22119420,3137.42,0.00449319,1
1506184838,22119419,3140.00,0.26407400,1
1506184837,22119418,3140.03,0.23143281,1
1506184821,22119410,3149.39,0.15000000,0
1506184803,22119401,3149.33,0.02563312,0
1506184776,22119384,3147.30,0.01000000,1
1506184770,22119377,3144.85,0.03552655,1
1506184752,22119359,3149.45,0.01581470,0
1506184752,22119357,3149.45,0.00336162,0
1506184725,22119336,3149.45,0.97005139,0
1506184725,22119335,3149.40,0.01618127,0
1506184708,22119325,3149.44,0.01000000,0
1506184706,22119324,3149.44,0.01000000,0
1506184631,22119314,3149.36,0.01014961,1
1506184631,22119313,3149.36,0.05236253,0
1506184604,22119305,3149.36,0.06067800,0
1506184565,22119302,3148.99,0.02914267,0
1506184524,22119288,3149.20,0.08084153,0
1506184344,22119207,3150.60,0.04593139,0
1506184306,22119198,3150.73,0.04534409,0
1506184290,22119181,3150.83,0.03919935,0
1506184289,22119180,3150.82,0.01122565,0
1506184289,22119178,3150.80,0.00791000,1
1506184283,22119176,3150.80,0.01553427,0
1506184264,22119164,3133.71,1.73725549,1
1506184264,22119163,3137.80,0.27000000,1
1506184263,22119162,3137.83,0.19720150,1
1506184256,22119159,3150.76,0.19720150,0
1506184255,22119158,3139.98,0.18700847,0
1506184255,22119157,3139.98,0.11299153,0
1506184251,22119156,3138.00,2.68421233,0
1506184251,22119155,3137.99,0.27619497,0
1506184236,22119125,3137.99,0.00635757,0
1506184224,22119123,3133.31,0.50000000,1
1506184219,22119122,3133.31,0.50000000,1
1506184203,22119118,3137.99,0.02771400,0
1506184183,22119113,3138.00,0.13138693,0
1506184168,22119111,3132.95,0.50000000,1
1506184153,22119107,3137.99,0.01935900,0
1506184120,22119090,3131.31,0.49752885,1
1506184119,22119088,3132.70,0.00247115,1
1506184114,22119077,3131.00,0.05048467,1
1506184114,22119076,3132.70,0.00494231,1
1506184114,22119075,3132.70,0.44457302,1
1506184080,22119062,3138.00,0.01000000,0
1506184079,22119061,3132.70,0.42793698,1
1506184079,22119060,3137.00,0.00217841,1
1506184079,22119059,3137.29,0.00988461,1
1506184079,22119058,3137.29,0.01000000,1
1506184052,22119047,3138.00,0.31826408,0
1506184049,22119045,3138.00,1.08153447,0
1506184046,22119041,3138.00,0.58515319,0
1506184043,22119037,3138.00,0.18944900,0
1506183980,22119017,3131.90,0.28365519,1
1506183979,22119016,3131.91,0.21634481,1
1506183973,22119011,3131.80,0.50000000,1
1506183972,22119010,3139.97,0.01117832,0
1506183969,22119009,3139.97,0.03079464,0
1506183966,22119008,3131.80,0.42394615,1
1506183956,22119004,3136.94,0.00289103,1
1506183955,22119003,3137.24,0.01000000,1
1506183955,22119002,3139.98,0.00758265,0
1506183950,22118999,3136.93,0.21000000,1
1506183950,22118998,3136.94,0.29000000,1
1506183945,22118995,3136.93,0.22575069,1
1506183944,22118994,3136.93,0.03035877,1
1506183944,22118993,3136.93,0.50000000,1
1506183937,22118984,3136.93,0.29337085,1
1506183937,22118983,3139.97,0.02266025,1
1506183937,22118982,3139.97,0.18396890,1
1506183934,22118977,3139.98,0.04133770,0
1506183932,22118974,3139.97,0.01355286,0
1506183923,22118963,3139.97,0.01000000,0
1506183922,22118961,3136.93,0.13897050,1
1506183922,22118960,3139.25,0.04532051,1
1506183911,22118952,3139.97,0.01516529,0
1506183883,22118928,3139.88,0.04625000,0
1506183849,22118910,3139.64,0.10000000,0
1506183847,22118909,3128.27,0.01096200,1
1506183847,22118908,3137.92,0.09008625,1
1506183844,22118905,3137.92,0.00055477,1
1506183844,22118904,3137.92,0.01000000,1
1506183819,22118900,3133.97,0.11179102,1
1506183805,22118893,3139.95,0.30672192,0
1506183765,22118878,3129.50,0.01763627,1
1506183765,22118877,3130.55,0.01000000,1
1506183765,22118876,3130.58,0.47236373,1
1506183721,22118857,3139.98,0.01711180,0
1506183714,22118854,3139.95,0.05301408,0
1506183708,22118847,3139.98,0.19891210,1
1506183707,22118846,3140.00,0.01000000,0
1506183704,22118843,3140.00,0.50919108,0
1506183704,22118842,3139.99,0.22000000,0
1506183703,22118841,3139.99,0.01038860,1
1506183703,22118840,3139.98,0.74739588,0
1506183703,22118839,3139.48,0.41934965,0
1506183701,22118837,3127.89,0.02102784,0
1506183700,22118836,3127.89,0.58065035,0
1506183699,22118835,3127.89,0.39783042,1
1506183635,22118810,3127.16,0.40212695,1
1506183634,22118809,3139.00,0.00231472,1
1506183632,22118808,3139.00,0.02593528,0
1506183627,22118805,3138.99,0.00476000,0
1506183617,22118798,3139.00,0.03962347,0
1506183615,22118795,3138.99,0.02309192,0
1506183604,22118794,3139.00,0.01389376,0
1506183604,22118793,3138.99,0.04618385,0
1506183572,22118747,3138.99,0.01000000,0
1506183461,22118720,3139.99,0.07941745,0
1506183451,22118717,3139.75,0.32480879,0
1506183423,22118706,3125.94,0.32160981,1
1506183405,22118701,3139.98,0.02437961,0
1506183404,22118700,3139.98,0.01192441,0
1506183334,22118653,3129.76,0.08487945,0
1506183322,22118638,3129.77,0.03262500,0
1506183320,22118633,3129.77,0.17204436,0
1506183318,22118627,3129.77,0.04793476,0
1506183302,22118604,3129.77,0.30041690,0
1506183302,22118603,3129.77,0.00324440,1
1506183298,22118596,3130.00,0.35050658,0
1506183250,22118454,3132.44,0.77932832,0
1506183188,22118415,3132.50,0.01388200,0
1506183185,22118407,3132.50,0.00260600,0
1506183171,22118391,3140.36,0.20025000,0
1506183131,22118376,3132.51,0.04455851,1
1506183126,22118373,3132.50,0.02309900,1
1506183068,22118340,3132.50,0.17114402,1
1506183068,22118338,3132.57,0.32885598,1
1506183043,22118312,3146.28,0.17987009,0
1506183031,22118298,3138.44,0.02008151,1
1506183015,22118283,3139.71,0.07498356,0
1506182998,22118275,3138.84,0.10498600,0
1506182980,22118262,3138.99,0.04185000,0
1506182972,22118256,3147.20,0.71302640,0
1506182971,22118255,3139.04,0.28697360,0
1506182970,22118254,3139.05,0.21302640,1
1506182962,22118248,3139.05,0.90000000,1
1506182955,22118243,3147.49,0.03169182,0
1506182951,22118240,3139.05,0.19152856,1
1506182946,22118236,3147.53,0.07288890,0
1506182934,22118229,3139.05,0.09367860,1
1506182922,22118227,3139.05,0.90000000,1
1506182901,22118212,3147.93,0.02949218,0
1506182852,22118199,3139.05,0.09107480,1
1506182842,22118194,3149.50,0.07405700,0
1506182838,22118189,3139.05,0.50000000,1
1506182805,22118179,3150.24,0.07859131,0
1506182801,22118178,3139.05,0.07349620,1
1506182798,22118171,3139.05,0.36795700,1
1506182797,22118164,3139.05,0.06676470,1
1506182794,22118161,3139.05,0.08418740,1
1506182717,22118132,3139.05,0.31828634,1
1506182717,22118131,3139.06,0.03187223,1
1506182717,22118130,3139.10,0.14984143,1
1506182705,22118122,3151.97,0.01486194,0
1506182647,22118094,3153.00,0.03023265,0
1506182635,22118086,3152.89,0.01000000,0
1506182624,22118079,3153.28,0.00915744,0
1506182603,22118067,3152.82,0.00911454,0
1506182576,22118053,3152.82,0.01175020,0
1506182561,22118047,3152.68,0.00886931,0
1506182531,22118037,3153.09,0.01111231,0
1506182524,22118035,3152.50,0.01486029,0
1506182509,22118030,3152.76,0.00878089,0
1506182499,22118027,3139.10,0.00015857,1
1506182499,22118026,3139.32,0.22625243,1
1506182470,22118015,3153.37,0.10054058,0
1506182469,22118013,3139.22,1.00000000,1
1506182457,22118005,3139.06,0.01309900,1
1506182444,22117998,3139.12,0.02421137,1
1506182431,22117990,3154.06,0.02642284,0
1506182426,22117987,3154.09,0.02936250,1
1506182403,22117959,3154.28,0.02861733,0
1506182392,22117954,3154.47,0.11736000,0
1506182385,22117951,3154.60,0.07931071,0
1506182359,22117944,3139.03,0.25000000,1
1506182345,22117937,3154.75,0.02979963,0
1506182325,22117930,3139.18,0.50000000,1
1506182295,22117926,3157.96,0.01000000,0
1506182236,22117899,3154.37,0.02967057,0
1506182236,22117898,3154.37,0.07032943,0
1506182235,22117897,3139.01,0.15400000,1
1506182233,22117896,3142.00,0.00500000,1
1506182205,22117887,3154.40,0.01959918,0
1506182083,22117869,3158.98,0.06400754,0
1506181957,22117844,3158.98,0.02493435,0
1506181905,22117764,3158.93,0.00312500,0
1506181904,22117763,3158.93,0.00625000,0
1506181898,22117759,3158.94,0.56484370,0
1506181898,22117758,3156.00,0.15000000,0
1506181864,22117744,3156.60,1.31130096,0
1506181843,22117736,3156.91,0.10025000,0
1506181805,22117690,3157.56,0.03090341,0
1506181804,22117689,3157.53,0.08527865,0
1506181785,22117676,3157.79,0.02964788,0
1506181784,22117675,3137.84,0.13885993,1
1506181736,22117664,3158.29,0.00337156,0
1506181705,22117658,3158.69,0.00317551,0
1506181705,22117657,3158.69,0.01189715,0
1506181683,22117656,3159.00,0.01091235,0
1506181626,22117628,3159.58,0.08017449,0
1506181626,22117627,3153.90,0.00324461,0
1506181626,22117626,3153.79,0.17000000,0
1506181625,22117625,3152.16,0.02379430,0
1506181623,22117622,3136.34,0.01500000,1
1506181603,22117582,3152.29,0.03155000,0
1506181584,22117557,3145.80,0.01250000,1
1506181584,22117556,3145.80,0.01000000,1
1506181566,22117522,3152.50,0.29426804,0
1506181546,22117515,3152.70,0.29877219,0
1506181545,22117513,3133.87,0.05093500,1
1506181526,22117508,3152.99,0.42634145,0
1506181526,22117507,3150.98,0.00300000,0
1506181526,22117506,3150.97,0.01782077,0
1506181501,22117500,3150.88,0.02295866,0
1506181499,22117499,3147.00,0.29398241,0
1506181459,22117496,3146.98,0.02500000,0
1506181456,22117494,3147.00,0.13258659,0
1506181454,22117493,3146.98,0.01004799,0
1506181433,22117491,3146.95,0.46724705,0
1506181417,22117485,3146.96,0.04808768,0
1506181405,22117483,3146.99,0.02106775,0
1506181392,22117481,3146.84,0.01759167,1
1506181392,22117480,3146.83,0.02009598,0
1506181368,22117476,3147.00,0.06171550,0
1506181366,22117475,3147.05,0.01171550,1
1506181363,22117474,3147.05,0.10000000,0
1506181352,22117470,3147.05,0.07812268,0
1506181307,22117458,3147.32,0.15735857,0
1506181259,22117446,3128.67,0.10369264,1
1506181235,22117436,3147.69,0.03137221,0
1506181185,22117416,3141.26,0.00156900,1
1506181185,22117415,3141.26,0.01000000,1
1506181123,22117407,3130.37,0.01235260,1
1506181112,22117404,3142.63,0.01000000,1
1506181031,22117377,3147.76,0.05643043,1
1506180985,22117353,3148.09,0.01236043,0
1506180984,22117352,3128.67,0.01800000,1
1506180964,22117342,3148.16,0.01489438,0
1506180946,22117300,3148.31,0.01504736,0
1506180939,22117297,3128.14,0.02921625,1
1506180935,22117295,3148.36,0.04387504,0
1506180905,22117283,3141.06,0.02921625,0
1506180878,22117271,3127.78,0.50000000,1
1506180831,22117256,3141.19,0.00187174,0
1506180824,22117253,3141.20,0.06096874,0
1506180818,22117252,3141.21,0.66937764,0
1506180773,22117240,3125.49,0.28999999,1
1506180773,22117239,3128.67,0.07500001,1
1506180767,22117235,3127.10,0.06509200,1
1506180767,22117234,3128.09,0.15700000,1
1506180767,22117233,3128.09,0.03551704,1
1506180766,22117232,3128.67,0.00324430,1
1506180766,22117231,3132.11,0.01582174,0
1506180766,22117230,3132.11,0.00746700,1
1506180764,22117227,3138.28,0.01582174,1
1506180764,22117226,3138.28,0.00003618,1
1506180757,22117223,3132.16,0.05171342,0
1506180745,22117220,3132.16,0.08516703,0
1506180745,22117219,3132.14,0.03983297,0
1506180741,22117217,3132.16,0.82853000,0
1506180741,22117216,3132.16,0.02822080,0
1506180737,22117211,3132.16,0.00636875,0
1506180728,22117204,3147.00,0.00160000,1
1506180704,22117195,3132.15,0.02912575,1
1506180702,22117194,3132.15,0.01000000,1
1506180686,22117186,3148.08,0.11900588,0
1506180682,22117182,3141.04,0.05959800,0
1506180679,22117179,3140.54,0.01273750,1
1506180675,22117161,3140.54,0.02547500,1
1506180669,22117152,3148.25,0.07445267,1
1506180665,22117148,3150.82,0.02725965,1
1506180664,22117146,3150.82,0.00186610,0
1506180659,22117136,3131.90,0.15307579,1
1506180659,22117135,3132.10,2.00000000,1
1506180659,22117134,3132.11,1.04515261,0
1506180658,22117133,3132.11,0.09000000,1
1506180658,22117132,3140.00,0.00091883,1
1506180658,22117131,3140.30,0.02006961,1
1506180657,22117130,3140.38,0.02006910,1
1506180657,22117129,3140.44,0.05095000,1
1506180657,22117128,3140.44,0.44000000,1
1506180656,22117127,3140.53,0.96103823,1
1506180553,22117082,3150.12,0.01584455,0
1506180490,22117072,3143.39,0.90043556,0
1506180490,22117071,3143.38,0.09000000,0
1506180490,22117070,3143.36,0.00956444,0
1506180433,22117049,3140.00,0.02908117,1
1506180424,22117032,3144.05,0.03087181,0
1506180412,22117022,3144.07,0.05092424,0
1506180388,22116992,3150.14,0.02365946,0
1506180384,22116980,3150.03,0.05957176,0
1506180382,22116978,3150.03,0.15661885,1
1506180381,22116977,3150.03,0.09020420,1
1506180366,22116942,3155.65,0.02908117,0
1506180366,22116941,3155.65,0.00000176,0
1506180365,22116936,3155.62,0.01397824,1
1506180364,22116935,3155.65,0.14981313,0
1506180364,22116934,3155.64,0.10000000,0
1506180364,22116933,3155.62,0.02024254,0
1506180364,22116932,3155.62,0.01682286,0
1506180364,22116931,3155.61,0.00323810,0
1506180364,22116930,3150.64,0.01398068,0
1506180357,22116921,3150.64,0.00321932,1
1506180347,22116913,3155.63,0.01682286,0
1506180345,22116912,3155.62,0.01439361,0
1506180338,22116898,3151.00,0.23021158,1
1506180305,22116872,3151.00,0.09978842,1
1506180303,22116870,3153.38,0.20037101,1
1506180277,22116793,3161.08,0.03014612,1
1506180277,22116792,3161.08,0.12000000,0
1506180260,22116773,3161.09,0.00399840,0
1506180235,22116749,3153.38,0.00767966,1
1506180234,22116748,3155.00,0.07288994,1
1506180233,22116743,3155.00,0.13601151,1
1506180220,22116714,3155.00,0.07602265,1
1506180220,22116713,3155.01,0.02227885,1
1506180209,22116702,3166.40,0.00787310,0
1506180207,22116698,3155.00,0.01505360,1
1506180187,22116689,3155.00,0.00002230,1
1506180187,22116688,3155.55,0.03191300,1
1506180176,22116674,3155.55,0.11808700,1
1506180162,22116669,3166.60,0.12810297,0
1506180162,22116668,3166.59,0.12000000,0
1506180093,22116642,3166.69,0.06520621,0
1506180065,22116633,3169.76,0.02895171,0
1506180053,22116629,3169.79,1.00000000,0
1506180042,22116627,3169.83,0.02485355,0
1506180042,22116626,3169.82,0.13000000,0
1506180019,22116623,3169.85,0.00250000,0
1506179983,22116615,3169.91,0.06205288,0
1506179965,22116609,3169.93,0.00314517,0
1506179959,22116595,3169.40,0.00629345,0
1506179953,22116591,3169.41,0.06295178,0
1506179927,22116567,3169.46,0.92272494,0
1506179896,22116560,3153.78,0.02896177,1
1506179826,22116541,3169.63,0.02895291,0
1506179805,22116532,3169.68,0.02969717,0
1506179804,22116528,3169.68,0.16819636,0
1506179804,22116527,3169.67,0.14000000,0
1506179789,22116525,3169.69,0.04503736,0
1506179764,22116509,3169.79,0.01628794,0
1506179759,22116499,3168.02,0.03121197,0
1506179651,22116458,3151.03,0.01000000,1
1506179640,22116450,3166.47,0.10286623,0
1506179640,22116449,3166.44,0.89713377,0
1506179588,22116404,3166.57,0.10286623,0
1506179571,22116395,3151.22,0.00400000,1
1506179568,22116394,3151.22,0.44028282,1
1506179567,22116393,3151.23,0.44000000,0
1506179567,22116392,3151.25,0.65000000,1
1506179567,22116391,3154.03,0.06416040,1
1506179566,22116389,3156.00,0.88555678,0
1506179565,22116387,3156.00,0.25000000,1
1506179563,22116386,3169.08,0.01628188,0
1506179526,22116371,3156.00,0.11444322,0
1506179526,22116370,3157.00,0.09185900,1
1506179525,22116369,3157.03,0.29269778,0
1506179487,22116354,3169.84,0.06497095,0
1506179487,22116353,3169.83,0.09000000,0
1506179410,22116330,3169.96,0.20623941,0
1506179410,22116328,3169.96,0.10000000,0
1506179405,22116324,3169.97,0.02894980,0
1506179384,22116312,3156.23,0.02000000,0
1506179365,22116310,3169.99,0.00385674,0
1506179364,22116309,3169.98,0.11000000,0
1506179348,22116307,3169.98,0.06309188,0
1506179324,22116299,3169.99,0.19042419,0
1506179324,22116298,3169.98,0.13000000,0
1506179324,22116297,3169.95,0.29927446,0
1506179298,22116284,3169.82,0.06215183,0
1506179298,22116283,3169.81,0.01535676,0
1506179293,22116280,3169.82,0.27868737,0
1506179264,22116276,3169.34,0.03076361,0
1506179245,22116270,3156.08,0.03264725,1
1506179231,22116268,3169.38,0.04665924,0
1506179146,22116242,3159.96,0.01664251,0
1506179145,22116241,3159.96,0.01994475,1
1506179144,22116237,3160.02,0.00250000,1
1506179143,22116236,3169.98,0.06089939,0
1506179143,22116235,3169.92,0.15633226,0
1506179107,22116227,3169.99,0.20352461,0
1506179107,22116226,3169.98,0.15000000,0
1506179107,22116225,3169.96,0.02641043,0
1506179107,22116224,3169.00,0.39868488,0
1506179087,22116214,3167.94,0.15743354,0
1506179084,22116211,3167.97,0.00913449,0
1506178985,22116177,3168.66,0.02896177,0
1506178944,22116130,3169.00,0.00131512,0
1506178944,22116129,3168.99,0.02320551,0
1506178880,22116075,3169.96,0.02641358,0
1506178862,22116067,3174.83,0.01062142,0
1506178849,22116057,3175.00,0.59728986,0
1506178849,22116056,3173.99,0.16000000,0
1506178849,22116055,3173.79,0.01382934,0
1506178849,22116054,3173.70,1.03197629,0
1506178844,22116049,3159.85,0.03258167,1
1506178781,22116016,3159.80,7.18701355,1
1506178781,22116015,3160.00,0.02000000,1
1506178781,22116014,3160.00,0.25000000,1
1506178781,22116012,3160.00,0.02236956,1
1506178781,22116011,3163.00,0.50000000,1
1506178781,22116010,3163.03,0.43000000,1
1506178781,22116009,3164.80,2.64800000,1
1506178781,22116008,3165.90,0.10000000,1
1506178780,22116007,3166.00,2.11374849,1
1506178780,22116005,3166.01,1.03307861,1
1506178780,22116004,3166.27,0.01990488,1
1506178780,22116003,3166.27,0.01990488,1
1506178780,22116002,3166.47,0.01990375,1
1506178780,22116001,3166.57,0.95463664,1
1506178767,22115993,3175.00,0.13070038,0
1506178767,22115992,3174.99,0.02765868,0
1506178764,22115991,3175.00,0.02221175,0
1506178745,22115984,3175.00,0.14451969,0
1506178726,22115970,3166.42,0.04536336,1
1506178591,22115923,3175.00,0.18131338,0
1506178590,22115922,3174.99,0.15122122,0
1506178590,22115921,3174.67,0.05531737,0
1506178588,22115920,3174.64,0.24053083,0
1506178468,22115891,3166.74,0.00616805,1
1506178453,22115887,3170.01,0.10000000,1
1506178426,22115882,3174.93,0.01041198,0
1506178388,22115872,3174.97,0.03102307,0
1506178359,22115863,3175.00,0.02755000,0
1506178347,22115859,3170.03,0.25000000,1
1506178345,22115858,3175.00,0.00881244,0
1506178343,22115857,3175.00,0.00549000,0
1506178329,22115856,3175.00,1.00000000,0
1506178287,22115845,3175.00,0.03108966,0
1506178281,22115825,3174.99,0.00881277,0
1506178258,22115815,3175.00,0.06283465,0
1506178222,22115803,3175.00,0.02965030,0
1506178171,22115788,3175.00,0.01485354,0
1506178163,22115783,3175.00,0.02235590,0
1506178145,22115771,3175.00,0.07225826,0
1506178136,22115768,3175.00,0.22409852,0
1506178136,22115767,3174.98,0.54000000,0
1506178121,22115760,3174.98,0.10000000,0
1506178055,22115730,3174.89,0.04338267,0
1506177945,22115679,3175.00,0.00904255,0
1506177884,22115669,3175.00,0.03084176,0
1506177862,22115659,3175.00,0.03063126,0
1506177844,22115658,3175.00,0.00882625,0
1506177826,22115651,3174.99,0.02901702,0
1506177811,22115644,3175.00,1.25114371,0
1506177811,22115643,3174.99,0.14000000,0
1506177790,22115628,3175.00,0.14578700,0
1506177790,22115627,3174.99,0.16000000,0
1506177719,22115597,3162.81,0.19726089,0
1506177666,22115573,3174.96,0.14452151,0
1506177606,22115539,3174.99,1.02094729,0
1506177606,22115538,3170.00,4.74667756,0
1506177582,22115531,3169.97,0.03637673,0
1506177556,22115520,3169.97,0.01000000,0
1506177523,22115506,3169.97,0.00882636,0
1506177423,22115485,3169.96,0.01031673,0
1506177388,22115475,3160.32,0.17000000,0
1506177385,22115473,3160.00,0.01169128,1
1506177366,22115470,3170.00,0.07630564,0
1506177338,22115465,3170.00,0.01250000,0
1506177327,22115457,3170.00,0.02941882,0
1506177304,22115454,3170.00,0.05072039,0
1506177259,22115442,3170.00,0.38466710,0
1506177244,22115425,3170.00,0.05884155,0
1506177243,22115423,3169.99,0.14140821,0
1506177193,22115394,3170.00,0.61253900,0
1506177165,22115382,3170.00,0.01478815,0
1506177148,22115375,3170.00,0.60223010,0
1506177133,22115369,3169.99,0.11967600,0
1506177059,22115350,3169.99,0.13394884,0
1506177044,22115345,3169.99,0.01777225,0
1506177006,22115329,3169.99,0.01366708,0
1506177004,22115328,3169.99,0.03208143,0
1506176964,22115313,3169.99,0.01059119,0
1506176943,22115294,3170.00,0.63718200,0
1506176927,22115289,3169.99,0.01000000,0
1506176925,22115288,3160.28,0.15139670,1
1506176925,22115287,3166.75,0.01000000,1
1506176876,22115265,3170.00,0.04008201,0
1506176853,22115256,3170.00,0.96289005,0
1506176852,22115255,3170.00,0.12250482,0
1506176852,22115254,3169.99,0.15060646,0
1506176844,22115246,3170.00,0.20385300,0
1506176844,22115245,3170.00,0.02944146,0
1506176808,22115220,3170.00,0.01000000,0
1506176774,22115208,3169.99,0.02359937,0
1506176772,22115207,3170.00,0.06200718,0
1506176772,22115206,3170.00,0.07775527,0
1506176770,22115204,3170.00,0.02514300,0
1506176770,22115202,3170.00,0.03703000,0
1506176763,22115196,3170.00,0.03695500,0
1506176761,22115192,3170.00,0.07816834,0
1506176761,22115191,3170.00,0.02964937,0
1506176758,22115186,3170.00,0.82336707,0
1506176753,22115182,3170.00,0.01504277,0
1506176744,22115175,3170.00,0.04182466,0
1506176740,22115174,3170.00,0.04184227,0
1506176736,22115168,3170.00,0.13439501,0
1506176731,22115165,3170.00,0.00217841,1
1506176714,22115158,3175.00,0.04461202,0
1506176704,22115157,3174.99,0.10575240,0
1506176694,22115154,3174.99,0.15708710,0
1506176681,22115153,3166.76,0.07200721,1
1506176681,22115152,3172.56,0.01000000,1
1506176663,22115139,3174.99,0.06012646,0
1506176623,22115128,3174.99,0.01885045,0
1506176605,22115123,3174.99,0.02064969,0
1506176593,22115120,3174.97,0.06166230,0
1506176592,22115119,3174.97,0.02000000,0
1506176589,22115118,3174.95,0.02000000,0
1506176587,22115115,3174.97,0.02000000,0
1506176581,22115113,3175.00,0.02000000,0
1506176580,22115110,3175.00,0.09503960,0
1506176579,22115109,3175.00,0.02000000,0
1506176575,22115103,3174.99,0.02000000,0
1506176572,22115100,3174.99,0.02000000,0
1506176569,22115096,3174.97,0.02000000,0
1506176568,22115095,3174.99,0.22000000,0
1506176567,22115089,3174.97,0.02000000,0
1506176564,22115088,3174.97,0.02000000,0
1506176561,22115085,3174.97,0.02000000,0
1506176559,22115084,3174.97,0.02000000,0
1506176553,22115082,3174.76,0.02566740,1
1506176551,22115081,3174.76,0.77656571,0
1506176526,22115067,3174.88,0.21467087,0
1506176525,22115066,3174.91,0.49232126,0
1506176516,22115061,3175.00,0.00216757,1
1506176516,22115060,3175.00,0.58422992,1
1506176516,22115059,3176.00,0.27194045,1
1506176476,22115033,3176.00,0.32938835,1
1506176474,22115032,3176.96,0.01000000,1
1506176444,22115024,3185.78,0.00876342,0
1506176393,22115015,3176.00,48.39867120,1
1506176393,22115014,3176.01,0.37000000,1
1506176393,22115013,3176.55,0.29606112,1
1506176393,22115012,3176.71,0.93526768,1
1506176373,22115009,3186.00,0.39202448,1
1506176361,22115002,3186.00,0.01304771,1
1506176341,22114989,3192.79,0.01763228,0
1506176331,22114984,3192.82,0.02555827,1
1506176331,22114983,3192.81,0.01063473,0
1506176324,22114979,3176.78,0.01600000,1
1506176280,22114950,3186.00,0.12492781,1
1506176236,22114938,3192.81,0.03732373,0
1506176221,22114936,3196.47,0.02198054,0
1506176221,22114935,3196.46,0.02126946,0
1506176206,22114929,3175.16,0.14398908,1
1506176205,22114927,3175.15,0.04873232,1
1506176204,22114926,3196.56,0.03025000,0
1506176197,22114921,3193.03,0.18296350,0
1506176197,22114919,3193.02,0.04253892,0
1506176183,22114906,3196.62,0.27253682,0
1506176183,22114905,3193.05,0.05000000,0
1506176183,22114904,3193.04,0.17500000,0
1506176183,22114903,3188.24,0.15900000,0
1506176173,22114902,3198.99,5.88598038,1
1506176173,22114901,3198.99,0.24000000,1
1506176172,22114900,3198.13,0.09902616,0
1506176172,22114899,3196.65,0.00614675,0
1506176171,22114898,3195.00,0.49071463,0
1506176171,22114897,3193.07,9.20000000,0
1506176171,22114895,3188.25,0.10000000,0
1506176170,22114891,3188.24,0.05000000,0
1506176170,22114888,3185.88,0.24000000,0
1506176169,22114887,3185.81,0.17763459,1
1506176169,22114886,3185.81,0.08507784,1
1506176168,22114885,3185.81,0.59817367,0
1506176111,22114878,3186.14,0.12670402,0
1506176111,22114877,3185.47,0.17015568,0
1506176090,22114873,3176.01,0.18045556,1
1506176028,22114854,3176.27,0.49398829,1
1506176016,22114850,3176.24,0.27707243,1
1506176006,22114841,3181.07,0.01000000,0
1506175948,22114816,3178.24,0.00160000,0
1506175945,22114811,3178.24,0.05306862,1
1506175945,22114809,3178.24,0.14693138,1
1506175945,22114808,3178.24,0.14885062,1
1506175935,22114797,3179.26,0.01000000,1
1506175888,22114772,3186.70,0.03083414,0
1506175888,22114771,3186.40,0.02975866,0
1506175881,22114764,3182.73,0.01000000,1
1506175865,22114752,3186.68,0.14398908,0
1506175854,22114748,3188.22,0.06159328,0
1506175849,22114747,3186.16,0.13266203,0
1506175821,22114728,3187.19,0.01177659,0
1506175821,22114727,3187.19,0.01000000,1
1506175770,22114704,3193.92,0.62469004,0
1506175747,22114698,3178.24,0.00114938,0
1506175747,22114697,3178.24,0.12014132,0
1506175745,22114696,3178.15,0.03678619,0
1506175719,22114693,3178.15,0.13321381,0
1506175719,22114692,3178.15,0.06271075,0
1506175714,22114691,3178.15,0.05093529,0
1506175662,22114669,3178.15,0.01000000,0
1506175626,22114655,3178.16,0.04635396,1
1506175625,22114654,3178.24,0.01763420,0
1506175623,22114653,3178.16,0.17000000,1
1506175606,22114648,3178.24,0.02924059,0
1506175602,22114607,3178.24,0.01000000,0
1506175600,22114606,3178.24,0.01000000,0
1506175568,22114595,3178.24,0.01000000,0
1506175565,22114594,3178.24,0.05902777,0
1506175524,22114584,3178.24,0.15280674,0
1506175512,22114581,3178.16,0.09858955,0
1506175471,22114562,3178.00,0.19832954,1
1506175471,22114561,3178.01,0.03417046,1
1506175471,22114560,3178.01,0.26750000,1
1506175468,22114559,3178.01,0.01250000,1
1506175464,22114556,3178.16,0.04232820,0
1506175462,22114555,3178.05,0.50000000,1
1506175455,22114551,3178.16,0.01000000,0
1506175439,22114542,3178.16,0.15398976,0
1506175421,22114523,3178.16,0.09280293,0
1506175415,22114521,3178.16,0.09896250,0
1506175414,22114513,3178.16,0.00332706,0
1506175401,22114503,3178.29,0.50000000,1
1506175368,22114491,3194.69,0.02000000,0
1506175366,22114490,3194.71,0.02000000,0
1506175365,22114488,3194.71,0.03260353,0
1506175364,22114487,3177.85,0.05986717,0
1506175364,22114486,3177.85,0.02591540,0
1506175362,22114485,3177.85,0.02000000,0
1506175359,22114483,3177.85,0.02000000,0
1506175357,22114479,3177.85,0.02000000,0
1506175354,22114475,3177.85,0.02000000,0
1506175353,22114473,3177.85,0.04329718,0
1506175352,22114468,3177.85,0.15242116,0
1506175350,22114463,3177.85,0.02000000,0
1506175348,22114462,3177.85,0.02000000,0
1506175344,22114460,3177.85,0.02000000,0
1506175342,22114453,3177.85,0.02000000,0
1506175338,22114452,3177.85,0.02000000,0
1506175338,22114451,3177.85,0.03849909,0
1506175338,22114450,3177.85,0.05457012,0
1506175336,22114447,3177.85,0.09302675,0
1506175335,22114446,3177.85,0.09306400,0
1506175335,22114444,3177.85,0.02000000,0
1506175332,22114442,3177.85,0.02000000,0
1506175330,22114440,3177.85,0.03818162,0
1506175327,22114437,3177.85,0.00615751,0
1506175324,22114432,3177.90,0.17500000,1
1506175321,22114424,3177.77,0.08182388,0
1506175320,22114421,3177.83,0.27000000,1
1506175320,22114419,3186.21,0.01000000,1
1506175320,22114417,3194.79,0.13817612,1
1506175319,22114415,3194.79,0.01550036,0
1506175316,22114408,3194.90,0.01549970,0
1506175315,22114407,3194.79,0.24000000,1
1506175315,22114406,3186.13,0.01587477,0
1506175315,22114405,3186.06,0.01607315,1
1506175313,22114404,3186.06,0.18199139,0
1506175306,22114402,3177.71,0.08824611,0
1506175297,22114399,3177.71,0.03725163,0
1506175296,22114398,3177.71,0.37450226,0
1506175296,22114397,3177.71,0.12549774,0
1506175292,22114393,3177.71,0.03725113,0
1506175290,22114392,3177.71,0.03725113,0
1506175289,22114391,3177.77,0.30000000,1
1506175267,22114388,3186.10,0.00301600,1
1506175228,22114379,3177.89,0.01587737,1
1506175224,22114377,3177.89,0.20000000,1
1506175222,22114375,3177.88,0.08930069,1
1506175222,22114374,3186.13,0.01000000,1
1506175203,22114339,3194.99,0.02814765,0
1506175185,22114335,3194.97,0.08356000,0
1506175109,22114322,3194.99,0.16664012,0
1506175109,22114321,3194.99,0.03307464,0
1506175097,22114317,3194.99,0.01000000,0
1506175058,22114273,3192.55,0.13838487,0
1506175030,22114262,3185.18,0.02588816,0
1506175029,22114261,3185.18,0.02588816,0
1506175025,22114259,3185.18,0.14496084,0
1506175004,22114241,3185.18,0.01467248,0
1506174996,22114229,3185.18,0.05828100,0
1506174992,22114227,3177.20,1.62132977,1
1506174992,22114226,3177.21,1.01867023,1
1506174989,22114221,3192.86,0.01000000,0
1506174985,22114213,3182.00,1.65000000,1
1506174985,22114211,3182.75,0.05000000,1
1506174985,22114210,3182.90,0.01980100,1
1506174985,22114209,3182.93,0.28000000,1
1506174973,22114200,3194.26,0.01000000,0
1506174972,22114199,3194.23,0.10487742,0
1506174875,22114148,3182.44,0.11782678,1
1506174864,22114138,3195.00,0.58232237,0
1506174864,22114137,3194.99,0.04215730,1
1506174861,22114136,3182.02,0.03255535,1
1506174848,22114133,3194.94,0.01000000,0
1506174779,22114083,3182.19,0.05000000,1
1506174756,22114077,3194.89,0.06556407,0
1506174743,22114066,3192.48,0.02729778,0
1506174742,22114065,3190.00,0.22703287,1
1506174656,22114027,3196.65,0.01000000,1
1506174624,22114009,3197.98,0.00873784,0
1506174603,22113992,3197.98,0.02689109,0
1506174561,22113965,3181.57,0.03275734,1
1506174543,22113936,3192.28,0.02962129,0
1506174538,22113934,3191.10,0.01000000,1
1506174527,22113925,3196.79,0.01194132,0
1506174527,22113924,3194.63,0.09147476,0
1506174527,22113923,3192.51,0.01907262,0
1506174527,22113922,3192.48,0.02665013,0
1506174493,22113904,3192.50,0.03450658,0
1506174474,22113896,3192.50,0.01309882,0
1506174473,22113895,3190.00,0.00268172,0
1506174433,22113888,3192.51,0.01092738,0
1506174396,22113872,3194.99,0.01000000,0
1506174391,22113860,3192.11,0.16017075,0
1506174391,22113859,3188.87,0.03126816,0
1506174390,22113857,3188.00,0.02664727,0
1506174390,22113855,3180.03,0.09062942,0
1506174390,22113853,3180.00,0.00504926,0
1506174385,22113852,3180.00,0.01231000,0
1506174384,22113851,3180.00,0.50054874,0
1506174373,22113838,3179.00,16.92102300,0
1506174341,22113807,3179.00,0.01177759,0
1506174304,22113794,3179.00,0.84215731,0
1506174304,22113793,3171.20,0.03443730,1
1506174304,22113792,3171.25,0.01987375,1
1506174303,22113791,3171.29,0.01987349,1
1506174302,22113790,3179.00,0.02118989,0
1506174300,22113789,3178.97,0.28169551,0
1506174300,22113788,3178.97,0.21830449,0
1506174300,22113787,3178.97,0.28169551,0
1506174295,22113786,3178.97,0.21830449,0
1506174292,22113785,3178.00,0.21830449,0
1506174285,22113783,3178.00,0.04524000,0
1506174285,22113782,3178.00,0.10696873,0
1506174284,22113781,3178.00,0.10000000,0
1506174275,22113780,3178.00,0.02948678,0
1506174275,22113779,3178.00,0.21112335,0
1506174275,22113778,3177.97,0.75938987,0
1506174269,22113759,3178.00,0.01000000,0
1506174245,22113738,3178.00,0.02887665,0
1506174243,22113735,3177.97,0.02872988,0
1506174215,22113720,3177.97,0.07530000,0
1506174161,22113709,3177.97,0.11973399,0
1506174104,22113672,3177.93,0.01684626,0
1506174104,22113671,3168.91,0.00088013,0
1506174088,22113666,3168.91,0.35000000,0
1506174086,22113665,3168.90,0.37000000,1
1506174082,22113664,3168.91,0.14911987,0
1506174076,22113663,3168.90,0.35508131,0
1506174061,22113658,3167.30,0.50000000,1
1506174058,22113653,3167.30,0.50000000,1
1506174049,22113650,3168.90,0.14491869,0
1506174042,22113643,3168.91,0.00999264,1
1506174042,22113642,3169.48,0.01988484,1
1506174042,22113641,3169.54,0.47012252,1
1506174008,22113625,3178.98,0.31893842,1
1506174007,22113624,3178.98,0.50000000,1
1506174003,22113614,3178.99,0.02419814,0
1506174003,22113613,3178.99,0.00861882,0
1506173989,22113586,3178.91,0.07424558,0
1506173989,22113585,3178.87,0.14179798,0
1506173989,22113579,3178.88,0.00250000,0
1506173978,22113570,3178.99,0.88761681,0
1506173978,22113569,3178.99,0.11238319,0
1506173977,22113568,3178.99,0.07761681,0
1506173969,22113558,3178.96,0.14868410,0
1506173967,22113557,3178.99,0.03075472,0
1506173965,22113555,3178.99,0.01052352,0
1506173965,22113554,3174.91,0.00321862,0
1506173928,22113518,3168.94,0.47002051,0
1506173924,22113514,3168.94,0.02974941,0
1506173924,22113512,3168.94,0.00023008,0
1506173924,22113510,3168.94,0.50000000,0
1506173915,22113504,3168.95,0.50000000,1
1506173912,22113501,3168.95,0.11959484,1
1506173912,22113500,3168.96,0.38040516,1
1506173899,22113483,3170.00,0.01000000,0
1506173886,22113441,3169.00,8.30865224,0
1506173886,22113440,3168.00,1.77068376,0
1506173865,22113434,3168.00,0.03020768,0
1506173844,22113423,3167.79,0.04471518,0
1506173840,22113418,3167.87,0.33591162,0
1506173840,22113417,3163.00,0.15000000,0
1506173840,22113416,3163.00,0.01725392,0
1506173825,22113410,3163.00,0.29328801,0
1506173810,22113407,3155.91,0.21000000,1
1506173765,22113398,3163.00,0.02901359,0
1506173741,22113388,3163.00,0.04964109,0
1506173741,22113387,3162.00,0.02532264,0
1506173741,22113386,3161.90,0.01807112,0
1506173741,22113385,3161.89,0.01873658,0
1506173709,22113369,3155.35,0.29000000,1
1506173706,22113365,3155.35,0.50000000,1
1506173705,22113363,3155.35,0.09964893,1
1506173704,22113362,3155.35,0.46252685,1
1506173704,22113361,3155.37,0.03747315,1
1506173698,22113359,3155.35,0.09303042,1
1506173696,22113355,3155.35,0.30094330,1
1506173696,22113354,3155.36,0.15900000,1
1506173695,22113353,3155.37,0.03752985,1
1506173695,22113351,3155.37,0.00252685,1
1506173693,22113346,3155.37,0.03747315,0
1506173689,22113343,3155.35,0.09918144,1
1506173688,22113339,3155.35,0.50000000,1
1506173685,22113336,3155.35,0.11998891,1
1506173685,22113335,3156.03,0.01000000,1
1506173685,22113334,3156.06,0.37001109,1
1506173656,22113310,3161.90,0.37001109,0
1506173656,22113309,3156.01,0.01907785,0
1506173650,22113301,3156.01,0.01000000,0
1506173637,22113289,3153.00,0.47090399,0
1506173636,22113288,3152.00,0.08264369,0
1506173632,22113283,3148.96,0.49223036,1
1506173632,22113282,3151.07,0.00776964,1
1506173632,22113281,3151.07,0.06000000,0
1506173632,22113280,3151.06,0.07223036,0
1506173629,22113277,3148.96,0.50000000,1
1506173623,22113275,3148.96,0.50000000,1
1506173620,22113273,3148.96,0.50000000,1
1506173617,22113269,3148.96,0.50000000,1
1506173586,22113229,3152.99,0.02059203,0
1506173577,22113227,3152.99,0.13609014,0
1506173577,22113226,3152.99,0.00656499,0
1506173570,22113224,3152.99,0.05000000,0
1506173569,22113222,3145.09,0.32000000,0
1506173565,22113220,3145.09,0.09000000,1
1506173564,22113219,3145.09,0.41000000,0
1506173561,22113218,3152.99,0.31143057,0
1506173560,22113217,3152.99,0.00250000,0
1506173560,22113216,3145.00,0.00250000,1
1506173559,22113215,3145.00,0.00250000,1
1506173552,22113214,3145.00,0.02000000,1
1506173530,22113212,3152.99,0.00271036,0
1506173506,22113204,3154.03,0.06164860,0
1506173498,22113202,3145.11,1.00000000,1
1506173471,22113188,3145.30,0.42000000,0
1506173470,22113187,3145.30,0.08000000,0
1506173469,22113185,3145.30,0.50000000,0
1506173465,22113183,3145.29,0.09170034,0
1506173463,22113181,3145.29,0.03578966,0
1506173462,22113179,3145.31,0.37251000,1
1506173459,22113175,3145.31,0.50000000,1
1506173456,22113174,3145.30,0.50000000,1
1506173451,22113173,3145.30,0.50000000,1
1506173448,22113172,3145.30,0.50000000,1
1506173442,22113171,3145.20,0.50000000,1
1506173439,22113170,3145.20,0.50000000,1
1506173438,22113169,3154.03,0.01025000,0
1506173436,22113168,3145.20,0.25584962,1
1506173435,22113167,3150.00,0.01000000,1
1506173435,22113166,3150.03,0.23415038,1
1506173401,22113160,3154.03,0.01000000,0
1506173372,22113151,3152.63,0.30000000,1
1506173344,22113138,3154.04,0.02909601,0
1506173287,22113125,3156.99,0.02906882,1
1506173247,22113094,3157.00,0.01080339,0
1506173246,22113093,3156.96,0.03599383,0
1506173231,22113084,3156.14,0.01576258,0
1506173231,22113083,3145.03,0.04795803,1
1506173223,22113080,3150.00,0.00285554,1
1506173223,22113079,3150.03,0.01655100,0
1506173204,22113068,3150.03,0.01296179,1
1506173179,22113052,3156.44,0.09355901,0
1506173179,22113051,3150.03,0.00000596,0
1506173172,22113028,3150.03,0.09384433,0
1506173169,22113024,3150.00,0.01294446,1
1506173166,22113022,3150.03,0.10000000,0
1506173160,22112992,3150.03,0.04748907,0
1506173016,22112932,3159.83,0.00923202,1
1506173016,22112931,3159.81,0.02059598,0
1506173006,22112930,3159.84,0.03077875,0
1506172997,22112928,3151.07,0.14575679,1
1506172986,22112920,3159.86,0.14520897,1
1506172964,22112917,3159.88,0.02959803,0
1506172949,22112912,3159.76,0.03644500,0
1506172924,22112879,3151.33,0.08458302,1
1506172919,22112874,3159.99,0.01392759,1
1506172918,22112872,3159.99,0.08432374,1
1506172918,22112870,3159.99,0.01700000,1
1506172916,22112869,3159.50,0.63000000,0
1506172916,22112868,3159.25,0.30000000,0
1506172874,22112856,3159.99,0.03362400,0
1506172846,22112845,3160.00,0.02380195,0
1506172845,22112844,3159.99,0.03096923,0
1506172805,22112819,3160.00,0.02904114,0
1506172791,22112816,3150.83,0.02914380,1
1506172763,22112813,3160.00,0.11943957,0
1506172725,22112794,3160.00,0.01000000,0
1506172721,22112793,3160.00,0.15254253,0
1506172721,22112792,3160.00,0.09258088,1
1506172721,22112791,3159.95,0.01690434,0
1506172686,22112769,3160.00,0.03390822,0
1506172686,22112768,3159.96,0.01076887,0
1506172686,22112766,3159.96,0.00800000,1
1506172685,22112763,3159.95,0.09252362,0
1506172669,22112755,3150.73,0.11112258,1
1506172655,22112751,3156.59,0.01000000,1
1506172645,22112745,3160.00,0.03981932,0
1506172645,22112744,3159.99,0.02153773,0
1506172624,22112740,3151.63,0.02224564,1
1506172605,22112735,3150.58,0.00994357,1
1506172577,22112723,3150.56,0.17183277,1
1506172571,22112716,3161.02,0.00000128,1
1506172568,22112711,3161.02,0.17109000,1
1506172566,22112708,3160.93,0.04307546,0
1506172566,22112707,3160.90,0.67887207,0
1506172547,22112673,3154.04,0.01000000,1
1506172463,22112659,3159.49,0.23897007,1
1506172463,22112658,3159.48,0.08615093,0
1506172454,22112649,3147.08,0.10193923,1
1506172446,22112647,3159.60,0.01000000,1
1506172418,22112626,3151.18,0.08294000,1
1506172410,22112619,3162.00,0.00000241,1
1506172410,22112617,3162.00,0.08267553,1
1506172409,22112616,3161.99,0.02527206,0
1506172404,22112611,3162.00,0.04465953,0
1506172372,22112603,3162.86,0.02752545,0
1506172364,22112601,3162.80,0.01481942,0
1506172357,22112599,3147.00,0.98489284,1
1506172348,22112592,3147.11,0.14595704,1
1506172342,22112575,3162.92,0.03110498,0
1506172342,22112573,3162.89,0.01286299,0
1506172325,22112540,3147.00,0.14959300,1
1506172324,22112539,3147.01,0.15000000,1
1506172324,22112538,3147.02,0.00204578,1
1506172312,22112529,3147.08,0.09239224,1
1506172304,22112523,3147.00,0.43592591,1
1506172301,22112521,3147.00,0.02268487,1
1506172301,22112520,3147.01,1.01104152,1
1506172296,22112519,3142.83,0.01568245,1
1506172295,22112515,3163.26,0.00409157,0
1506172289,22112505,3163.28,0.03112532,0
1506172289,22112503,3142.83,0.00277505,1
1506172285,22112486,3142.82,0.19722495,0
1506172284,22112482,3142.80,0.00416587,1
1506172279,22112457,3142.82,0.15081375,1
1506172278,22112453,3162.91,0.00818314,0
1506172269,22112417,3162.92,0.01636628,0
1506172263,22112405,3162.94,0.15209604,0
1506172245,22112388,3163.07,0.03273255,0
1506172231,22112365,3163.17,0.06546510,0
1506172220,22112362,3163.33,0.13093021,0
1506172209,22112347,3163.46,0.01027923,0
1506172209,22112346,3163.41,0.25158119,0
1506172204,22112343,3141.81,0.20000000,1
1506172203,22112341,3145.26,0.07777935,0
1506172202,22112340,3145.24,0.00022065,0
1506172197,22112338,3141.80,0.09292880,1
1506172197,22112336,3145.24,0.07200000,0
1506172192,22112329,3141.66,0.00772083,1
1506172191,22112327,3141.66,0.46000000,1
1506172186,22112321,3141.63,0.01544168,1
1506172077,22112205,3165.83,0.66294996,0
1506172076,22112204,3165.80,0.65460580,0
1506172076,22112203,3165.80,0.14056592,0
1506172068,22112193,3142.00,2.00000000,0
1506172062,22112192,3140.51,0.84737525,1
1506172062,22112191,3141.99,0.00511782,1
1506172062,22112190,3142.00,0.46398114,1
1506172062,22112189,3142.97,0.01055080,1
1506172062,22112188,3142.99,0.01055080,1
1506172061,22112187,3166.12,0.11022000,0
1506172046,22112171,3142.00,0.09150385,1
1506172046,22112170,3143.87,0.00949615,1
1506172042,22112167,3142.00,0.44455161,1
1506172042,22112166,3142.19,0.17116473,1
1506172042,22112165,3143.00,2.00000000,1
1506172042,22112164,3143.01,0.76828193,1
1506172042,22112163,3143.81,0.03533828,1
1506172042,22112162,3143.87,0.00949615,1
1506172042,22112161,3143.89,0.00949615,1
1506172042,22112160,3145.54,0.01054016,1
1506172042,22112159,3150.00,0.50000000,1
1506172026,22112145,3150.00,0.10000000,0
1506172025,22112144,3145.54,0.00949602,1
1506172009,22112128,3145.59,0.15454126,0
1506172009,22112127,3148.62,0.00321912,1
1506172009,22112126,3150.00,0.01675408,1
1506172008,22112125,3150.00,0.07845036,0
1506172008,22112124,3150.01,0.24000000,1
1506172008,22112123,3152.66,0.07845036,1
1506172006,22112121,3152.72,0.16764519,1
1506171953,22112088,3167.62,0.01000000,0
1506171952,22112086,3167.62,0.74117160,0
1506171952,22112084,3149.98,0.07309929,0
1506171950,22112082,3150.01,0.26000000,1
1506171950,22112081,3160.00,0.15690071,1
1506171948,22112077,3167.99,0.31380143,0
1506171947,22112073,3167.97,0.03056378,0
1506171945,22112069,3149.98,0.11455510,1
1506171945,22112068,3150.00,0.10000000,1
1506171945,22112067,3160.00,0.09204922,1
1506171945,22112066,3168.00,0.19910856,0
1506171945,22112065,3167.64,0.42849429,0
1506171944,22112064,3160.03,0.16088279,1
1506171940,22112060,3167.64,0.22150571,0
1506171938,22112056,3167.62,0.44301142,0
1506171936,22112055,3167.64,0.33232020,1
1506171935,22112054,3167.64,0.31000000,1
1506171934,22112053,3167.64,0.02040363,1
1506171933,22112048,3167.68,0.28919293,0
1506171932,22112043,3167.65,0.28919293,0
1506171927,22112030,3167.72,0.03148952,0
1506171900,22111985,3180.68,0.04715171,0
1506171900,22111983,3180.68,0.01684417,0
1506171892,22111973,3160.00,0.30795078,1
1506171892,22111972,3160.00,0.20000000,1
1506171891,22111971,3160.34,0.02000000,1
1506171891,22111969,3162.95,0.10204922,1
1506171891,22111968,3162.95,0.01585230,1
1506171891,22111967,3162.95,0.50000000,1
1506171888,22111964,3162.95,11.11988757,1
1506171888,22111962,3164.06,0.27000000,1
1506171886,22111960,3168.00,0.50000000,1
1506171874,22111939,3173.24,0.01986128,1
1506171874,22111938,3173.31,0.57916034,1
1506171804,22111884,3181.97,0.00877127,0
1506171758,22111862,3181.97,0.01000000,0
1506171735,22111850,3182.00,0.20059820,0
1506171734,22111847,3182.00,0.00156505,0
1506171724,22111844,3181.97,0.30700987,0
1506171714,22111841,3180.36,0.01000000,1
1506171691,22111827,3182.00,0.02619500,0
1506171668,22111813,3173.27,0.17000000,1
1506171610,22111750,3173.37,0.20000000,1
1506171563,22111709,3181.96,0.14912899,0
1506171525,22111688,3181.97,0.02704678,0
1506171473,22111660,3173.90,0.31581460,1
1506171401,22111610,3181.99,0.00909767,0
1506171384,22111602,3174.71,0.09865884,1
1506171366,22111595,3181.88,0.02884035,0
1506171323,22111589,3173.27,0.09000000,1
1506171315,22111586,3181.99,0.02982424,0
1506171304,22111582,3181.99,0.14420221,0
1506171274,22111578,3181.99,0.01000000,0
1506171271,22111577,3181.84,0.25025000,0
1506171212,22111564,3181.96,0.03098339,0
1506171211,22111563,3181.96,0.09081195,0
1506171193,22111559,3182.33,0.16932500,0
1506171184,22111548,3182.39,0.01467381,0
1506171167,22111540,3182.45,0.12158340,0
1506171149,22111527,3182.39,0.08325046,0
1506171132,22111522,3180.00,0.01000000,1
1506171083,22111480,3188.87,0.03128067,1
1506171017,22111424,3183.10,0.05592434,1
1506170904,22111352,3194.80,0.05984282,0
1506170860,22111344,3194.97,0.01108158,0
1506170860,22111343,3189.87,0.02509821,0
1506170860,22111342,3189.87,0.02509821,0
1506170851,22111339,3189.84,0.10025000,0
1506170786,22111319,3189.93,0.00250000,0
1506170761,22111299,3179.17,0.00721460,1
1506170759,22111298,3179.26,0.01982367,1
1506170754,22111297,3179.43,0.00250000,1
1506170652,22111285,3191.78,0.14704961,1
1506170650,22111284,3191.79,0.01000000,0
1506170623,22111281,3191.74,0.03527469,0
1506170605,22111280,3191.99,0.30800260,0
1506170585,22111276,3193.67,0.07183585,0
1506170538,22111269,3192.80,0.01000000,0
1506170502,22111255,3193.24,0.02948635,0
1506170475,22111239,3173.40,0.06884459,1
1506170469,22111237,3173.40,0.28817829,1
1506170469,22111236,3184.04,0.07659600,1
1506170464,22111232,3174.81,0.09000000,1
1506170464,22111231,3174.82,0.06000000,1
1506170464,22111230,3181.08,0.00612415,1
1506170460,22111228,3184.04,0.01000000,0
1506170458,22111227,3181.08,0.86638585,1
1506170457,22111226,3184.00,0.30545546,1
1506170457,22111225,3184.00,0.31000000,0
1506170457,22111224,3184.07,0.92353932,0
1506170455,22111223,3190.00,3.49461937,1
1506170443,22111214,3190.00,0.60000000,1
1506170439,22111213,3190.00,0.41936000,1
1506170439,22111212,3190.40,0.01000000,1
1506170411,22111196,3190.00,0.04536494,1
1506170401,22111191,3190.00,0.14515460,1
1506170401,22111190,3190.00,0.05971981,1
1506170341,22111180,3190.00,0.07917000,1
1506170341,22111179,3190.00,0.06443869,1
1506170296,22111147,3194.00,0.00236299,0
1506170292,22111144,3193.99,0.00472599,0
1506170290,22111143,3193.99,0.00945198,0
1506170224,22111115,3194.99,0.05025000,0
1506170216,22111104,3190.58,0.01000000,1
1506170198,22111094,3194.97,0.09439296,0
1506170198,22111093,3189.44,0.00942197,0
1506170198,22111092,3189.00,0.00326007,0
1506170191,22111090,3189.00,0.05622733,0
1506170191,22111089,3188.90,0.04625667,0
1506170161,22111066,3181.33,0.03228991,1
1506170143,22111055,3181.13,0.02192466,1
1506170132,22111044,3188.90,0.01000000,0
1506170119,22111036,3188.00,0.15025000,0
1506170089,22111016,3188.00,0.15394491,0
1506170001,22110978,3188.93,0.00877386,0
1506169991,22110974,3189.00,0.30025000,0
1506169981,22110968,3188.97,0.01847526,0
1506169950,22110961,3188.88,0.01000000,0
1506169924,22110942,3188.97,0.00010326,0
1506169924,22110941,3188.91,0.03001026,0
1506169873,22110849,3176.36,0.00860095,1
1506169857,22110847,3188.97,0.02500000,0
1506169855,22110844,3183.00,0.02500000,0
1506169848,22110842,3183.00,0.01000000,0
1506169827,22110825,3189.33,0.01000000,0
1506169783,22110796,3189.44,0.01568769,0
1506169778,22110788,3189.41,0.10000000,0
1506169774,22110783,3189.44,0.00000376,1
1506169773,22110782,3189.44,0.29999624,1
1506169764,22110777,3189.44,0.01377876,0
1506169763,22110776,3189.30,0.04733965,0
1506169759,22110768,3189.44,0.62550479,0
1506169744,22110752,3189.43,0.02942058,0
1506169733,22110745,3172.31,0.47500000,0
1506169730,22110743,3170.70,0.05952265,1
1506169729,22110742,3173.54,0.00319310,1
1506169729,22110741,3173.64,0.13621234,1
1506169729,22110740,3173.66,0.01001710,1
1506169729,22110739,3180.00,0.06955481,1
1506169727,22110738,3189.31,0.01469861,0
1506169725,22110736,3189.28,0.03008878,0
1506169725,22110734,3181.97,0.00211375,0
1506169719,22110723,3180.00,0.05591635,1
1506169705,22110706,3181.97,0.00788625,0
1506169705,22110705,3181.96,0.03320544,0
1506169703,22110704,3177.24,0.14608387,1
1506169703,22110703,3177.51,0.01000000,1
1506169692,22110699,3181.96,0.30215055,0
1506169692,22110698,3180.00,0.03165706,0
1506169657,22110669,3173.90,4.53282552,1
1506169657,22110668,3173.90,0.86717448,1
1506169657,22110667,3173.90,0.03000000,1
1506169654,22110661,3173.90,0.61636158,1
1506169654,22110659,3173.90,0.48646394,1
1506169654,22110656,3173.91,0.00000349,1
1506169653,22110651,3173.91,0.20999651,1
1506169649,22110645,3180.00,0.00425385,0
1506169649,22110643,3179.99,0.01574615,0
1506169646,22110638,3180.00,0.02000000,0
1506169640,22110628,3180.00,0.10000000,1
1506169640,22110626,3180.57,0.00000215,1
1506169636,22110611,3180.57,0.03128685,1
1506169634,22110595,3180.64,0.56756730,1
1506169634,22110593,3181.97,0.01000000,1
1506169625,22110577,3193.06,0.00932036,0
1506169573,22110529,3180.64,0.22871089,1
1506169554,22110517,3180.64,0.02508199,1
1506169551,22110511,3180.64,0.01226000,1
1506169550,22110508,3180.64,0.05590971,1
1506169549,22110507,3180.64,0.35337228,1
1506169542,22110498,3181.98,0.01000000,1
1506169516,22110480,3180.64,0.17311301,1
1506169512,22110475,3180.64,0.47968648,1
1506169500,22110460,3180.64,0.85758385,1
1506169498,22110456,3180.64,0.05590806,1
1506169493,22110438,3180.65,0.43002218,1
1506169478,22110425,3182.06,0.01000000,1
1506169466,22110415,3180.65,0.29303541,1
1506169466,22110414,3180.65,0.36000000,1
1506169464,22110413,3194.78,0.01469861,0
1506169460,22110412,3180.65,0.11844000,1
1506169425,22110383,3180.65,0.02331649,1
1506169424,22110382,3182.01,0.01000000,1
1506169406,22110377,3194.95,0.03031633,0
1506169337,22110344,3194.83,0.02000000,0
1506169335,22110339,3194.89,0.02000000,0
1506169334,22110338,3180.70,0.21493536,0
1506169332,22110337,3180.70,0.02000000,0
1506169329,22110335,3180.70,0.06272833,0
1506169329,22110334,3180.70,0.00817278,0
1506169328,22110333,3180.68,0.01182722,0
1506169312,22110324,3180.86,0.67350227,1
1506169311,22110323,3188.93,0.00407000,1
1506169304,22110319,3194.87,0.01731649,0
1506169303,22110318,3188.93,0.01303108,0
1506169277,22110313,3180.87,0.06526776,1
1506169253,22110299,3189.38,0.02000000,0
1506169238,22110293,3189.49,0.02000000,0
1506169229,22110276,3189.50,0.02000000,0
1506169226,22110267,3189.54,0.02000000,0
1506169223,22110257,3189.57,0.02000000,0
1506169220,22110243,3189.57,0.01393784,0
1506169219,22110242,3189.56,0.00606216,0
1506169217,22110233,3189.56,0.02000000,0
1506169213,22110230,3189.57,0.02000000,0
1506169210,22110215,3189.53,0.02000000,0
1506169207,22110196,3189.56,0.02000000,0
1506169205,22110188,3189.56,0.02000000,0
1506169190,22110146,3189.57,0.00590000,1
1506169165,22110127,3194.85,0.00379000,0
1506169152,22110118,3194.95,0.06144390,0
1506169152,22110117,3194.92,0.09212433,0
1506169151,22110114,3184.31,0.00410000,1
1506169144,22110105,3183.16,0.01193523,1
1506169124,22110097,3196.84,0.01465409,0
1506169000,22110045,3197.90,0.78004628,0
1506168995,22110043,3197.93,0.04595920,0
1506168994,22110042,3180.65,0.00383000,1
1506168987,22110037,3180.67,0.45628228,1
1506168975,22110019,3198.67,0.65877373,1
1506168974,22110018,3198.67,0.34147627,0
1506168947,22109990,3199.20,0.22629054,0
1506168931,22109966,3199.30,0.32581478,0
1506168931,22109965,3199.29,0.18424865,0
1506168931,22109964,3199.29,0.72997895,0
1506168926,22109962,3199.39,0.02934428,0
1506168924,22109961,3199.45,0.00929155,0
1506168919,22109921,3184.05,0.00593000,1
1506168908,22109913,3184.11,0.00787000,1
1506168882,22109880,3183.01,0.11953562,1
1506168882,22109877,3186.00,0.05000000,1
1506168882,22109875,3190.00,0.12594822,1
1506168881,22109874,3194.00,0.05625667,1
1506168881,22109873,3195.00,0.01579175,1
1506168879,22109872,3199.57,0.02000000,0
1506168876,22109864,3195.00,0.03420825,1
1506168876,22109863,3195.50,0.01000000,1
1506168840,22109786,3199.99,0.15869257,0
1506168834,22109783,3199.85,0.03386799,0
1506168819,22109765,3200.00,0.20086702,1
1506168816,22109762,3200.00,0.08253498,1
1506168812,22109758,3200.00,1.48575491,1
1506168806,22109748,3202.58,0.01778744,0
1506168802,22109737,3200.00,0.02540720,1
1506168793,22109724,3200.00,1.00000000,1
1506168793,22109721,3200.00,0.21156081,1
1506168789,22109716,3200.18,0.00466045,0
1506168788,22109715,3200.03,0.08948854,0
1506168787,22109706,3200.00,1.25314586,1
1506168786,22109704,3200.03,0.07301543,0
1506168786,22109702,3200.00,1.25062285,1
1506168783,22109698,3200.00,0.83665015,1
1506168780,22109691,3200.00,1.48575491,1
1506168775,22109685,3200.00,1.48575491,1
1506168774,22109681,3200.00,2.45678558,1
1506168771,22109677,3200.00,0.59824207,1
1506168769,22109675,3200.00,0.09262778,1
1506168767,22109674,3200.00,0.08427377,1
1506168765,22109669,3200.00,0.17071893,1
1506168764,22109667,3200.02,0.05000000,0
1506168746,22109594,3200.00,0.62262483,1
1506168745,22109591,3200.03,0.18793369,1
1506168745,22109587,3205.02,0.03892648,0
1506168745,22109586,3200.00,0.51312348,1
1506168744,22109583,3200.00,0.62105000,0
1506168744,22109581,3200.00,0.04145803,0
1506168744,22109580,3199.99,0.15742244,0
1506168743,22109576,3199.96,0.03169748,0
1506168739,22109573,3200.00,0.12104591,1
1506168738,22109572,3200.00,0.50000000,1
1506168736,22109563,3200.00,0.12779200,1
1506168727,22109540,3205.02,0.42334328,1
1506168726,22109538,3205.02,0.05793700,1
1506168723,22109532,3205.02,3.00000000,1
1506168723,22109526,3205.02,0.16250387,1
1506168722,22109524,3205.02,0.10389889,1
1506168722,22109522,3207.86,0.51312713,0
1506168720,22109513,3205.02,0.13289383,1
1506168718,22109503,3205.02,0.53775480,1
1506168714,22109486,3205.02,0.36294250,1
1506168714,22109484,3205.20,0.00000600,1
1506168690,22109362,3215.58,0.39752733,1
1506168690,22109356,3208.00,0.03000000,0
1506168689,22109350,3207.98,0.08120493,1
1506168684,22109331,3205.20,0.01099400,1
1506168662,22109212,3200.00,5.50469174,1
1506168661,22109211,3205.00,7.99201922,1
1506168661,22109210,3205.02,2.06466628,1
1506168661,22109209,3205.05,0.13862276,1
1506168659,22109208,3207.99,0.05107174,0
1506168658,22109207,3207.99,0.01000000,0
1506168647,22109203,3205.02,0.02233372,0
1506168640,22109199,3205.00,0.07356795,1
1506168640,22109198,3205.01,0.30840555,1
1506168626,22109195,3205.02,0.12340579,0
1506168625,22109193,3205.01,0.11817851,1
1506168624,22109191,3205.02,0.01000000,0
1506168621,22109188,3205.05,0.22916333,0
1506168620,22109187,3205.01,0.39886800,1
1506168599,22109168,3206.21,0.36132627,0
1506168598,22109167,3206.34,0.01000000,1
1506168583,22109158,3205.04,0.22036401,0
1506168579,22109151,3208.00,0.03109899,1
1506168575,22109144,3208.03,0.03109726,1
1506168570,22109141,3205.01,0.06000000,1
1506168558,22109135,3205.11,0.01092000,1
1506168554,22109128,3205.00,0.01093292,1
1506168550,22109124,3217.17,0.01670300,0
1506168525,22109107,3207.78,0.01000000,1
1506168486,22109090,3214.79,0.00290396,0
1506168483,22109088,3214.79,0.12842764,0
1506168483,22109087,3214.77,0.02389880,0
1506168483,22109086,3214.77,0.00580792,0
1506168479,22109084,3214.79,0.01161585,0
1506168475,22109083,3214.69,0.02323169,0
1506168473,22109080,3214.75,0.02694992,0
1506168473,22109079,3207.40,0.00975673,0
1506168473,22109078,3207.38,0.00975673,0
1506168446,22109071,3200.04,0.04727168,1
1506168434,22109050,3207.40,0.01000000,1
1506168432,22109048,3203.32,0.05752200,1
1506168405,22109033,3216.60,0.22549231,0
1506168405,22109032,3216.58,0.02111300,0
1506168405,22109031,3216.58,0.21000000,0
1506168405,22109030,3211.46,0.08487000,0
1506168397,22109025,3200.12,0.36203000,0
1506168397,22109023,3200.16,0.01000000,1
1506168395,22109022,3200.01,0.02005279,1
1506168384,22109014,3196.86,0.07500000,0
1506168383,22109012,3196.86,0.07841640,1
1506168383,22109011,3200.00,0.00000631,1
1506168380,22109008,3200.00,0.09487800,1
1506168374,22108996,3200.06,0.07500000,0
1506168371,22108987,3200.06,0.01000000,0
1506168359,22108968,3209.30,0.01541725,0
1506168359,22108966,3209.30,0.00483275,0
1506168344,22108950,3217.00,0.12539478,0
1506168344,22108949,3209.87,0.09000000,0
1506168344,22108948,3209.87,0.18646710,0
1506168343,22108946,3209.30,0.06401444,0
1506168327,22108930,3209.30,0.16176907,0
1506168326,22108929,3209.29,0.22343472,0
1506168326,22108928,3208.99,0.24000000,0
1506168326,22108927,3208.49,0.34408720,0
1506168263,22108891,3200.00,0.00312579,1
1506168261,22108889,3209.29,0.26656528,0
1506168261,22108888,3209.29,0.04882535,0
1506168260,22108886,3209.27,0.01977322,1
1506168260,22108883,3209.25,0.25363500,1
1506168259,22108882,3208.43,0.34330810,1
1506168259,22108881,3208.43,0.15589336,1
1506168246,22108862,3200.00,0.00198990,1
1506168246,22108860,3200.04,0.77409084,1
1506168241,22108824,3208.62,0.10030000,0
1506168221,22108784,3200.17,0.02571630,1
1506168214,22108781,3209.25,0.00310664,0
1506168211,22108780,3200.19,0.15900000,1
1506168203,22108765,3209.29,0.37686528,0
1506168201,22108763,3209.26,0.64914759,0
1506168194,22108759,3209.29,0.06430937,0
1506168181,22108745,3209.24,0.31085241,0
1506168169,22108736,3209.30,0.26421649,0
1506168169,22108733,3207.94,0.01000655,0
1506168168,22108731,3207.57,0.49000000,0
1506168168,22108730,3207.57,0.02135877,0
1506168168,22108729,3207.27,0.34514088,0
1506168166,22108724,3207.26,0.49000000,0
1506168166,22108723,3207.26,0.40065371,0
1506168156,22108708,3207.23,0.02000000,0
1506168153,22108705,3207.26,0.02000000,0
1506168143,22108695,3207.26,0.02000000,0
1506168141,22108694,3207.26,0.02934629,0
1506168140,22108693,3207.23,0.02000000,0
1506168137,22108689,3207.26,0.02000000,0
1506168134,22108684,3207.27,0.02000000,0
1506168131,22108673,3207.27,0.02000000,0
1506168129,22108671,3196.10,1.44523945,1
1506168129,22108670,3196.27,0.43803890,1
1506168129,22108668,3207.27,0.02000000,0
1506168127,22108666,3207.27,0.08485912,0
1506168127,22108665,3207.27,0.26820110,0
1506168127,22108664,3207.25,0.86822145,0
1506168127,22108662,3207.00,0.43000000,0
1506168126,22108658,3207.00,0.02000000,0
1506168123,22108654,3206.96,0.02000000,0
1506168120,22108644,3207.00,0.02000000,0
1506168116,22108634,3207.00,0.02000000,0
1506168112,22108628,3200.01,0.39339897,1
1506168112,22108626,3207.25,0.02000000,0
1506168109,22108611,3207.25,0.02000000,0
1506168106,22108608,3207.09,0.02000000,0
1506168103,22108604,3207.20,0.02000000,0
1506168098,22108594,3195.51,0.00223593,1
1506168098,22108593,3200.00,0.32294701,1
1506168098,22108592,3200.06,0.60196110,1
1506168096,22108590,3207.27,0.02000000,0
1506168095,22108589,3207.27,0.07241289,0
1506168095,22108588,3207.24,0.39803890,0
1506168093,22108585,3207.27,0.02000000,0
1506168090,22108572,3207.25,0.02000000,0
1506168087,22108567,3207.27,0.02000000,0
1506168084,22108565,3207.27,0.02000000,0
1506168081,22108562,3207.27,0.02000000,0
1506168079,22108560,3207.11,0.50000000,0
1506168078,22108559,3207.14,0.02000000,0
1506168074,22108556,3207.22,0.02000000,0
1506168071,22108547,3207.27,0.00938601,0
1506168071,22108546,3207.26,0.01061399,0
1506168068,22108539,3207.27,0.02000000,0
1506168065,22108530,3207.27,0.02000000,0
1506168063,22108526,3207.57,0.46864123,0
1506168063,22108525,3207.39,0.29999783,0
1506168063,22108524,3207.36,0.02012434,0
1506168063,22108523,3207.35,0.18999122,0
1506168063,22108522,3207.35,0.03631613,0
1506168062,22108521,3207.35,0.02000000,0
1506168059,22108507,3200.00,0.02122798,1
1506168058,22108505,3207.29,0.02000000,0
1506168058,22108503,3200.03,0.21803890,1
1506168056,22108501,3200.00,0.15582501,0
1506168052,22108494,3195.25,0.08333778,1
1506168052,22108492,3200.00,0.17095346,1
1506168051,22108486,3200.00,0.15582800,1
1506168046,22108472,3200.00,0.01000655,1
1506168041,22108470,3197.43,0.01000000,1
1506168039,22108468,3207.36,0.30000000,0
1506168035,22108462,3195.07,0.08334247,1
1506168035,22108460,3196.32,0.01000000,1
1506168018,22108438,3195.07,0.13071545,1
1506168012,22108435,3195.06,1.20484730,1
1506168012,22108433,3195.07,0.07216474,1
1506168012,22108432,3199.96,0.00157000,1
1506168011,22108431,3200.00,0.16834568,1
1506168007,22108416,3207.94,0.07151630,1
1506168006,22108410,3200.00,0.43670334,1
1506168005,22108403,3199.97,0.06463819,0
1506168004,22108399,3195.07,0.21000000,1
1506168004,22108398,3195.55,0.01000000,1
1506168003,22108397,3199.97,0.01027371,0
1506168003,22108396,3199.96,0.04245595,0
1506168001,22108391,3195.06,0.87749119,1
1506167996,22108385,3199.97,0.41508810,0
1506167996,22108384,3199.96,0.08491190,0
1506167989,22108359,3195.07,0.24000000,1
1506167980,22108338,3194.83,0.01972706,1
1506167980,22108337,3194.85,1.50017418,1
1506167978,22108330,3194.85,0.05211708,1
1506167978,22108329,3198.12,0.03792784,1
1506167977,22108324,3198.12,0.05463500,1
1506167976,22108317,3198.12,0.10743716,0
1506167973,22108304,3194.85,0.45547992,1
1506167973,22108301,3194.85,0.70602689,1
1506167972,22108300,3194.85,0.16198649,1
1506167972,22108299,3198.12,0.06238665,0
1506167971,22108295,3194.85,0.14903100,1
1506167970,22108290,3194.85,2.00219845,1
1506167969,22108279,3194.85,0.39451800,1
1506167967,22108269,3194.87,0.03000000,1
1506167967,22108267,3194.87,0.00903260,1
1506167966,22108261,3194.87,0.09096740,0
1506167964,22108248,3194.87,0.10851370,1
1506167964,22108246,3194.91,0.01972657,1
1506167962,22108235,3194.87,0.19148630,1
1506167961,22108223,3199.99,0.02000000,0
1506167960,22108217,3194.85,1.56004275,1
1506167960,22108215,3194.86,0.37000000,1
