date,tid,price,amount,type
1506211241,22134778,3783.22,0.20935242,0
1506211240,22134777,3783.21,0.00409561,0
1506211240,22134776,3780.01,0.00145197,0
1506211236,22134775,3776.95,0.13300000,1
1506211236,22134774,3776.95,4.00000000,1
1506211232,22134769,3776.95,0.28000000,1
1506211222,22134767,3782.84,0.05917920,1
1506211222,22134766,3782.84,0.00145311,0
1506211220,22134765,3782.83,0.00145047,0
1506211218,22134764,3776.93,0.02795600,1
1506211206,22134758,3778.96,0.28385800,1
1506211205,22134757,3783.25,0.00678562,0
1506211205,22134756,3783.07,0.00145119,0
1506211205,22134755,3783.06,0.00145108,0
1506211205,22134754,3782.94,2.63780000,0
1506211205,22134753,3781.12,0.02521211,0
1506211202,22134745,3781.14,0.38750586,0
1506211201,22134744,3781.13,0.01599200,0
1506211195,22134741,3779.17,0.01599200,1
1506211192,22134740,3781.09,0.01476558,0
1506211192,22134739,3781.08,0.00145280,0
1506211190,22134738,3781.07,0.00409698,0
1506211181,22134735,3783.10,0.83689327,0
1506211181,22134734,3781.09,0.03967110,0
1506211181,22134733,3781.08,0.00228475,0
1506211181,22134732,3781.07,0.00145088,0
1506211175,22134711,3781.08,0.00207668,0
1506211156,22134710,3776.90,0.03985396,1
1506211154,22134709,3776.90,0.05631815,1
1506211154,22134708,3776.91,0.03971365,1
1506211151,22134707,3781.16,0.06273141,0
1506211151,22134706,3781.15,0.00145423,0
1506211151,22134705,3781.11,0.00145088,0
1506211150,22134704,3781.10,0.25059266,0
1506211150,22134703,3776.91,0.00145265,0
1506211146,22134701,3781.12,0.61268159,1
1506211146,22134700,3781.12,0.00145410,1
1506211146,22134699,3781.12,0.01577042,0
1506211146,22134698,3778.56,0.00277552,0
1506211146,22134697,3778.51,0.00145406,0
1506211145,22134696,3776.91,0.00145439,1
1506211144,22134695,3776.91,0.00436507,0
1506211143,22134693,3776.90,0.08834883,1
1506211135,22134691,3778.57,0.95069327,0
1506211135,22134690,3778.56,0.03969766,0
1506211135,22134689,3778.54,0.00145202,0
1506211135,22134688,3778.53,0.00145492,0
1506211134,22134687,3778.52,0.00145435,0
1506211134,22134686,3776.93,0.00145428,0
1506211134,22134685,3776.92,4.00000000,0
1506211134,22134684,3776.91,0.00251492,0
1506211133,22134683,3776.90,13.00000000,1
1506211133,22134682,3776.90,0.09600156,1
1506211127,22134680,3776.90,0.08758752,1
1506211126,22134679,3776.90,2.11139211,1
1506211124,22134678,3776.94,2.64040000,0
1506211120,22134665,3776.96,2.64040000,1
1506211119,22134661,3776.93,1.10900734,1
1506211108,22134638,3776.91,2.38078758,1
1506211108,22134637,3776.97,2.64140000,1
1506211101,22134627,3776.91,0.13692000,1
1506211091,22134615,3776.95,0.02500000,1
1506211087,22134613,3776.91,0.40028677,1
1506211087,22134612,3776.95,0.03971323,1
1506211087,22134611,3783.23,0.00722799,0
1506211085,22134610,3777.40,0.01705269,0
1506211084,22134608,3776.96,0.00158517,1
1506211083,22134606,3776.96,0.44000000,1
1506211083,22134605,3777.40,0.01500000,0
1506211082,22134604,3777.40,0.05428805,0
1506211082,22134603,3777.39,0.00145295,0
1506211082,22134602,3777.38,0.00145261,0
1506211082,22134601,3777.37,0.00145524,0
1506211080,22134600,3776.96,0.02500000,1
1506211062,22134587,3776.94,0.02500000,1
1506211061,22134586,3777.40,0.00115926,0
1506211061,22134585,3777.39,0.03970996,0
1506211058,22134583,3776.93,0.02500000,1
1506211053,22134577,3776.92,0.24213167,1
1506211053,22134576,3776.92,0.01448026,1
1506211047,22134570,3776.92,0.02500000,1
1506211035,22134565,3776.91,0.02500000,1
1506211032,22134561,3781.81,0.37449611,0
1506211032,22134560,3781.32,0.03966869,0
1506211024,22134556,3776.91,0.27586200,1
1506211020,22134555,3779.72,0.00145098,0
1506211020,22134554,3779.71,0.00145160,0
1506211012,22134552,3773.46,0.87150000,1
1506211009,22134549,3778.00,0.01319402,0
1506211009,22134548,3777.99,0.00145357,0
1506211009,22134547,3777.98,0.00145423,0
1506210976,22134518,3773.30,0.02640000,1
1506210971,22134514,3778.00,1.54574784,0
1506210971,22134513,3777.58,0.00145450,0
1506210970,22134511,3777.50,0.00145379,0
1506210970,22134510,3775.37,0.02215387,0
1506210970,22134509,3772.81,0.02500000,1
1506210966,22134505,3772.78,0.10000000,1
1506210965,22134504,3775.37,0.02430755,0
1506210965,22134502,3775.37,0.03081765,0
1506210962,22134501,3773.27,0.02500000,1
1506210958,22134500,3772.75,0.10000000,1
1506210953,22134499,3775.26,0.14000000,1
1506210950,22134498,3775.26,0.03200000,1
1506210945,22134497,3775.26,0.02500000,1
1506210943,22134496,3775.37,0.02637800,0
1506210941,22134495,3775.25,0.24700000,1
1506210936,22134494,3772.72,0.10366014,1
1506210936,22134493,3775.24,0.01633986,1
1506210932,22134492,3775.25,1.00000000,1
1506210928,22134488,3775.37,1.00000000,1
1506210925,22134486,3782.61,0.08116474,1
1506210924,22134485,3782.01,0.00630653,0
1506210924,22134484,3780.96,0.00145256,0
1506210924,22134483,3780.95,0.00145131,0
1506210924,22134482,3780.94,0.00145278,0
1506210924,22134481,3780.93,0.00145128,0
1506210924,22134480,3780.93,0.00145054,0
1506210924,22134479,3779.76,0.00145333,0
1506210923,22134478,3779.75,0.00145145,0
1506210923,22134477,3779.74,0.00145438,0
1506210923,22134476,3779.73,0.00489394,0
1506210923,22134475,3779.71,0.00145105,0
1506210901,22134469,3777.22,0.00048600,1
1506210901,22134468,3778.00,0.02750000,1
1506210892,22134466,3781.05,2.15969141,0
1506210892,22134465,3779.82,0.00145458,0
1506210892,22134464,3779.81,0.00145401,0
1506210892,22134463,3779.78,0.90600000,0
1506210883,22134459,3779.83,0.18432901,0
1506210883,22134458,3779.83,0.00145434,0
1506210883,22134457,3779.83,0.00250953,0
1506210870,22134453,3779.82,0.01000000,0
1506210829,22134442,3779.90,0.04739543,0
1506210787,22134426,3775.13,0.00275879,1
1506210786,22134424,3775.13,0.02085734,1
1506210779,22134413,3780.45,0.02296999,1
1506210775,22134410,3780.45,0.00171581,1
1506210775,22134409,3780.00,0.39876643,0
1506210765,22134405,3780.00,0.20529357,0
1506210764,22134404,3779.56,0.03968716,0
1506210764,22134403,3779.55,0.00145395,0
1506210764,22134402,3779.49,0.00145267,0
1506210764,22134401,3779.48,0.00145164,0
1506210764,22134400,3779.47,0.00462684,0
1506210764,22134399,3779.46,0.00145122,0
1506210764,22134398,3779.45,0.00145197,0
1506210764,22134397,3779.44,0.00145374,0
1506210764,22134396,3776.00,0.00887423,0
1506210740,22134392,3779.55,0.00057340,0
1506210740,22134391,3779.54,0.00145147,0
1506210740,22134390,3779.53,0.00145411,0
1506210740,22134389,3779.52,0.00145161,0
1506210616,22134363,3774.29,0.10000000,1
1506210613,22134358,3781.12,0.00159989,0
1506210612,22134357,3781.11,0.00145401,0
1506210612,22134356,3779.52,0.00145478,0
1506210612,22134355,3779.50,0.00145377,0
1506210612,22134354,3779.49,0.00145127,0
1506210612,22134352,3779.48,0.00145202,0
1506210612,22134351,3779.47,0.00436426,0
1506210605,22134346,3774.13,0.02500000,1
1506210587,22134342,3773.84,0.02500000,1
1506210576,22134339,3773.73,0.02500000,1
1506210572,22134337,3773.71,0.02500000,1
1506210568,22134336,3773.68,0.16500000,1
1506210563,22134331,3773.68,0.08000000,1
1506210556,22134320,3773.55,0.02500000,1
1506210553,22134319,3778.30,0.05882038,0
1506210553,22134318,3774.39,0.02063492,0
1506210542,22134309,3773.45,0.02500000,1
1506210527,22134305,3774.88,0.02500000,1
1506210524,22134303,3774.89,0.02500000,1
1506210514,22134297,3773.77,0.02500000,1
1506210509,22134292,3774.29,0.02500000,1
1506210507,22134291,3778.17,0.17391300,1
1506210506,22134290,3778.17,0.25100000,1
1506210499,22134284,3779.17,1.51631974,0
1506210499,22134283,3780.00,1.12318026,1
1506210496,22134279,3780.00,2.99850000,1
1506210495,22134278,3780.00,0.02500000,1
1506210491,22134277,3780.00,0.02500000,1
1506210486,22134276,3780.00,0.20000000,1
1506210486,22134275,3780.00,2.99850000,1
1506210482,22134274,3780.00,0.02500000,1
1506210480,22134273,3780.00,2.64330000,1
1506210478,22134272,3780.00,1.00000000,1
1506210476,22134271,3780.01,2.99850000,1
1506210475,22134270,3780.01,0.03830000,1
1506210473,22134268,3780.00,0.12396400,1
1506210471,22134264,3780.00,3.13880376,1
1506210471,22134263,3780.00,0.03830000,1
1506210469,22134262,3780.00,4.00000000,1
1506210468,22134261,3779.25,0.00145426,0
1506210468,22134260,3779.24,0.00357022,0
1506210468,22134259,3779.17,0.00145175,0
1506210468,22134258,3779.16,0.00145237,0
1506210468,22134257,3779.15,2.63960000,0
1506210467,22134255,3773.83,0.01970761,1
1506210466,22134254,3774.64,0.03829239,1
1506210462,22134251,3773.82,0.97500000,1
1506210458,22134249,3774.63,0.63600000,1
1506210454,22134242,3773.85,0.02500000,1
1506210451,22134236,3773.84,1.00000000,1
1506210449,22134232,3778.72,0.03660940,0
1506210449,22134231,3779.14,0.03823233,0
1506210449,22134230,3778.73,0.00145329,0
1506210447,22134228,3778.75,0.00139566,0
1506210447,22134227,3778.74,0.00145195,0
1506210441,22134223,3773.78,0.02500000,1
1506210437,22134222,3772.71,0.02500000,1
1506210427,22134219,3773.75,0.30000000,1
1506210423,22134212,3772.87,0.08500000,1
1506210420,22134207,3772.83,0.10000000,1
1506210405,22134193,3772.84,0.10000000,1
1506210401,22134192,3772.69,0.10000000,1
1506210397,22134187,3774.62,0.01599200,1
1506210397,22134186,3774.62,0.39900000,1
1506210393,22134185,3772.53,0.17595099,1
1506210393,22134184,3773.80,0.03974901,1
1506210393,22134183,3778.83,0.01630000,1
1506210388,22134182,3774.61,0.13000000,1
1506210386,22134181,3779.19,0.26575935,0
1506210386,22134180,3779.15,0.03969147,0
1506210386,22134179,3776.80,0.00410231,0
1506210386,22134178,3776.79,0.00357410,0
1506210386,22134177,3776.78,0.00330705,0
1506210385,22134176,3776.77,0.00145302,0
1506210385,22134175,3776.76,0.00145318,0
1506210385,22134174,3776.75,0.00145539,0
1506210384,22134170,3774.57,0.02000000,1
1506210380,22134168,3773.80,0.02500000,1
1506210376,22134165,3773.79,0.02000000,1
1506210371,22134143,3773.76,0.19000000,1
1506210367,22134142,3773.73,0.01100000,1
1506210363,22134137,3773.71,0.01400000,1
1506210357,22134131,3774.35,0.02500000,1
1506210349,22134118,3774.31,0.02000000,1
1506210346,22134117,3774.83,0.01800000,1
1506210340,22134114,3774.82,0.42578700,1
1506210339,22134113,3774.82,0.02500000,1
1506210335,22134112,3774.68,0.02000000,1
1506210330,22134109,3774.65,0.02500000,1
1506210326,22134108,3774.62,0.02500000,1
1506210319,22134104,3774.42,0.01986000,1
1506210316,22134103,3774.73,0.00656116,1
1506210314,22134102,3774.44,0.02500000,1
1506210311,22134101,3774.34,0.11900000,1
1506210306,22134098,3774.27,0.00513119,1
1506210306,22134097,3774.73,0.01986881,1
1506210302,22134096,3774.77,0.08100000,1
1506210302,22134094,3774.17,0.87156400,1
1506210302,22134092,3776.94,5.00000000,0
1506210300,22134090,3779.19,0.00162988,0
1506210300,22134089,3779.18,0.00145259,0
1506210298,22134088,3774.93,0.02500000,1
1506210294,22134087,3774.73,0.22500000,1
1506210291,22134086,3774.90,0.99950000,1
1506210290,22134084,3773.94,0.20800000,1
1506210284,22134082,3774.69,0.49000000,1
1506210277,22134063,3781.95,2.57887561,1
1506210276,22134056,3781.95,0.05697150,1
1506210272,22134045,3780.08,0.00145289,0
1506210264,22134035,3781.95,2.43900000,1
1506210264,22134033,3776.95,0.19990000,0
1506210264,22134031,3776.94,0.00224751,0
1506210256,22134021,3781.95,0.35683320,1
1506210253,22134018,3781.95,2.28536680,1
1506210253,22134017,3782.00,4.71463320,1
1506210252,22134014,3782.00,7.00000000,1
1506210249,22134012,3782.00,0.14192900,1
1506210248,22134011,3782.00,0.21994041,1
1506210238,22134005,3782.00,1.00352800,1
1506210237,22134000,3782.00,0.08311568,1
1506210231,22133994,3782.00,0.02011212,1
1506210229,22133993,3782.00,0.43677900,1
1506210228,22133991,3782.00,0.53313781,1
1506210228,22133989,3782.00,0.09348762,1
1506210226,22133986,3782.01,0.06793970,1
1506210226,22133984,3782.01,0.71501109,1
1506210225,22133981,3782.01,0.65889290,0
1506210214,22133963,3782.01,0.21369854,0
1506210213,22133951,3782.00,0.51254036,1
1506210212,22133945,3782.00,0.00200000,1
1506210210,22133942,3782.01,0.51605466,1
1506210210,22133941,3782.01,0.09966292,1
1506210210,22133940,3782.01,0.10787511,1
1506210204,22133902,3782.01,0.65831252,1
1506210199,22133885,3782.01,0.00145234,1
1506210198,22133884,3782.01,0.65783825,0
1506210190,22133858,3782.00,2.99850000,1
1506210187,22133842,3782.02,0.00200000,1
1506210187,22133840,3782.02,0.00200000,1
1506210187,22133839,3782.02,0.00200000,1
1506210186,22133838,3782.02,0.00200000,1
1506210186,22133837,3782.02,0.00200000,1
1506210186,22133836,3782.02,0.00200000,1
1506210186,22133834,3782.02,0.00200000,1
1506210185,22133833,3782.00,0.02292734,1
1506210185,22133831,3782.00,0.00200000,1
1506210182,22133827,3782.00,0.02939140,1
1506210182,22133826,3782.01,0.03966534,1
1506210179,22133820,3782.00,0.01346347,1
1506210179,22133818,3782.00,0.33383905,1
1506210174,22133800,3783.25,0.20770186,1
1506210173,22133796,3783.25,0.05864066,1
1506210172,22133789,3783.25,0.02291945,1
1506210169,22133786,3782.00,0.11792020,1
1506210169,22133785,3782.00,0.03966701,1
1506210169,22133783,3782.00,4.00000000,1
1506210168,22133781,3782.57,0.00145054,0
1506210167,22133779,3783.15,0.87760000,0
1506210167,22133778,3782.60,1.00000000,0
1506210167,22133776,3782.59,0.80700000,0
1506210167,22133775,3782.58,0.00145038,0
1506210167,22133774,3782.00,0.36619515,1
1506210166,22133770,3782.00,0.15207663,1
1506210165,22133768,3782.00,1.00000000,1
1506210165,22133766,3781.79,1.06446027,0
1506210164,22133765,3781.49,0.09320217,0
1506210164,22133764,3781.46,0.00515411,0
1506210161,22133753,3780.00,0.11792020,0
1506210160,22133750,3780.01,0.03822404,1
1506210158,22133746,3780.01,0.00145443,0
1506210158,22133744,3780.00,0.33365370,1
1506210158,22133740,3780.00,0.33353619,1
1506210156,22133729,3780.00,1.53258093,1
1506210151,22133721,3780.01,0.67915938,1
1506210150,22133718,3780.01,0.33344213,1
1506210143,22133698,3780.01,0.05185876,1
1506210139,22133688,3780.00,0.87156400,1
1506210136,22133682,3780.00,0.05000000,0
1506210136,22133681,3779.99,23.95093817,0
1506210136,22133680,3779.98,0.00145184,0
1506210135,22133679,3779.97,0.00145362,0
1506210135,22133677,3779.95,0.00145118,0
1506210123,22133655,3772.74,0.03600000,1
1506210098,22133619,3779.99,1.04906183,0
1506210098,22133618,3779.33,0.00200000,0
1506210098,22133617,3778.80,1.00000000,0
1506210098,22133616,3778.43,1.00000000,0
1506210098,22133615,3777.00,0.20000000,0
1506210098,22133614,3776.58,0.50000000,0
1506210098,22133613,3775.00,0.24020734,0
1506210098,22133612,3774.99,0.00145651,0
1506210098,22133611,3774.98,0.00145558,0
1506210097,22133609,3774.98,0.00145279,0
1506210097,22133608,3774.97,0.00145632,0
1506210097,22133607,3774.96,0.00145562,0
1506210097,22133605,3774.95,0.00145401,0
1506210082,22133570,3772.54,0.16485355,1
1506210082,22133568,3774.93,0.00805995,1
1506210064,22133531,3774.87,0.00145427,0
1506210064,22133528,3775.00,0.75979266,0
1506210064,22133527,3774.99,0.03973520,0
1506210063,22133526,3774.98,0.00463454,0
1506210063,22133525,3774.88,0.00145618,0
1506210017,22133468,3772.52,0.03898050,1
1506210016,22133461,3772.52,0.92767264,1
1506210016,22133460,3774.00,0.59897300,1
1506210016,22133459,3774.01,0.56810385,1
1506210015,22133457,3774.01,1.40000000,1
1506210015,22133456,3774.01,0.16730000,1
1506210015,22133454,3774.01,0.35000000,1
1506210015,22133452,3774.01,1.36062045,1
1506210015,22133450,3774.01,0.03937955,1
1506210006,22133440,3774.01,0.05197400,1
1506209991,22133429,3772.52,61.13505182,0
1506209991,22133428,3772.51,0.03976133,0
1506209991,22133427,3772.50,0.00145725,0
1506209990,22133426,3772.50,0.00277926,0
1506209990,22133425,3772.48,0.00357622,0
1506209982,22133424,3772.47,0.00145371,1
1506209980,22133421,3771.01,0.09000000,1
1506209962,22133411,3772.52,7.00000000,0
1506209962,22133406,3772.52,7.00000000,0
1506209961,22133404,3772.52,4.99774832,0
1506209961,22133403,3772.50,0.00225168,0
1506209959,22133402,3772.52,4.98874929,0
1506209959,22133401,3772.50,0.00145526,0
1506209959,22133400,3772.49,0.00251703,0
1506209959,22133399,3772.49,0.00145500,1
1506209958,22133398,3772.48,0.00145582,0
1506209958,22133397,3772.47,0.00145640,0
1506209958,22133396,3772.46,0.00145390,0
1506209957,22133395,3772.45,0.00145730,0
1506209954,22133394,3770.24,3.96997073,1
1506209954,22133393,3770.24,0.35000000,1
1506209954,22133392,3770.24,0.07508829,1
1506209954,22133391,3770.27,0.00305644,1
1506209954,22133390,3770.38,0.84939027,1
1506209954,22133389,3770.38,3.15060973,1
1506209954,22133388,3770.41,1.00000000,1
1506209943,22133385,3772.52,0.55130648,0
1506209943,22133384,3772.51,0.00145555,0
1506209943,22133383,3772.51,0.00490330,0
1506209943,22133382,3772.50,0.00145673,0
1506209934,22133381,3772.52,0.07428017,0
1506209934,22133380,3772.49,0.00145539,0
1506209934,22133379,3772.42,0.00145616,0
1506209927,22133378,3770.26,0.01200170,1
1506209924,22133377,3772.52,4.98892726,0
1506209924,22133376,3772.50,0.00145494,0
1506209924,22133375,3772.49,0.00145405,0
1506209924,22133374,3772.48,0.00145569,0
1506209924,22133373,3772.47,0.00172018,0
1506209924,22133372,3772.46,0.00145541,0
1506209923,22133371,3772.45,0.00145540,0
1506209923,22133370,3772.44,0.00145483,0
1506209896,22133362,3770.25,0.03710000,1
1506209889,22133358,3772.52,0.00290787,0
1506209889,22133357,3772.50,0.00777868,0
1506209889,22133356,3772.50,0.00145668,1
1506209888,22133355,3772.47,0.00145663,0
1506209888,22133353,3772.46,0.00145678,0
1506209888,22133352,3772.45,0.00198576,0
1506209887,22133351,3772.44,0.00145448,1
1506209887,22133350,3772.44,0.00145516,0
1506209887,22133349,3772.43,0.00145699,1
1506209887,22133348,3772.43,0.00145725,0
1506209885,22133347,3772.42,0.00145757,0
1506209867,22133335,3772.50,0.03198275,0
1506209867,22133334,3772.50,0.00145507,0
1506209867,22133333,3772.49,0.00145597,0
1506209855,22133328,3770.24,0.15765877,1
1506209853,22133325,3770.25,0.03978381,1
1506209847,22133324,3770.24,0.00245630,1
1506209847,22133323,3771.98,0.01080470,1
1506209847,22133322,3771.97,0.00145606,0
1506209845,22133321,3770.25,0.00145834,0
1506209841,22133320,3770.24,0.33560000,1
1506209840,22133319,3770.24,2.64540000,1
1506209839,22133317,3770.24,5.00000000,1
1506209833,22133314,3770.30,0.15371331,1
1506209828,22133313,3772.05,0.01624529,0
1506209827,22133312,3772.04,0.00145512,0
1506209827,22133311,3772.04,0.00516738,0
1506209827,22133310,3772.03,0.00145587,1
1506209825,22133309,3770.26,0.00030069,0
1506209823,22133307,3770.26,0.00115780,0
1506209823,22133306,3770.24,0.00384220,0
1506209817,22133304,3770.25,12.01100924,1
1506209815,22133303,3770.25,0.00145470,0
1506209815,22133302,3770.24,0.00145457,0
1506209815,22133301,3770.23,0.00145562,0
1506209815,22133300,3770.22,0.00463814,0
1506209815,22133299,3768.09,6.98000000,0
1506209815,22133298,3768.08,0.03980807,0
1506209815,22133297,3768.08,0.96017966,0
1506209811,22133296,3767.04,2.64900000,1
1506209804,22133293,3765.91,0.96017966,1
1506209804,22133292,3767.04,0.03982034,1
1506209771,22133258,3765.82,0.31551400,1
1506209762,22133246,3772.52,1.02296727,0
1506209761,22133245,3772.52,0.37150000,0
1506209761,22133243,3772.52,0.39289699,0
1506209755,22133240,3772.52,0.05932905,0
1506209755,22133239,3771.69,0.00145738,0
1506209754,22133238,3772.52,0.11064449,0
1506209754,22133237,3772.51,0.11000000,0
1506209754,22133236,3771.70,0.00145585,0
1506209752,22133232,3772.18,0.22433140,0
1506209752,22133231,3772.18,1.99053343,0
1506209752,22133230,3772.14,0.19442834,0
1506209752,22133228,3772.18,0.10733149,0
1506209751,22133225,3772.17,0.00145505,0
1506209751,22133224,3771.79,0.00278259,0
1506209751,22133223,3771.76,0.00145566,0
1506209751,22133221,3771.71,0.00145437,0
1506209751,22133220,3771.68,0.00145703,0
1506209733,22133204,3772.52,3.91933753,0
1506209733,22133203,3772.51,0.12000000,0
1506209733,22133202,3772.20,0.00145669,0
1506209733,22133201,3771.87,0.00145476,0
1506209733,22133200,3771.83,0.00225102,0
1506209731,22133198,3771.80,0.22670000,0
1506209725,22133194,3772.21,0.01884334,0
1506209725,22133193,3772.02,0.00384382,0
1506209724,22133192,3771.95,0.00145619,0
1506209724,22133191,3771.91,0.00145665,0
1506209714,22133190,3772.22,0.68136392,0
1506209714,22133189,3772.21,0.00145449,0
1506209714,22133188,3772.15,0.00145614,0
1506209714,22133187,3772.07,0.00145737,0
1506209714,22133186,3772.03,0.00145708,0
1506209700,22133174,3772.22,0.09649302,0
1506209700,22133173,3772.21,0.00145496,0
1506209700,22133172,3772.20,0.00145466,0
1506209692,22133169,3772.22,0.08875095,0
1506209692,22133168,3772.00,0.06311097,0
1506209692,22133167,3771.96,0.00145771,0
1506209691,22133166,3772.00,0.03218903,0
1506209690,22133165,3771.97,0.04619625,0
1506209688,22133164,3772.00,0.20470000,1
1506209666,22133160,3772.48,0.43894303,0
1506209666,22133159,3772.43,0.00145697,0
1506209660,22133157,3772.45,0.04135067,0
1506209654,22133155,3772.46,0.03419069,0
1506209653,22133154,3770.52,0.00145716,0
1506209653,22133153,3769.17,0.02500000,0
1506209653,22133152,3767.26,0.00145900,0
1506209642,22133146,3770.48,0.03699831,0
1506209642,22133145,3764.52,0.02500000,1
1506209641,22133144,3764.51,0.07901102,1
1506209636,22133140,3772.51,0.14801263,1
1506209635,22133137,3772.52,0.47020043,0
1506209634,22133136,3772.52,1.77804101,0
1506209633,22133134,3772.51,0.13000000,1
1506209630,22133127,3772.51,0.02500000,1
1506209622,22133122,3772.51,0.04500000,1
1506209620,22133120,3772.51,0.14000000,1
1506209618,22133119,3772.51,0.08000000,1
1506209615,22133118,3772.51,0.02000000,1
1506209611,22133114,3772.51,0.04500000,1
1506209607,22133112,3772.51,0.16000000,1
1506209607,22133111,3772.51,0.02500000,1
1506209596,22133107,3772.51,0.00198737,1
1506209596,22133104,3772.51,0.18000000,0
1506209592,22133101,3772.44,0.00437020,1
1506209591,22133099,3772.44,0.01277105,0
1506209591,22133098,3772.42,0.03875497,0
1506209590,22133097,3772.44,0.01155389,0
1506209590,22133096,3772.43,0.00145752,0
1506209585,22133085,3772.44,0.02432643,0
1506209581,22133081,3772.52,1.13611202,0
1506209581,22133080,3771.89,0.00145500,0
1506209580,22133079,3771.77,0.12656524,0
1506209580,22133078,3765.20,0.00145797,0
1506209576,22133073,3772.49,0.14472575,0
1506209576,22133072,3772.01,0.01000000,0
1506209576,22133071,3765.24,0.03983810,0
1506209575,22133070,3765.23,0.00145750,0
1506209575,22133069,3765.22,0.00145972,0
1506209575,22133068,3765.21,0.00145930,0
1506209575,22133066,3765.18,0.00145824,0
1506209575,22133064,3765.17,0.00145840,0
1506209575,22133063,3765.16,0.00145945,0
1506209555,22133045,3760.36,0.10000000,1
1506209552,22133042,3760.34,0.57000000,1
1506209538,22133037,3761.54,0.02500000,1
1506209533,22133036,3769.95,0.01590601,0
1506209533,22133035,3769.52,0.00145847,0
1506209533,22133034,3769.51,0.00145731,0
1506209533,22133033,3769.50,0.00145569,0
1506209533,22133032,3769.49,0.00145526,0
1506209533,22133031,3769.44,0.00358067,0
1506209533,22133030,3764.99,0.00384816,0
1506209533,22133029,3764.97,0.00331670,0
1506209526,22133025,3761.53,0.02500000,1
1506209523,22133022,3758.04,0.01335859,1
1506209523,22133021,3760.08,0.03989141,1
1506209520,22133020,3770.77,2.61245392,0
1506209519,22133019,3770.00,1.00000000,0
1506209519,22133018,3770.00,0.90000000,1
1506209519,22133017,3769.95,0.16058900,0
1506209519,22133016,3769.53,0.87150000,1
1506209518,22133015,3769.53,2.00000000,1
1506209518,22133014,3769.50,0.11003000,1
1506209518,22133012,3767.00,0.25000000,0
1506209517,22133011,3765.00,1.00000000,0
1506209517,22133010,3765.00,0.50000000,0
1506209517,22133009,3763.00,0.49956451,0
1506209517,22133008,3762.15,0.13440262,0
1506209515,22133007,3762.11,0.00145995,0
1506209507,22133006,3762.10,0.00133799,0
1506209506,22133005,3762.09,0.00146037,0
1506209506,22133004,3762.08,0.00146053,0
1506209506,22133003,3762.07,0.00243705,0
1506209506,22133002,3762.06,0.00145978,0
1506209504,22133001,3762.05,0.00145979,0
1506209486,22132998,3762.07,0.00274422,0
1506209486,22132997,3762.07,0.00146111,0
1506209471,22132991,3762.00,0.02500000,1
1506209459,22132986,3762.02,0.00358586,1
1506209458,22132985,3762.15,0.07584635,0
1506209458,22132984,3762.14,0.00145776,0
1506209458,22132983,3762.10,0.00146102,0
1506209456,22132981,3762.01,0.02500000,1
1506209455,22132978,3762.15,0.34888273,0
1506209455,22132977,3762.14,0.00146087,0
1506209455,22132976,3762.13,0.00146069,0
1506209454,22132975,3762.11,0.00145880,0
1506209454,22132974,3762.11,0.00518145,0
1506209442,22132968,3762.00,0.01374968,1
1506209440,22132966,3762.15,0.01238696,0
1506209439,22132964,3762.14,0.00145810,0
1506209439,22132962,3762.13,0.00145791,0
1506209438,22132961,3762.12,0.00146158,0
1506209435,22132949,3762.09,0.02000000,1
1506209432,22132928,3762.02,0.01732049,1
1506209432,22132926,3762.02,1.58092697,1
1506209432,22132924,3762.15,0.07544803,1
1506209430,22132914,3762.09,0.00438452,0
1506209429,22132909,3762.00,0.02500000,1
1506209424,22132901,3762.01,0.10000000,1
1506209411,22132897,3762.00,0.06987012,1
1506209409,22132896,3762.01,0.03000000,1
1506209404,22132893,3762.15,0.02452534,0
1506209404,22132892,3762.07,0.00491568,0
1506209404,22132891,3762.07,0.00145998,0
1506209375,22132889,3762.00,0.15970635,1
1506209366,22132883,3762.15,0.05327849,0
1506209366,22132882,3762.15,0.00146143,1
1506209366,22132881,3762.14,0.03987092,0
1506209364,22132878,3761.96,0.00517985,0
1506209329,22132837,3756.08,0.02500000,1
1506209320,22132834,3755.94,0.02500000,1
1506209316,22132831,3756.05,0.00006368,1
1506209316,22132830,3756.10,0.03993632,1
1506209314,22132827,3762.15,0.10067751,0
1506209314,22132826,3762.14,0.00146012,0
1506209312,22132824,3755.16,0.11800000,1
1506209311,22132823,3755.16,0.04123000,1
1506209308,22132820,3756.04,0.03995000,1
1506209257,22132812,3761.57,0.24664131,0
1506209256,22132811,3761.56,0.00145869,0
1506209256,22132810,3754.20,0.02656524,0
1506209248,22132808,3761.47,0.00107646,0
1506209247,22132807,3761.46,0.00146153,0
1506209247,22132806,3759.81,0.00146201,0
1506209245,22132805,3761.47,1.34877349,0
1506209244,22132804,3759.84,0.86919092,0
1506209244,22132803,3759.83,0.00146085,0
1506209244,22132802,3759.82,0.00146218,0
1506209244,22132801,3759.80,0.00146011,0
1506209244,22132800,3757.85,0.00146072,0
1506209244,22132799,3757.84,2.11831002,0
1506209232,22132796,3759.84,0.00840908,0
1506209232,22132795,3759.34,0.00146238,0
1506209232,22132794,3758.48,0.00332369,0
1506209232,22132793,3757.90,0.00146009,0
1506209232,22132792,3757.89,0.00146098,0
1506209231,22132791,3757.88,0.00146189,0
1506209231,22132790,3757.87,0.00252587,0
1506209172,22132775,3754.13,0.01900000,1
1506209133,22132771,3754.93,0.00068253,0
1506209133,22132770,3754.86,0.00146392,0
1506209133,22132769,3754.85,0.00146245,0
1506209133,22132768,3754.84,0.00146335,0
1506209133,22132767,3754.83,0.00146410,0
1506209133,22132766,3754.82,0.00146365,0
1506209115,22132765,3753.68,0.03996079,0
1506209105,22132761,3753.69,0.01056860,0
1506209105,22132760,3753.39,0.00146349,0
1506209104,22132759,3753.38,0.00146289,0
1506209096,22132756,3753.40,0.04295860,0
1506209096,22132755,3751.19,0.00359639,0
1506209083,22132752,3748.88,0.07338407,1
1506209064,22132747,3759.42,0.00589652,0
1506209055,22132744,3754.11,0.00146476,1
1506209055,22132743,3750.97,2.14080386,0
1506209054,22132742,3752.71,0.48000000,1
1506209054,22132741,3752.71,0.03999614,1
1506209050,22132740,3753.70,2.66100000,0
1506209038,22132738,3748.42,0.00500000,1
1506209030,22132737,3752.70,0.00500000,1
1506209030,22132736,3750.98,2.66150000,0
1506209005,22132733,3750.98,0.05642800,0
1506209004,22132732,3747.35,0.05597200,0
1506208990,22132731,3756.82,0.01000000,0
1506208988,22132730,3750.99,2.65710000,0
1506208983,22132729,3759.55,5.89371667,0
1506208983,22132728,3759.00,0.02000000,0
1506208983,22132727,3757.54,6.00000000,0
1506208983,22132726,3757.53,0.22000000,0
1506208982,22132725,3755.86,10.47560300,0
1506208982,22132724,3755.84,6.10223800,0
1506208982,22132723,3755.00,1.00000000,0
1506208982,22132722,3755.00,0.61136574,0
1506208982,22132721,3754.96,0.87150000,0
1506208982,22132720,3754.29,0.41103160,0
1506208982,22132719,3749.00,0.24205089,0
1506208982,22132718,3748.98,0.00333231,0
1506208981,22132717,3749.00,0.24919057,0
1506208980,22132716,3748.99,0.00146646,0
1506208979,22132715,3749.00,0.00875854,0
1506208974,22132714,3754.29,0.14328199,0
1506208974,22132713,3754.26,0.00306286,0
1506208974,22132712,3753.71,0.00146175,0
1506208974,22132711,3752.99,0.00146292,0
1506208973,22132710,3750.98,0.00146476,0
1506208973,22132709,3750.96,0.00226572,0
1506208964,22132708,3753.72,0.04853498,0
1506208964,22132707,3750.97,0.00146502,0
1506208962,22132706,3752.98,0.58716487,0
1506208962,22132705,3752.00,0.24912668,0
1506208961,22132704,3751.00,1.49774464,0
1506208961,22132703,3750.98,0.00199610,0
1506208961,22132702,3748.65,2.65700000,0
1506208961,22132701,3748.65,0.00146681,0
1506208961,22132700,3748.64,0.00146620,0
1506208961,22132699,3748.57,0.00146685,0
1506208961,22132698,3748.57,0.00146669,0
1506208942,22132693,3748.67,0.56549147,0
1506208942,22132692,3748.58,0.00146584,0
1506208942,22132691,3748.57,0.30864269,0
1506208932,22132687,3751.00,0.04770072,0
1506208932,22132686,3748.92,0.00439910,0
1506208930,22132685,3751.00,0.05455464,0
1506208930,22132684,3748.93,0.01100000,0
1506208930,22132683,3748.62,0.00146514,0
1506208930,22132682,3748.61,0.00146677,0
1506208924,22132681,3748.60,0.02000000,0
1506208924,22132680,3748.60,0.01853378,0
1506208924,22132679,3748.59,0.00146622,0
1506208915,22132677,3748.61,0.04676258,0
1506208915,22132676,3748.60,0.00146368,0
1506208908,22132675,3741.20,0.35540527,1
1506208902,22132673,3748.63,0.00777777,0
1506208902,22132672,3748.63,0.02897675,0
1506208901,22132671,3748.61,0.00200041,0
1506208901,22132670,3748.60,0.00146468,0
1506208881,22132667,3748.68,0.68363454,0
1506208880,22132666,3748.64,0.00146546,0
1506208877,22132662,3737.32,0.04008000,1
1506208851,22132661,3748.70,0.01430540,0
1506208851,22132660,3748.64,0.00146682,0
1506208851,22132659,3748.63,0.01925710,0
1506208846,22132658,3743.03,0.01925710,1
1506208843,22132657,3744.43,0.02500000,1
1506208830,22132655,3748.70,2.38498919,0
1506208830,22132654,3746.67,0.56590941,0
1506208830,22132653,3746.66,0.04003566,0
1506208830,22132652,3746.65,0.00146381,0
1506208830,22132651,3746.64,0.00146589,0
1506208830,22132650,3746.63,0.00146591,0
1506208830,22132649,3746.62,0.00467013,0
1506208825,22132648,3746.37,0.00146480,0
1506208825,22132646,3746.36,0.00146587,0
1506208824,22132645,3746.35,0.00146662,0
1506208808,22132642,3746.38,2.66090000,0
1506208807,22132641,3740.93,0.03359245,1
1506208803,22132640,3746.67,0.00900954,0
1506208803,22132639,3746.65,0.00146513,0
1506208802,22132638,3746.67,0.21078789,0
1506208802,22132637,3746.66,0.00146497,0
1506208797,22132636,3746.89,2.64020000,1
1506208797,22132635,3746.89,0.02000000,1
1506208793,22132634,3744.42,0.04003000,1
1506208790,22132633,3744.78,0.04003000,1
1506208786,22132632,3752.10,0.11377589,0
1506208785,22132631,3752.10,0.39360000,0
1506208756,22132627,3752.29,0.02362463,0
1506208754,22132625,3752.33,0.08501374,0
1506208754,22132624,3752.32,0.03997527,0
1506208754,22132623,3752.27,0.00359481,0
1506208754,22132622,3752.20,0.00146280,0
1506208754,22132621,3752.14,0.00146250,0
1506208754,22132620,3752.13,0.00146190,0
1506208754,22132619,3752.12,0.00146366,0
1506208754,22132618,3752.11,0.00146532,0
1506208740,22132617,3746.37,0.09984543,0
1506208740,22132616,3746.37,0.03998190,1
1506208728,22132615,3752.31,0.01853508,0
1506208727,22132614,3752.08,0.00146492,0
1506208721,22132613,3752.32,1.71730368,0
1506208721,22132612,3752.32,0.03997527,0
1506208721,22132611,3752.14,2.84341298,0
1506208721,22132610,3752.12,0.00146544,0
1506208721,22132609,3752.09,0.39710755,0
1506208691,22132590,3746.33,0.08763929,1
1506208691,22132589,3747.88,0.00136071,1
1506208691,22132588,3748.33,0.01100000,1
1506208687,22132587,3752.92,0.24451303,0
1506208687,22132586,3752.92,0.00146224,0
1506208687,22132585,3752.91,0.00146491,0
1506208687,22132584,3752.89,0.00146299,0
1506208680,22132550,3752.93,0.03612923,0
1506208677,22132549,3748.71,0.06567678,1
1506208676,22132548,3751.09,0.03432322,1
1506208670,22132547,3752.95,0.03996856,0
1506208669,22132546,3752.94,0.00146368,0
1506208669,22132545,3752.93,0.00146235,0
1506208666,22132544,3751.08,0.02500000,1
1506208658,22132543,3752.95,0.00146128,0
1506208655,22132542,3751.09,0.02500000,1
1506208646,22132541,3751.08,0.10000000,1
1506208643,22132540,3751.08,0.00173199,1
1506208642,22132539,3750.17,0.01011909,0
1506208642,22132538,3750.11,0.00146288,0
1506208642,22132537,3750.10,0.00146322,0
1506208642,22132536,3750.09,0.00146323,0
1506208642,22132535,3750.08,0.00146472,0
1506208641,22132534,3750.07,0.00146442,0
1506208641,22132533,3750.06,0.00146385,0
1506208633,22132532,3748.61,0.02454083,1
1506208615,22132526,3748.66,0.02500000,1
1506208611,22132525,3748.65,0.10700000,1
1506208607,22132524,3748.59,0.10000000,1
1506208576,22132523,3748.03,0.11434259,1
1506208576,22132522,3750.78,0.00537392,1
1506208564,22132520,3754.29,0.00228994,0
1506208564,22132519,3754.28,0.00146330,0
1506208564,22132518,3754.27,0.00359541,0
1506208564,22132517,3754.26,0.00146362,0
1506208564,22132516,3754.25,0.00226303,0
1506208564,22132515,3754.24,0.00146217,0
1506208564,22132514,3754.23,0.00146081,0
1506208563,22132513,3754.01,0.00146472,0
1506208563,22132512,3750.67,0.00377186,0
1506208562,22132511,3750.71,0.00537402,1
1506208543,22132506,3754.29,0.05950433,0
1506208543,22132505,3754.23,0.00146163,0
1506208543,22132504,3754.02,0.00146445,0
1506208542,22132503,3754.00,0.00146226,0
1506208542,22132502,3753.99,0.00146331,0
1506208542,22132501,3753.98,0.00146166,0
1506208542,22132500,3753.97,0.00146248,0
1506208542,22132499,3753.95,0.00146172,0
1506208542,22132498,3753.93,0.00146358,0
1506208542,22132497,3753.91,0.00279458,0
1506208496,22132495,3754.29,0.11162205,0
1506208496,22132494,3754.29,0.00146143,1
1506208496,22132493,3754.10,0.00146211,0
1506208496,22132492,3754.09,0.00146462,0
1506208494,22132491,3754.06,0.00146374,0
1506208456,22132476,3754.16,0.07005094,0
1506208432,22132470,3754.22,0.00107226,0
1506208432,22132469,3754.21,0.00146402,0
1506208431,22132468,3754.20,0.00146372,0
1506208400,22132467,3754.24,0.00092646,0
1506208400,22132466,3754.23,0.00146134,0
1506208399,22132465,3754.22,0.00146138,0
1506208399,22132464,3754.21,0.00146258,0
1506208399,22132463,3754.20,0.00146096,0
1506208399,22132462,3754.20,0.00146079,1
1506208398,22132461,3754.19,0.00146407,0
1506208398,22132460,3754.18,0.00146223,0
1506208398,22132459,3754.17,0.00146328,0
1506208397,22132458,3754.16,0.00146182,0
1506208397,22132457,3754.15,0.00146389,0
1506208397,22132456,3754.14,0.00146332,0
1506208396,22132455,3754.13,0.00146376,1
1506208395,22132454,3754.13,0.00146168,0
1506208343,22132448,3754.29,0.03708055,0
1506208343,22132447,3754.22,0.00146374,0
1506208342,22132446,3754.29,0.03857115,0
1506208342,22132445,3754.28,0.00146349,0
1506208342,22132444,3754.27,0.00332879,0
1506208342,22132443,3754.26,0.00146204,0
1506208342,22132442,3754.25,0.00146352,0
1506208342,22132441,3754.24,0.00146341,0
1506208341,22132440,3754.23,0.00146313,0
1506208341,22132439,3754.22,0.00146462,0
1506208341,22132438,3754.21,0.00146086,0
1506208341,22132437,3754.20,0.00385899,0
1506208336,22132436,3750.21,0.01084593,1
1506208321,22132434,3754.29,2.30561839,0
1506208321,22132433,3754.14,0.01000000,0
1506208321,22132432,3754.13,0.00146449,0
1506208321,22132431,3753.91,0.00146442,0
1506208321,22132430,3753.90,0.00172799,0
1506208320,22132429,3753.89,0.00146186,0
1506208279,22132428,3749.78,0.01200000,1
1506208246,22132426,3749.79,0.10000000,1
1506208237,22132424,3749.75,0.10000000,1
1506208235,22132423,3754.10,0.01707246,0
1506208235,22132422,3754.10,0.00146290,0
1506208235,22132421,3754.09,0.00146464,0
1506208231,22132420,3749.41,0.00500000,1
1506208222,22132419,3748.73,0.52800000,1
1506208218,22132417,3748.69,0.12850000,1
1506208217,22132416,3748.71,0.87150000,1
1506208213,22132414,3749.75,0.97351000,1
1506208210,22132413,3748.62,0.97351000,1
1506208206,22132412,3748.60,0.24000000,1
1506208205,22132411,3754.19,0.00045503,0
1506208205,22132410,3754.18,0.00146228,0
1506208204,22132409,3754.17,0.00492406,0
1506208204,22132408,3754.16,0.00146227,0
1506208204,22132407,3754.15,0.00146391,0
1506208202,22132402,3749.33,0.72000000,1
1506208198,22132401,3749.80,0.03343000,1
1506208186,22132394,3751.27,0.07980000,1
1506208186,22132393,3751.71,0.09140988,1
1506208180,22132392,3749.31,0.05456372,1
1506208180,22132391,3751.24,0.03200000,1
1506208180,22132390,3751.70,0.03343628,1
1506208177,22132384,3751.71,0.57000000,1
1506208158,22132382,3751.50,2.67290000,0
1506208158,22132381,3751.48,0.00146408,0
1506208156,22132380,3751.50,0.74861760,0
1506208156,22132379,3751.49,0.00146229,0
1506208156,22132378,3751.49,0.00146287,0
1506208148,22132377,3751.50,0.10474689,0
1506208148,22132376,3751.47,0.00146448,0
1506208147,22132375,3751.42,0.00146304,0
1506208124,22132370,3751.50,0.55713762,0
1506208124,22132369,3751.43,0.00199803,0
1506208124,22132368,3751.42,0.00146435,0
1506208113,22132365,3751.24,0.00300000,1
1506208095,22132364,3751.50,0.07000000,0
1506208093,22132363,3751.50,0.27935202,0
1506208093,22132362,3751.48,0.00146503,0
1506208093,22132361,3751.47,0.00146578,0
1506208093,22132360,3751.46,0.00519545,0
1506208093,22132359,3751.45,0.00146536,0
1506208093,22132358,3751.44,0.00146346,0
1506208093,22132357,3751.43,0.00413090,0
1506208093,22132356,3751.42,0.00146200,0
1506208077,22132355,3751.24,0.00500000,1
1506208072,22132354,3751.49,0.87997651,0
1506208071,22132353,3751.46,0.64796349,0
1506208071,22132352,3751.49,0.07205837,0
1506208071,22132351,3751.19,0.00146290,0
1506208067,22132350,3746.24,0.00500000,1
1506208064,22132349,3751.35,0.02351544,0
1506208064,22132348,3751.32,0.00146384,0
1506208064,22132347,3751.25,0.00386339,0
1506208064,22132346,3751.23,0.00146460,0
1506208064,22132345,3751.22,0.00146213,0
1506208062,22132344,3751.21,0.00300000,0
1506208045,22132343,3746.10,0.02648903,1
1506208035,22132342,3745.69,0.00662110,1
1506208022,22132341,3745.75,0.00500000,1
1506208020,22132339,3745.70,0.00500000,1
1506208011,22132336,3751.50,0.01707254,0
1506208011,22132335,3751.48,0.00146478,0
1506208011,22132334,3751.32,0.00146268,0
1506208002,22132330,3751.33,0.47440000,0
1506208002,22132329,3751.33,0.06048260,0
1506208001,22132328,3751.26,0.05451802,0
1506208000,22132327,3751.33,0.01548198,0
1506207991,22132325,3745.43,0.02128000,1
1506207987,22132322,3751.50,0.01298076,0
1506207987,22132321,3751.24,0.00146577,0
1506207986,22132320,3751.50,0.00969209,0
1506207986,22132319,3751.29,0.00146588,0
1506207986,22132318,3751.25,0.00146559,0
1506207986,22132317,3749.45,0.00146366,0
1506207986,22132316,3749.25,0.00146625,0
1506207981,22132315,3751.22,0.01154328,0
1506207981,22132314,3749.26,0.00146644,0
1506207944,22132312,3749.46,0.00053389,0
1506207944,22132311,3749.45,0.00146324,0
1506207944,22132310,3749.44,0.00146637,0
1506207944,22132309,3749.43,0.00146415,0
1506207911,22132308,3749.64,0.00106939,0
1506207910,22132307,3749.63,0.00146501,0
1506207910,22132306,3749.56,0.00493345,0
1506207910,22132305,3749.55,0.00253215,0
1506207904,22132304,3749.57,0.65760000,0
1506207904,22132303,3749.57,0.92136609,0
1506207903,22132302,3749.57,0.00306349,0
1506207903,22132301,3749.56,0.00146564,0
1506207891,22132300,3749.71,0.05853411,0
1506207891,22132299,3749.66,0.00146589,0
1506207886,22132297,3745.12,0.01130000,1
1506207884,22132295,3751.50,0.03040048,0
1506207884,22132294,3749.73,0.00146601,0
1506207873,22132293,3752.53,0.28242594,0
1506207873,22132292,3752.16,0.52724730,0
1506207873,22132291,3749.78,0.00253165,0
1506207873,22132290,3749.46,0.00146431,0
1506207873,22132289,3748.48,0.00146511,0
1506207873,22132288,3748.48,0.00146569,0
1506207858,22132287,3752.16,0.05068538,0
1506207858,22132286,3751.99,0.00466235,0
1506207858,22132285,3751.64,0.00146330,0
1506207858,22132284,3751.57,0.00146287,0
1506207858,22132283,3748.66,0.00146654,0
1506207858,22132282,3748.65,0.00146327,0
1506207857,22132281,3748.55,0.00146630,0
1506207857,22132280,3748.54,0.00146648,0
1506207857,22132279,3748.53,0.00146569,0
1506207857,22132278,3748.52,0.00146511,0
1506207857,22132277,3748.51,0.00146584,0
1506207857,22132276,3748.50,0.00146687,0
1506207811,22132271,3752.00,0.16912837,0
1506207811,22132270,3751.85,0.00146560,0
1506207810,22132269,3751.79,0.00146548,0
1506207788,22132264,3752.13,0.23924974,0
1506207787,22132263,3747.60,0.00146572,0
1506207787,22132262,3747.59,0.00146388,0
1506207787,22132261,3747.58,0.00360033,0
1506207785,22132260,3747.57,0.00146558,0
1506207772,22132257,3744.43,0.00300000,0
1506207771,22132256,3747.61,0.00153335,0
1506207770,22132255,3747.60,0.00146665,0
1506207766,22132253,3744.42,0.06198000,1
1506207765,22132252,3747.61,0.05055268,0
1506207765,22132251,3747.61,0.01353395,0
1506207764,22132250,3751.85,0.01463209,0
1506207763,22132249,3751.91,0.14364070,0
1506207763,22132248,3751.91,0.01036026,0
1506207762,22132247,3751.91,0.04165073,0
1506207762,22132246,3751.86,0.00146275,0
1506207756,22132245,3751.77,0.01446933,0
1506207751,22132244,3747.84,0.39880000,0
1506207748,22132239,3752.16,0.17206732,0
1506207748,22132238,3751.90,0.00146359,0
1506207748,22132237,3748.10,0.00146627,0
1506207748,22132236,3746.92,0.00413321,0
1506207748,22132235,3746.50,0.08620616,0
1506207745,22132234,3746.50,0.00313434,0
1506207743,22132233,3746.50,0.04846171,0
1506207743,22132232,3746.49,0.04003748,0
1506207743,22132231,3746.49,0.00467019,0
1506207731,22132230,3746.50,0.04247006,0
1506207731,22132229,3746.49,0.00146601,0
1506207731,22132228,3746.49,0.00146393,0
1506207727,22132227,3746.50,0.02062322,0
1506207727,22132226,3746.50,0.01407732,0
1506207727,22132225,3746.49,0.00146701,0
1506207725,22132224,3746.48,0.00386899,0
1506207714,22132222,3752.10,0.43730070,0
1506207714,22132221,3747.89,0.00146637,0
1506207714,22132220,3747.70,0.00146442,0
1506207714,22132219,3747.69,0.00413244,0
1506207714,22132218,3747.66,0.00146669,0
1506207713,22132217,3747.65,0.00146379,0
1506207712,22132215,3747.65,0.50833915,0
1506207708,22132213,3741.03,0.00438319,1
1506207708,22132212,3741.80,0.04276579,1
1506207708,22132211,3745.00,0.10000000,1
1506207707,22132210,3745.02,0.00505447,1
1506207707,22132209,3745.02,0.03500000,1
1506207668,22132206,3747.94,0.02639205,0
1506207668,22132205,3747.74,0.00146438,0
1506207668,22132204,3747.74,0.00146690,0
1506207668,22132203,3747.73,0.00146617,0
1506207655,22132201,3751.92,0.03067089,0
1506207654,22132200,3747.31,0.00146493,0
1506207654,22132199,3747.27,0.00146687,0
1506207654,22132198,3747.22,0.00146676,0
1506207606,22132182,3747.30,0.24755690,0
1506207592,22132180,3747.35,0.73916689,0
1506207592,22132179,3747.31,0.04002871,0
1506207591,22132178,3747.30,0.00146616,0
1506207591,22132177,3747.29,0.00146707,0
1506207591,22132176,3747.28,0.00146677,0
1506207591,22132175,3747.27,0.00146352,0
1506207591,22132174,3746.86,0.00146685,0
1506207591,22132173,3746.84,0.00173226,0
1506207591,22132172,3746.82,0.00146712,0
1506207591,22132171,3746.81,0.00146519,0
1506207580,22132170,3741.86,0.00200000,0
1506207561,22132169,3752.11,0.53576991,0
1506207561,22132168,3747.86,0.00146333,0
1506207561,22132167,3747.85,0.00146676,0
1506207558,22132166,3740.88,0.08341038,1
1506207558,22132165,3740.89,0.04009605,1
1506207558,22132164,3741.30,0.01000000,1
1506207554,22132163,3747.37,0.00622038,1
1506207552,22132162,3746.88,0.00146756,0
1506207542,22132161,3740.88,0.06603525,1
1506207542,22132160,3752.42,1.37043064,0
1506207542,22132158,3751.01,0.07990000,0
1506207542,22132157,3750.19,3.36120518,0
1506207542,22132156,3746.89,0.00146389,0
1506207542,22132155,3745.47,0.00200072,0
1506207542,22132154,3745.47,0.00253336,0
1506207541,22132153,3745.46,0.00146496,0
1506207541,22132152,3745.45,0.00413429,0
1506207541,22132151,3741.80,0.05685901,0
1506207538,22132150,3741.80,0.00200000,0
1506207538,22132149,3741.72,0.10652193,1
1506207531,22132148,3741.80,0.01127518,0
1506207520,22132144,3741.80,0.07014552,0
1506207516,22132143,3749.72,0.01306881,0
1506207516,22132142,3746.78,0.04003438,0
1506207515,22132141,3746.35,0.00146600,0
1506207515,22132140,3746.34,0.00146637,0
1506207515,22132139,3746.33,0.00146444,0
1506207515,22132138,3741.69,0.00150000,0
1506207496,22132137,3746.39,0.00394908,0
1506207496,22132136,3746.39,0.00306660,0
1506207488,22132135,3740.90,0.16990055,1
1506207473,22132134,3740.90,0.38249739,1
1506207472,22132133,3746.76,0.07000000,0
1506207471,22132132,3746.76,0.04560220,0
1506207471,22132131,3746.45,0.00146652,0
1506207471,22132130,3746.44,0.00146563,0
1506207470,22132129,3746.43,0.00146565,0
1506207464,22132128,3746.46,0.00150000,0
1506207463,22132127,3750.17,0.50386126,0
1506207463,22132126,3747.46,0.69660425,0
1506207463,22132125,3746.60,0.00466972,0
1506207462,22132124,3746.52,0.00146477,0
1506207454,22132123,3740.87,0.07233006,1
1506207453,22132122,3740.88,0.04009880,1
1506207443,22132121,3747.13,0.03301887,0
1506207436,22132118,3747.46,0.00322555,0
1506207436,22132116,3747.45,0.04002722,0
1506207435,22132115,3747.45,0.00146616,0
1506207435,22132114,3747.44,0.00359917,0
1506207435,22132113,3747.42,0.00146705,0
1506207435,22132112,3746.35,0.00333627,0
1506207431,22132111,3747.43,0.23413717,0
1506207431,22132110,3747.43,0.00146557,0
1506207431,22132109,3746.42,0.00146506,0
1506207431,22132108,3746.37,0.00253220,0
1506207428,22132107,3740.87,0.05945397,1
1506207428,22132106,3741.79,0.04008640,1
1506207427,22132105,3746.41,0.12247725,0
1506207417,22132103,3741.78,0.20651807,1
1506207411,22132102,3747.09,0.00987199,0
1506207411,22132101,3746.55,0.00146758,0
1506207410,22132100,3746.49,0.00146690,0
1506207410,22132099,3746.48,0.00146633,0
1506207410,22132098,3746.47,0.00146455,0
1506207410,22132097,3746.46,0.00146530,0
1506207383,22132095,3740.80,0.15595804,1
1506207372,22132093,3747.46,0.33025393,0
1506207372,22132092,3747.33,0.00466810,0
1506207372,22132090,3747.32,0.00146633,0
1506207372,22132089,3746.83,0.00146722,0
1506207371,22132088,3746.82,0.00146369,0
1506207371,22132087,3746.79,0.00146696,0
1506207371,22132086,3746.78,0.04003438,0
1506207371,22132085,3746.63,0.00146543,0
1506207371,22132084,3746.62,0.00466848,0
1506207371,22132083,3746.61,0.00146680,0
1506207371,22132082,3746.60,0.00146623,0
1506207363,22132081,3740.75,0.02622044,1
1506207363,22132080,3740.75,0.02403678,1
1506207346,22132076,3741.74,0.03994078,1
1506207337,22132075,3740.71,0.10157854,1
1506207329,22132048,3741.64,0.10006003,0
1506207328,22132047,3741.73,0.06727644,1
1506207323,22132046,3741.73,0.06728233,0
1506207305,22132045,3746.72,0.05976516,0
1506207305,22132044,3746.72,0.00146706,0
1506207298,22132042,3741.73,0.02320484,1
1506207277,22132039,3741.73,0.03754228,1
1506207274,22132038,3746.83,0.00098348,1
1506207274,22132037,3746.83,0.00146733,1
1506207274,22132036,3746.83,0.00146507,0
1506207264,22132032,3741.78,0.09330730,1
1506207263,22132031,3741.72,0.20000000,0
1506207261,22132030,3746.85,0.00244847,0
1506207260,22132029,3746.85,0.00146741,0
1506207252,22132028,3746.90,0.02225546,0
1506207251,22132027,3746.89,0.00520131,0
1506207251,22132026,3746.89,0.00146740,0
1506207251,22132025,3746.86,0.00146375,0
1506207251,22132024,3746.85,0.00146671,0
1506207251,22132023,3746.84,0.00146496,0
1506207251,22132022,3746.83,0.00146392,0
1506207251,22132021,3746.82,0.00173097,0
1506207245,22132018,3741.62,0.10000000,1
1506207197,22132011,3741.74,0.92700000,1
1506207197,22132010,3741.67,0.01198112,1
1506207193,22132009,3739.09,0.40990934,1
1506207193,22132008,3741.64,0.04009066,1
1506207188,22132006,3741.71,0.20000000,1
1506207181,22132004,3747.46,0.96591627,0
1506207181,22132003,3747.00,0.06828487,0
1506207181,22132002,3746.99,0.04003213,0
1506207181,22132001,3746.98,0.00146492,0
1506207181,22132000,3746.97,0.00146747,0
1506207181,22131999,3746.96,0.00146732,0
1506207181,22131998,3746.95,0.00146702,0
1506207169,22131997,3741.50,0.04825597,0
1506207168,22131996,3741.55,0.04008897,1
1506207165,22131995,3747.00,0.03801202,0
1506207165,22131994,3746.99,0.00146474,0
1506207165,22131993,3746.98,0.00493436,0
1506207145,22131991,3747.41,0.58900000,0
1506207132,22131987,3747.36,0.01728632,1
1506207130,22131986,3747.44,0.00967700,1
1506207129,22131985,3747.39,0.00146728,0
1506207129,22131984,3747.38,0.00146490,0
1506207129,22131983,3747.38,0.00146571,1
1506207128,22131982,3747.36,0.00306765,0
1506207128,22131981,3747.35,0.00146684,0
1506207128,22131980,3747.34,0.00146629,1
1506207127,22131979,3747.32,0.00146702,0
1506207127,22131978,3747.31,0.00146644,0
1506207125,22131977,3747.29,0.00146393,0
1506207094,22131967,3747.46,0.01957937,0
1506207092,22131966,3747.46,0.08000000,0
1506207052,22131962,3747.67,0.18099734,0
1506207052,22131961,3747.67,0.00146358,0
1506207049,22131960,3741.01,1.88110000,1
1506207026,22131959,3747.82,0.01811278,1
1506207026,22131958,3747.82,0.00146655,0
1506207005,22131957,3747.97,0.24751532,0
1506206991,22131955,3748.10,0.71174082,0
1506206991,22131954,3744.46,0.04005918,0
1506206986,22131948,3740.82,0.02662478,1
1506206980,22131947,3744.75,1.79350000,1
1506206979,22131946,3744.47,0.87150000,0
1506206968,22131942,3735.52,4.29530607,1
1506206968,22131941,3735.52,0.92257000,0
1506206968,22131940,3735.52,0.87150000,0
1506206968,22131939,3735.62,1.74300000,1
1506206967,22131938,3737.76,4.83446400,0
1506206967,22131937,3740.00,0.63200000,1
1506206967,22131936,3741.21,2.66110000,0
1506206966,22131935,3744.51,4.00000000,1
1506206966,22131934,3744.51,0.04005993,1
1506206961,22131933,3748.50,0.31224297,0
1506206961,22131932,3748.49,0.00413323,0
1506206961,22131931,3748.48,0.00146387,0
1506206961,22131930,3748.47,0.00146608,0
1506206961,22131929,3748.46,0.00146447,0
1506206960,22131928,3748.45,0.00146401,0
1506206960,22131927,3748.44,0.00146537,0
1506206943,22131926,3748.49,0.00197255,0
1506206943,22131925,3748.48,0.00146394,0
1506206943,22131924,3748.39,0.00146514,0
1506206943,22131923,3748.38,0.00146460,0
1506206943,22131922,3748.37,0.00146535,0
1506206943,22131921,3748.36,0.00146342,0
1506206927,22131920,3748.50,0.76680894,0
1506206926,22131919,3748.48,0.00146333,0
1506206926,22131918,3748.44,0.00493340,0
1506206926,22131917,3748.43,0.00146425,0
1506206926,22131916,3748.42,0.00146441,0
1506206926,22131915,3748.41,0.00226576,0
1506206926,22131914,3748.40,0.00359991,0
1506206903,22131913,3748.50,0.00692971,0
1506206902,22131912,3748.49,0.00146419,0
1506206902,22131911,3748.48,0.00146539,0
1506206902,22131910,3748.47,0.00519800,0
1506206895,22131909,3748.50,1.73590346,0
1506206895,22131908,3748.49,0.00146565,0
1506206895,22131907,3748.48,0.00146507,0
1506206895,22131906,3748.41,0.00146582,0
1506206864,22131901,3748.50,0.71757358,0
1506206864,22131900,3748.49,0.00146320,0
1506206864,22131899,3748.48,0.00146322,0
1506206853,22131898,3750.11,2.99393680,1
1506206852,22131897,3750.11,0.00146552,1
1506206851,22131896,3750.10,0.00146324,0
1506206851,22131895,3750.09,0.00146477,0
1506206809,22131890,3750.13,0.00149561,1
1506206800,22131889,3750.18,0.53983744,0
1506206800,22131888,3750.13,0.00146256,0
1506206792,22131887,3750.13,7.76875032,1
1506206792,22131886,3750.13,0.44294632,1
1506206792,22131885,3750.13,0.00146311,1
1506206791,22131884,3750.13,0.00146606,0
1506206771,22131883,3750.17,0.62600000,0
1506206771,22131882,3750.17,0.08429912,0
1506206771,22131881,3750.15,0.00146392,0
1506206771,22131880,3750.14,0.00146571,0
1506206771,22131879,3750.13,0.00146351,0
1506206771,22131878,3750.12,0.00146441,0
1506206771,22131877,3750.12,0.00146499,0
1506206770,22131876,3750.11,0.00146396,0
1506206754,22131868,3750.17,0.03707648,0
1506206753,22131867,3750.14,0.00146284,0
1506206753,22131866,3750.13,0.00146598,0
1506206743,22131865,3748.00,7.00000000,1
1506206736,22131864,3750.18,0.70856817,0
1506206735,22131863,3750.18,0.02779075,0
1506206735,22131862,3750.17,0.00146444,0
1506206711,22131861,3750.19,0.02000000,0
1506206708,22131860,3750.18,0.80139443,0
1506206707,22131859,3750.18,0.00451464,0
1506206707,22131858,3750.14,0.00146239,0
1506206707,22131857,3750.12,0.09227632,0
1506206706,22131856,3750.12,0.00772368,1
1506206704,22131855,3750.18,0.03548344,0
1506206703,22131854,3750.18,0.00253115,0
1506206703,22131853,3750.17,0.00146306,0
1506206703,22131852,3750.16,0.00146381,0
1506206703,22131851,3750.15,0.00466593,0
1506206703,22131850,3750.14,0.00146311,0
1506206703,22131849,3750.13,0.00146327,0
1506206703,22131848,3750.12,0.00146623,0
1506206692,22131847,3746.47,2.65800000,1
1506206687,22131845,3742.11,0.07743000,1
1506206686,22131844,3750.19,0.00328425,0
1506206686,22131843,3750.18,0.00146306,0
1506206686,22131842,3750.18,0.00146472,0
1506206683,22131841,3746.54,0.03739944,1
1506206683,22131840,3747.01,0.04003056,1
1506206675,22131838,3750.19,1.57703625,0
1506206675,22131837,3750.18,0.00146375,0
1506206672,22131836,3750.19,0.03597432,0
1506206672,22131835,3750.19,0.00146242,1
1506206672,22131834,3750.18,0.03999808,0
1506206670,22131833,3750.07,0.00146533,0
1506206644,22131805,3750.11,0.00207253,0
1506206644,22131804,3750.10,0.00146271,0
1506206644,22131802,3750.09,0.00146476,0
1506206621,22131796,3747.01,1.37140566,1
1506206581,22131791,3747.00,0.01782765,1
1506206581,22131790,3747.02,0.04000403,1
1506206551,22131788,3750.42,0.39860335,0
1506206551,22131787,3750.40,0.00279665,0
1506206548,22131786,3750.42,0.02350128,0
1506206548,22131785,3750.41,0.00146371,1
1506206546,22131784,3748.21,0.00146709,0
1506206545,22131783,3750.42,0.01000000,0
1506206544,22131782,3748.24,3.99533717,0
1506206544,22131781,3748.23,0.00173328,0
1506206544,22131780,3748.22,0.00146366,0
1506206544,22131779,3748.20,0.00146589,0
1506206521,22131775,3748.24,0.11530000,0
1506206503,22131757,3750.42,1.56472313,0
1506206503,22131756,3750.34,0.00146306,0
1506206503,22131755,3748.48,0.00146424,0
1506206503,22131754,3748.45,0.42101906,0
1506206499,22131753,3750.35,0.01749104,0
1506206498,22131752,3750.42,0.10369931,0
1506206498,22131751,3748.54,0.03149415,0
1506206498,22131750,3748.47,0.00279944,0
1506206497,22131749,3748.54,0.00852143,0
1506206497,22131748,3748.49,0.00146421,0
1506206497,22131747,3748.48,0.00306708,0
1506206497,22131746,3748.47,0.00146334,0
1506206496,22131743,3739.32,0.37636500,1
1506206494,22131739,3739.28,0.06893707,1
1506206494,22131738,3743.11,0.03000000,1
1506206494,22131737,3748.18,0.00133418,1
1506206482,22131733,3742.06,0.03723155,1
1506206481,22131732,3742.49,0.03000000,1
1506206473,22131723,3748.05,6.00000000,1
1506206470,22131716,3750.38,2.87273023,0
1506206469,22131715,3750.38,1.13014318,0
1506206469,22131714,3748.18,0.00146416,0
1506206460,22131706,3748.19,0.14000960,0
1506206459,22131705,3748.18,0.00146579,0
1506206456,22131699,3748.19,1.34185530,0
1506206455,22131698,3748.18,0.00440075,0
1506206455,22131697,3748.17,0.00146586,0
1506206455,22131696,3748.04,0.00146436,0
1506206412,22131664,3750.41,0.03712469,0
1506206412,22131663,3750.41,0.00128451,0
1506206411,22131662,3750.41,0.00017898,0
1506206411,22131661,3750.40,0.00146246,0
1506206410,22131660,3748.08,0.00146466,0
1506206410,22131658,3748.04,0.00146663,0
1506206399,22131650,3748.10,0.03965420,0
1506206398,22131649,3748.11,1.47903148,1
1506206394,22131647,3750.42,0.00095884,0
1506206394,22131646,3750.41,0.00146612,0
1506206394,22131645,3750.40,0.00306464,0
1506206394,22131644,3750.39,0.00146392,0
1506206388,22131642,3748.11,0.04002038,1
1506206388,22131641,3750.42,0.01000000,0
1506206386,22131639,3748.11,0.00146393,1
1506206385,22131638,3748.11,5.81355051,0
1506206385,22131637,3748.08,2.66300000,0
1506206385,22131636,3748.07,0.00146682,0
1506206385,22131635,3748.06,0.00146688,0
1506206374,22131632,3740.23,0.01140434,0
1506206374,22131631,3741.96,0.00323566,1
1506206361,22131627,3748.10,0.38836777,0
1506206361,22131626,3748.09,0.00146662,0
1506206361,22131625,3748.06,0.00146561,0
1506206351,22131624,3748.11,0.00706989,0
1506206351,22131623,3748.10,0.00146364,0
1506206351,22131622,3748.07,0.00146647,0
1506206332,22131621,3748.11,0.01431329,0
1506206331,22131620,3748.11,0.53899712,0
1506206331,22131619,3748.10,0.00146496,0
1506206331,22131618,3748.09,0.00519973,0
1506206331,22131617,3748.09,0.00146510,0
1506206330,22131616,3748.05,0.00146559,0
1506206330,22131615,3748.04,0.00146680,0
1506206330,22131614,3748.02,0.00146458,0
1506206302,22131613,3748.09,0.01847134,0
1506206301,22131612,3748.09,0.98550000,0
1506206300,22131611,3748.08,0.00146645,0
1506206291,22131610,3748.11,0.01905847,0
1506206290,22131609,3748.06,0.00603920,0
1506206290,22131608,3748.05,0.00146530,0
1506206288,22131607,3748.06,0.62396080,1
1506206286,22131606,3748.06,0.00146409,0
1506206282,22131602,3748.11,0.02368546,0
1506206281,22131601,3748.08,0.00146565,0
1506206281,22131600,3748.07,0.00146439,0
1506206270,22131599,3748.11,0.73332526,0
1506206241,22131596,3750.20,0.94412372,0
1506206241,22131595,3750.06,0.02586717,0
1506206241,22131594,3750.02,0.00146504,0
1506206241,22131593,3750.01,0.00146489,0
1506206241,22131592,3750.00,0.00146610,0
1506206241,22131591,3749.99,0.00146300,0
1506206240,22131590,3749.98,0.02268753,0
1506206240,22131589,3749.98,0.00146255,0
1506206217,22131585,3750.05,0.00583247,0
1506206217,22131584,3750.05,0.00146442,0
1506206217,22131583,3750.04,0.00146590,0
1506206210,22131582,3741.63,1.00000000,1
1506206206,22131581,3741.62,0.02852000,1
1506206206,22131580,3741.65,0.03324972,1
1506206205,22131579,3750.25,0.00351408,0
1506206205,22131578,3750.25,0.04495214,0
1506206204,22131577,3750.25,0.00146493,0
1506206204,22131576,3750.23,0.87150000,0
1506206204,22131575,3745.97,0.00146600,0
1506206204,22131574,3745.96,0.00520308,0
1506206204,22131573,3745.95,0.00440432,0
1506206204,22131572,3745.94,0.00333606,0
1506206161,22131565,3742.34,0.11466546,1
1506206160,22131564,3742.34,1.99505414,1
1506206160,22131563,3742.34,2.66270000,1
1506206158,22131562,3742.31,0.00146683,0
1506206158,22131561,3742.30,2.66630000,0
1506206157,22131559,3742.30,0.00146785,0
1506206157,22131558,3742.29,4.00000000,0
1506206156,22131557,3742.29,0.00353319,0
1506206155,22131556,3742.29,0.00146681,0
1506206127,22131555,3737.10,0.96000000,1
1506206125,22131554,3738.64,0.04000000,1
1506206107,22131551,3738.64,0.01000000,1
1506206103,22131550,3740.22,1.78438822,1
1506206101,22131549,3740.22,3.21561178,1
1506206101,22131548,3740.22,5.00000000,1
1506206071,22131545,3740.18,0.13328248,0
1506206071,22131544,3740.20,0.00932374,0
1506206024,22131538,3739.55,3.00000000,1
1506206023,22131537,3739.55,7.00000000,1
1506205986,22131532,3740.21,0.00286532,0
1506205973,22131497,3740.22,2.00000000,0
1506205971,22131494,3740.22,0.19176269,0
1506205956,22131490,3742.48,0.01853454,0
1506205956,22131489,3742.47,0.00146546,0
1506205954,22131488,3742.51,0.09763587,0
1506205954,22131487,3742.50,0.00146582,0
1506205953,22131486,3742.49,0.00146599,0
1506205946,22131483,3741.03,2.66230000,1
1506205943,22131476,3741.56,0.14786546,0
1506205943,22131475,3741.53,0.68186264,0
1506205941,22131474,3739.97,0.05632400,1
1506205941,22131473,3739.98,0.05627800,1
1506205938,22131471,3741.56,0.04008622,1
1506205922,22131467,3748.11,1.32260000,0
1506205922,22131466,3748.11,0.01853471,0
1506205922,22131465,3746.82,0.00146529,0
1506205906,22131462,3746.87,0.07984865,0
1506205892,22131454,3750.42,0.46838007,0
1506205892,22131453,3746.90,0.00146514,0
1506205892,22131452,3746.05,0.00146738,0
1506205862,22131449,3750.42,0.48251298,0
1506205862,22131448,3750.38,0.00146499,0
1506205861,22131447,3750.37,0.00146454,0
1506205861,22131446,3750.34,0.00279626,0
1506205861,22131445,3750.30,0.00146322,0
1506205861,22131444,3746.99,0.00146600,0
1506205861,22131443,3746.98,0.00146526,0
1506205861,22131442,3746.97,0.00146675,0
1506205847,22131436,3747.00,0.01303442,0
1506205845,22131434,3747.00,0.01706858,0
1506205845,22131433,3746.43,0.00146724,0
1506205845,22131432,3746.10,0.00146418,0
1506205834,22131430,3747.11,0.07815199,0
1506205834,22131429,3746.11,0.00146464,0
1506205831,22131428,3746.24,0.11300000,0
1506205827,22131427,3747.32,0.34767577,0
1506205827,22131426,3747.05,0.00439979,0
1506205827,22131425,3745.86,0.00146712,0
1506205806,22131421,3745.86,0.02156368,0
1506205805,22131420,3745.86,0.00146562,0
1506205805,22131419,3745.85,0.00146770,0
1506205802,22131417,3745.87,0.53162466,0
1506205796,22131416,3746.02,0.21260000,0
1506205776,22131413,3745.54,0.34503847,0
1506205766,22131412,3745.91,0.12727836,0
1506205765,22131411,3745.89,0.00146568,0
1506205765,22131410,3745.88,0.00146515,0
1506205765,22131409,3745.87,0.00146590,0
1506205757,22131407,3740.81,0.04133300,1
1506205756,22131406,3752.49,0.01657253,0
1506205756,22131405,3750.70,0.00146309,0
1506205756,22131404,3750.39,0.00146255,0
1506205755,22131403,3750.35,0.00146319,0
1506205755,22131402,3745.90,0.00413440,0
1506205755,22131401,3745.87,0.00146735,0
1506205746,22131400,3745.56,0.12250505,0
1506205743,22131398,3745.92,0.01092331,0
1506205743,22131397,3745.91,0.00146743,0
1506205743,22131396,3745.89,0.00146480,0
1506205735,22131393,3745.56,0.17330000,0
1506205731,22131391,3745.92,0.02203785,0
1506205731,22131390,3745.55,0.04004752,0
1506205728,22131389,3750.43,0.02048005,0
1506205727,22131388,3750.47,0.10577917,0
1506205719,22131386,3740.80,0.67797378,0
1506205718,22131385,3740.88,0.03982622,1
1506205705,22131384,3740.70,0.62130000,1
1506205703,22131382,3745.94,0.01249531,0
1506205703,22131381,3745.94,0.71840000,0
1506205703,22131380,3745.94,0.09458323,0
1506205703,22131379,3745.59,0.04004710,0
1506205702,22131378,3745.58,0.00493580,0
1506205702,22131377,3740.03,1.00000000,0
1506205702,22131376,3740.03,4.00000000,1
1506205696,22131375,3740.42,0.01862693,1
1506205685,22131371,3740.56,0.04500000,0
1506205683,22131370,3740.83,0.01922964,1
1506205674,22131369,3745.95,0.07000000,0
1506205673,22131368,3745.95,0.07541429,0
1506205673,22131367,3745.94,0.00146570,0
1506205672,22131365,3745.95,0.56086518,0
1506205672,22131364,3745.66,0.00413482,0
1506205671,22131363,3745.95,0.02560312,0
1506205671,22131362,3745.85,0.00146528,0
1506205671,22131361,3745.67,0.00146534,0
1506205670,22131360,3745.65,0.00146626,0
1506205666,22131359,3740.63,0.00056464,1
1506205666,22131358,3740.73,0.01279868,1
1506205641,22131355,3745.63,0.19769834,0
1506205641,22131354,3745.84,0.00978920,0
1506205641,22131353,3745.73,0.00146491,0
1506205640,22131352,3745.64,0.00146711,0
1506205625,22131343,3745.65,0.12250210,0
1506205625,22131341,3745.65,0.12250210,0
1506205622,22131338,3740.57,0.02777840,1
1506205622,22131336,3745.96,0.26010031,0
1506205622,22131335,3745.66,0.00493773,0
1506205612,22131334,3746.14,0.00613093,1
1506205611,22131332,3746.14,0.07935734,0
1506205611,22131331,3746.14,0.13979607,0
1506205611,22131330,3746.13,0.00440225,0
1506205611,22131329,3745.70,0.00146691,0
1506205610,22131328,3745.69,0.00413477,0
1506205610,22131327,3745.68,0.00386907,0
1506205606,22131325,3740.56,0.04133300,1
1506205602,22131324,3745.69,0.00835463,1
1506205601,22131323,3745.69,0.00146614,0
1506205580,22131314,3745.95,0.03700126,0
1506205580,22131313,3745.95,0.00146476,0
1506205568,22131311,3746.03,0.05017044,1
1506205567,22131310,3745.93,0.00467013,0
1506205567,22131309,3745.91,0.00146613,0
1506205567,22131308,3745.90,0.00146555,0
1506205566,22131307,3745.75,0.00199908,0
1506205566,22131306,3745.74,0.00146735,0
1506205563,22131303,3745.74,0.05208000,0
1506205551,22131302,3748.66,0.10465328,0
1506205551,22131301,3745.83,0.00146463,0
1506205551,22131300,3745.82,0.00125719,0
1506205551,22131299,3745.77,0.00146589,0
1506205551,22131298,3745.76,0.00253525,0
1506205547,22131296,3745.82,0.00020686,0
1506205547,22131295,3745.81,0.00146746,0
1506205547,22131294,3745.78,0.00146613,0
1506205547,22131293,3745.75,0.42830000,0
1506205533,22131290,3745.88,0.07020855,0
1506205515,22131288,3745.93,0.57170000,0
1506205501,22131287,3746.13,0.53479896,0
1506205501,22131286,3746.13,0.00146548,0
1506205484,22131285,3746.29,0.01250361,0
1506205478,22131284,3749.01,1.30096840,0
1506205478,22131283,3746.24,0.00146613,0
1506205477,22131282,3749.01,0.23838971,0
1506205477,22131281,3746.27,0.00146400,0
1506205477,22131280,3746.26,0.00146493,0
1506205477,22131279,3746.26,0.00146553,0
1506205477,22131278,3746.25,0.00146627,0
1506205476,22131277,3746.24,0.00360280,0
1506205472,22131276,3740.04,0.01357105,1
1506205467,22131275,3746.30,0.01413343,0
1506205467,22131274,3746.30,0.00146781,0
1506205467,22131273,3746.29,0.00146650,0
1506205466,22131272,3746.29,0.00146501,0
1506205466,22131271,3746.28,0.00146725,0
1506205446,22131269,3746.36,0.02000000,0
1506205443,22131267,3740.41,1.00000000,1
1506205441,22131266,3740.01,0.03959843,1
1506205441,22131265,3740.43,0.96040157,1
1506205439,22131262,3739.96,0.49700000,1
1506205438,22131261,3740.38,0.50300000,1
1506205436,22131260,3742.78,2.66350000,0
1506205436,22131258,3742.78,0.41578651,0
1506205435,22131257,3742.79,0.73442223,1
1506205435,22131256,3746.40,0.01497602,1
1506205435,22131255,3746.39,0.00146398,0
1506205426,22131253,3737.58,2.88167555,1
1506205426,22131252,3737.59,0.43000000,1
1506205426,22131251,3738.59,1.68700000,1
1506205426,22131250,3738.65,5.32380000,1
1506205425,22131249,3744.40,4.00000000,1
1506205425,22131248,3746.37,4.00000000,1
1506205425,22131247,3746.38,0.48200000,1
1506205422,22131243,3746.38,0.95995764,0
1506205422,22131242,3746.38,0.04004236,0
1506205421,22131239,3752.45,0.56255849,0
1506205421,22131238,3752.44,0.00199823,0
1506205421,22131237,3752.43,0.01000000,0
1506205420,22131236,3752.41,0.00146510,0
1506205399,22131227,3746.37,0.01000000,1
1506205392,22131226,3752.51,0.98104655,0
1506205391,22131225,3752.50,0.00146295,0
1506205391,22131224,3752.49,0.00146412,0
1506205391,22131223,3752.48,0.00146487,0
1506205391,22131222,3752.47,0.00146354,0
1506205391,22131221,3750.66,0.01003211,0
1506205391,22131220,3750.65,0.00306586,0
1506205377,22131212,3752.51,0.03107006,0
1506205376,22131211,3752.50,0.00146345,0
1506205376,22131210,3752.48,0.00146302,0
1506205369,22131204,3752.51,0.07422248,0
1506205369,22131203,3752.50,0.00146509,0
1506205369,22131202,3752.49,0.00519476,0
1506205363,22131194,3753.90,1.22820000,0
1506205361,22131191,3754.46,0.21224851,0
1506205361,22131190,3754.46,0.06482893,0
1506205360,22131189,3754.45,0.00146126,0
1506205360,22131188,3754.36,0.00146130,0
1506205358,22131183,3754.46,0.20053169,0
1506205358,22131182,3754.45,0.00146422,0
1506205358,22131180,3754.37,0.00964722,0
1506205353,22131164,3754.46,1.02712160,0
1506205353,22131160,3754.45,0.03995259,0
1506205353,22131157,3754.40,0.00146165,0
1506205353,22131155,3754.39,0.00146113,0
1506205353,22131154,3754.38,0.00146320,0
1506205331,22131088,3754.46,0.32841158,0
1506205331,22131087,3754.45,0.00146413,0
1506205331,22131086,3754.44,0.00146279,0
1506205331,22131085,3754.43,0.00146459,0
1506205329,22131084,3750.37,0.00964722,1
1506205329,22131083,3753.89,0.04035278,1
1506205328,22131082,3754.46,0.99853557,0
1506205328,22131081,3754.44,0.00146443,0
1506205328,22131080,3754.46,0.02297866,0
1506205327,22131079,3754.45,0.00146427,0
1506205327,22131078,3744.39,0.03959843,1
1506205325,22131076,3754.46,1.00000000,0
1506205318,22131064,3754.36,0.12530000,0
1506205315,22131058,3753.88,0.00146419,1
1506205314,22131057,3753.88,0.07528430,0
1506205314,22131056,3753.87,0.00146392,0
1506205310,22131050,3752.31,0.00279722,1
1506205307,22131049,3752.31,0.11634891,1
1506205307,22131045,3751.39,0.03998518,0
1506205304,22131022,3752.32,0.07528410,1
1506205301,22131021,3752.31,0.00146303,0
1506205296,22131019,3752.32,0.21970000,0
1506205293,22131018,3751.39,0.20780161,1
1506205292,22131017,3751.39,0.02241800,0
1506205292,22131016,3751.39,0.00386199,0
1506205291,22131015,3751.38,0.00146304,0
1506205290,22131014,3737.66,0.05070159,0
1506205290,22131013,3741.37,0.07969492,1
1506205290,22131012,3741.82,0.48448837,1
1506205289,22131011,3741.82,0.04351163,1
1506205288,22131009,3745.38,0.12476326,0
1506205281,22131005,3751.40,0.09414413,0
1506205281,22131004,3751.39,0.90000000,0
1506205281,22131003,3751.39,0.00146333,0
1506205281,22131002,3751.38,0.00146583,0
1506205280,22131001,3749.82,0.00146409,0
1506205280,22131000,3749.79,0.00146262,0
1506205278,22130999,3749.83,0.60791815,0
1506205278,22130998,3749.80,0.39208185,0
1506205272,22130992,3751.40,3.06717816,0
1506205272,22130991,3751.38,0.87150000,0
1506205272,22130990,3750.95,0.30000000,0
1506205272,22130989,3749.73,0.06949000,0
1506205272,22130988,3749.72,0.00466398,0
1506205271,22130987,3749.71,0.00199860,0
1506205271,22130986,3745.36,0.11645923,1
1506205267,22130980,3745.36,0.00146740,0
1506205263,22130979,3745.35,0.00360210,1
1506205262,22130978,3745.34,0.00226717,0
1506205262,22130977,3745.33,0.00333684,0
1506205262,22130976,3745.28,0.00146769,0
1506205262,22130975,3745.22,0.00146805,0
1506205260,22130974,3745.23,0.47852373,0
1506205255,22130973,3745.31,0.00146754,0
1506205255,22130972,3745.27,0.00146563,0
1506205245,22130969,3745.38,0.00332854,0
1506205245,22130968,3745.38,0.00146809,0
1506205245,22130967,3745.38,0.00520337,0
1506205241,22130962,3745.39,0.00560240,0
1506205241,22130961,3745.38,0.00146615,0
1506205241,22130960,3745.36,0.00146674,0
1506205241,22130959,3745.24,0.00146471,0
1506205233,22130957,3745.37,0.14090040,0
1506205233,22130956,3745.33,0.00146655,0
1506205233,22130954,3745.29,0.00146599,0
1506205233,22130953,3745.25,0.00360164,0
1506205231,22130952,3745.22,0.01000000,0
1506205213,22130948,3745.32,0.07934550,0
1506205202,22130937,3745.36,0.53771079,0
1506205201,22130934,3745.39,1.27233639,0
1506205201,22130933,3745.00,0.04497730,0
1506205201,22130931,3740.00,1.56852746,0
1506205201,22130930,3740.00,1.33705885,0
1506205192,22130923,3740.00,0.31205028,0
1506205186,22130921,3735.06,0.01880664,1
1506205173,22130920,3740.00,0.02869359,0
1506205172,22130918,3740.00,0.34294762,0
1506205171,22130917,3740.00,0.26770000,0
1506205171,22130916,3740.00,0.10283151,0
1506205160,22130915,3740.00,0.01055545,0
1506205140,22130911,3740.00,3.63779679,0
1506205132,22130908,3740.00,3.95989262,0
1506205132,22130907,3739.96,0.04010738,0
1506205126,22130906,3740.00,0.15710283,0
1506205126,22130905,3739.98,0.04010717,0
1506205117,22130903,3739.99,1.94230000,0
1506205111,22130902,3734.77,0.51493744,1
1506205111,22130901,3734.80,0.03143783,1
1506205066,22130892,3736.70,0.00967500,1
1506205042,22130878,3740.00,0.03000000,0
1506205035,22130876,3740.00,0.09971086,0
1506205020,22130868,3740.00,0.93526657,0
1506204997,22130859,3736.46,0.00496382,1
1506204986,22130856,3739.99,0.03513801,0
1506204984,22130854,3740.00,0.05889000,0
1506204979,22130849,3740.00,0.01124267,0
1506204976,22130848,3736.37,0.01521900,1
1506204957,22130846,3739.99,0.15177296,0
1506204955,22130845,3739.99,0.05880700,0
1506204950,22130840,3740.00,0.61480000,0
1506204947,22130839,3736.24,0.00881085,1
1506204941,22130835,3739.99,0.37419318,0
1506204940,22130833,3739.99,0.27120125,1
1506204927,22130829,3740.00,0.12721926,0
1506204922,22130827,3740.00,0.04569800,0
1506204916,22130824,3740.00,0.01993842,0
1506204906,22130823,3740.00,0.01302713,0
1506204896,22130818,3740.00,0.05870600,0
1506204893,22130813,3740.00,0.32486308,0
1506204883,22130809,3740.00,0.01104545,0
1506204870,22130806,3739.99,0.05866800,1
1506204862,22130800,3740.00,0.03990024,0
1506204861,22130799,3740.00,0.01000000,0
1506204853,22130797,3740.00,0.39230000,0
1506204853,22130796,3739.99,0.00300000,0
1506204847,22130794,3739.99,0.49344500,0
1506204846,22130792,3739.99,0.62530648,0
1506204845,22130790,3739.99,0.05757800,0
1506204845,22130788,3739.99,0.75353900,0
1506204844,22130786,3739.97,0.00146688,0
1506204831,22130780,3739.99,0.00244749,0
1506204831,22130779,3739.99,0.00307130,0
1506204830,22130778,3739.98,0.00146717,0
1506204830,22130777,3739.97,0.00146793,0
1506204826,22130776,3740.00,0.23847426,0
1506204826,22130775,3739.98,0.00146821,0
1506204824,22130774,3740.00,0.05000000,0
1506204822,22130770,3739.99,0.18493858,0
1506204816,22130764,3739.73,0.30598220,0
1506204813,22130762,3735.23,0.02144665,1
1506204809,22130761,3735.25,0.91612650,1
1506204809,22130760,3736.03,0.04411563,1
1506204809,22130759,3736.03,0.03975787,1
1506204795,22130757,3739.94,0.05748400,0
1506204790,22130750,3740.00,0.43205650,0
1506204790,22130749,3739.97,0.00146648,0
1506204786,22130748,3739.95,0.00253737,0
1506204761,22130738,3740.00,1.27048438,0
1506204761,22130737,3739.83,0.00146998,0
1506204761,22130736,3739.82,0.00280359,0
1506204761,22130735,3739.81,0.00414205,0
1506204732,22130732,3739.74,0.03940000,0
1506204714,22130729,3739.97,1.94245164,0
1506204714,22130728,3739.96,0.00146825,0
1506204714,22130727,3739.95,0.00147032,0
1506204711,22130726,3739.95,0.00805352,1
1506204710,22130725,3739.95,0.00146648,0
1506204700,22130723,3739.67,0.01000000,0
1506204696,22130719,3739.94,1.04526633,0
1506204696,22130718,3739.94,0.00146646,0
1506204696,22130717,3739.93,0.00146721,0
1506204695,22130712,3734.45,0.01707313,1
1506204693,22130698,3734.44,0.15000000,1
1506204666,22130689,3739.75,0.02453743,0
1506204665,22130688,3740.00,0.30100000,0
1506204664,22130686,3739.99,0.09327538,0
1506204663,22130685,3739.98,0.00048744,0
1506204663,22130684,3739.97,0.00147030,0
1506204663,22130683,3739.96,0.00146746,0
1506204658,22130682,3739.98,0.00097914,1
1506204658,22130681,3739.97,0.00146686,0
1506204656,22130680,3739.69,0.00146996,1
1506204651,22130679,3740.00,0.10615045,0
1506204651,22130678,3739.99,0.00146763,0
1506204651,22130677,3739.98,0.00146795,0
1506204650,22130676,3739.95,0.00146877,0
1506204650,22130675,3739.75,0.00360796,0
1506204635,22130674,3739.96,0.03514608,0
1506204633,22130673,3740.00,0.37738614,0
1506204633,22130672,3739.99,0.00146958,0
1506204633,22130671,3739.98,0.00146855,0
1506204633,22130670,3739.97,0.00387573,0
1506204624,22130649,3739.72,0.30184783,0
1506204622,22130648,3740.00,0.25774830,0
1506204622,22130647,3739.99,0.00146957,0
1506204622,22130646,3739.80,0.07914515,0
1506204622,22130645,3739.79,0.00146802,0
1506204622,22130644,3739.76,0.00147041,0
1506204604,22130634,3739.80,0.03450097,0
1506204603,22130632,3739.79,0.00146995,0
1506204601,22130631,3739.80,0.18298383,0
1506204601,22130630,3739.73,0.00441062,0
1506204600,22130628,3739.80,0.04119542,0
1506204600,22130627,3739.79,0.00200304,0
1506204600,22130626,3739.78,0.00146647,0
1506204599,22130625,3739.77,0.00173478,0
1506204599,22130624,3739.76,0.00146961,0
1506204599,22130623,3739.75,0.00146978,0
1506204599,22130622,3739.74,0.00146757,0
1506204599,22130621,3739.73,0.00146685,0
1506204599,22130620,3739.72,0.00147026,0
1506204599,22130619,3739.71,0.00146653,0
1506204599,22130617,3739.70,0.00146669,0
1506204586,22130612,3739.74,0.52915313,0
1506204586,22130611,3739.74,0.00253805,0
1506204586,22130610,3739.73,0.00147011,0
1506204569,22130605,3739.74,0.48200000,1
1506204569,22130604,3739.74,0.11339300,1
1506204566,22130603,3739.80,0.00181990,0
1506204566,22130602,3739.79,0.00146957,0
1506204566,22130601,3739.75,0.00146869,0
1506204566,22130600,3739.75,0.00146943,0
1506204542,22130595,3739.80,0.12728471,0
1506204542,22130594,3739.79,0.00146929,0
1506204541,22130593,3739.78,0.00146945,0
1506204541,22130592,3739.77,0.00146782,0
1506204541,22130591,3739.76,0.00146722,0
1506204541,22130590,3739.75,0.00307115,0
1506204541,22130588,3739.74,0.00147036,0
1506204524,22130578,3739.80,0.00706465,0
1506204523,22130577,3739.77,0.00146680,1
1506204522,22130574,3739.77,0.00146855,0
1506204513,22130572,3739.80,0.02600537,0
1506204511,22130570,3740.00,0.47144964,0
1506204506,22130569,3739.95,0.20353148,0
1506204506,22130568,3739.94,0.00146852,0
1506204503,22130565,3740.00,0.13354097,0
1506204503,22130564,3739.95,0.00146805,0
1506204501,22130562,3740.00,0.03822716,0
1506204501,22130561,3739.99,0.00182204,0
1506204501,22130560,3739.98,0.00147026,0
1506204501,22130559,3739.97,0.00146951,0
1506204501,22130558,3739.96,0.00146831,0
1506204489,22130552,3739.99,0.00205150,0
1506204489,22130551,3739.98,0.00146920,0
1506204475,22130548,3740.00,0.05843126,0
1506204474,22130546,3739.99,0.00146874,0
1506204472,22130545,3740.00,0.01192576,0
1506204472,22130544,3739.94,0.00146937,0
1506204467,22130542,3740.00,0.00412612,0
1506204467,22130541,3739.99,0.00146709,0
1506204467,22130540,3739.98,0.00147022,0
1506204467,22130539,3739.96,0.00146962,0
1506204467,22130538,3739.95,0.00146695,0
1506204452,22130531,3739.96,0.07880926,1
1506204451,22130529,3739.96,0.00146912,1
1506204450,22130528,3739.96,0.00146882,0
1506204362,22130500,3742.98,1.05728135,1
1506204361,22130498,3739.65,0.00521178,0
1506204361,22130497,3738.40,0.00147078,0
1506204361,22130496,3737.84,0.00146899,0
1506204346,22130492,3731.36,0.01379530,1
1506204342,22130491,3738.30,2.04811253,0
1506204342,22130490,3738.29,0.90000000,0
1506204342,22130489,3738.07,0.00147106,0
1506204342,22130488,3738.06,0.04012777,0
1506204342,22130487,3738.06,0.00441065,0
1506204342,22130486,3738.05,0.00146988,0
1506204342,22130485,3738.04,0.00146916,0
1506204341,22130484,3738.04,0.00146900,0
1506204341,22130483,3737.31,0.00146995,0
1506204302,22130472,3742.68,0.04772162,0
1506204302,22130471,3740.95,0.00146811,0
1506204302,22130470,3739.72,0.13500000,0
1506204302,22130469,3739.72,0.00146775,0
1506204293,22130467,3731.56,0.00987084,1
1506204293,22130466,3739.53,0.04012916,1
1506204287,22130465,3742.80,0.14687618,0
1506204287,22130464,3741.16,0.00146651,0
1506204287,22130463,3741.15,0.00146820,0
1506204286,22130462,3739.76,0.00146884,0
1506204286,22130461,3739.75,0.00146960,0
1506204286,22130460,3739.74,0.00146811,0
1506204286,22130459,3739.73,0.00146754,0
1506204271,22130455,3739.52,0.00146801,1
1506204271,22130454,3737.32,0.00011602,0
1506204266,22130453,3737.32,0.00135373,0
1506204266,22130452,3737.31,0.00521383,0
1506204255,22130444,3737.33,0.26735902,0
1506204255,22130443,3735.77,0.00146945,0
1506204254,22130442,3735.76,0.00147153,0
1506204246,22130436,3735.78,0.02029265,0
1506204246,22130435,3735.78,0.00146826,0
1506204240,22130434,3735.79,0.02000000,0
1506204235,22130433,3735.90,0.00477316,0
1506204235,22130432,3735.89,0.00147162,0
1506204231,22130431,3738.48,0.10636150,0
1506204231,22130430,3737.99,0.00146841,0
1506204231,22130429,3737.96,0.00146869,0
1506204231,22130428,3737.95,0.00147018,0
1506204231,22130427,3733.53,0.00147222,0
1506204224,22130425,3734.31,1.67165917,0
1506204223,22130424,3733.00,0.17504083,0
1506204194,22130422,3733.00,0.02495917,0
1506204193,22130421,3732.99,0.00468664,0
1506204193,22130420,3732.98,0.00147042,0
1506204193,22130419,3732.63,0.00147112,0
1506204192,22130417,3732.62,0.12561291,0
1506204189,22130416,3732.53,0.58914031,1
1506204187,22130415,3732.53,0.00147249,0
1506204174,22130412,3732.64,0.07663172,0
1506204174,22130411,3731.18,0.00147068,0
1506204167,22130407,3731.16,0.00990000,0
1506204145,22130402,3730.47,2.67290000,1
1506204131,22130401,3731.33,0.00027518,0
1506204131,22130398,3731.32,0.00147304,0
1506204131,22130396,3731.31,0.00147258,0
1506204130,22130395,3731.30,0.00147157,0
1506204130,22130394,3731.29,0.00147186,0
1506204130,22130393,3731.28,0.00147129,0
1506204130,22130392,3731.27,0.00147278,0
1506204130,22130391,3731.26,0.00147030,0
1506204110,22130385,3730.47,0.02100000,0
1506204108,22130384,3725.96,2.67480000,0
1506204107,22130383,3720.37,0.01121400,1
1506204101,22130376,3731.39,0.79605477,0
1506204101,22130375,3731.38,0.00147228,0
1506204101,22130374,3731.37,0.00147295,0
1506204098,22130373,3731.38,1.90161979,0
1506204098,22130372,3731.38,0.00147279,0
1506204098,22130371,3731.31,0.00147161,0
1506204083,22130366,3728.50,0.00989000,0
1506204081,22130364,3725.98,0.03527759,0
1506204077,22130362,3729.44,0.02675729,0
1506204062,22130358,3729.46,0.24481565,0
1506204061,22130357,3725.99,0.07000000,0
1506204046,22130343,3725.99,0.08000000,0
1506204046,22130342,3725.99,0.13553686,0
1506204041,22130341,3728.52,0.16921423,0
1506204040,22130340,3726.32,0.91123025,1
1506204038,22130339,3726.32,0.01953367,0
1506204037,22130338,3726.32,0.04420691,0
1506204036,22130337,3726.32,0.35230000,0
1506204035,22130336,3726.32,0.01621524,0
1506204034,22130333,3726.28,0.40625963,0
1506204034,22130332,3719.46,0.14580691,1
1506204004,22130305,3725.99,0.00322041,0
1506203962,22130284,3726.34,0.00393793,0
1506203953,22130263,3728.41,0.20612264,0
1506203940,22130260,3724.21,2.67620000,0
1506203914,22130251,3724.22,0.14977786,0
1506203913,22130250,3728.01,0.26726811,1
1506203913,22130246,3728.58,1.33700914,0
1506203913,22130243,3728.57,0.00200864,0
1506203913,22130241,3728.56,0.00147184,0
1506203912,22130240,3728.46,0.00147398,0
1506203912,22130238,3728.45,0.00147176,0
1506203912,22130237,3728.45,0.00335227,0
1506203912,22130236,3728.44,0.00147222,0
1506203912,22130235,3728.43,0.00147311,0
1506203912,22130234,3728.41,0.00147116,0
1506203912,22130233,3728.40,0.00361953,0
1506203911,22130232,3724.33,0.15000000,0
1506203911,22130231,3724.27,0.04027635,0
1506203851,22130220,3724.35,0.06716549,0
1506203851,22130219,3724.34,0.33600000,0
1506203847,22130218,3724.36,0.05429260,0
1506203846,22130216,3724.36,0.01733700,0
1506203846,22130215,3724.36,0.01760536,0
1506203841,22130207,3724.37,0.04025883,0
1506203837,22130206,3726.00,1.00000000,1
1506203837,22130205,3728.47,0.05633041,0
1506203832,22130202,3728.53,3.24740490,0
1506203817,22130193,3730.66,1.66866601,0
1506203817,22130192,3730.40,0.00388477,0
1506203817,22130191,3730.00,0.10000000,0
1506203816,22130190,3729.99,0.00522361,0
1506203816,22130189,3729.98,0.00147369,0
1506203816,22130188,3729.96,0.04021491,0
1506203816,22130187,3729.95,0.00495606,0
1506203816,22130186,3729.94,0.00147047,0
1506203816,22130185,3729.91,0.00147343,0
1506203816,22130184,3729.87,0.00147390,0
1506203816,22130183,3729.80,0.00147111,0
1506203771,22130158,3725.74,0.04899410,0
1506203771,22130157,3725.77,0.04025611,1
1506203771,22130156,3725.78,0.00505800,1
1506203769,22130153,3732.31,0.06555649,0
1506203747,22130142,3732.52,0.01980000,0
1506203742,22130139,3732.57,0.00990000,0
1506203737,22130136,3732.64,0.00695911,0
1506203737,22130135,3732.63,0.00147014,0
1506203737,22130134,3732.59,0.00147075,0
1506203732,22130133,3732.60,0.00990000,0
1506203727,22130127,3732.69,0.01980000,0
1506203723,22130122,3732.69,1.63670000,0
1506203722,22130121,3732.69,0.00695907,0
1506203722,22130120,3732.69,0.00147084,0
1506203722,22130119,3732.69,0.00147009,0
1506203716,22130117,3732.70,0.03258528,0
1506203714,22130115,3732.99,0.00065117,0
1506203713,22130114,3732.98,0.00441596,0
1506203713,22130113,3732.97,0.00147007,0
1506203713,22130112,3732.92,0.00441654,0
1506203713,22130111,3732.88,0.00147237,0
1506203713,22130110,3732.82,0.00147173,0
1506203713,22130109,3732.81,0.00147302,0
1506203713,22130108,3732.77,0.00147012,0
1506203713,22130107,3732.76,0.00146965,0
1506203712,22130106,3732.71,0.00146937,0
1506203710,22130105,3725.72,0.06501301,1
1506203710,22130103,3725.71,0.01198699,0
1506203708,22130101,3725.71,0.00524400,1
1506203703,22130100,3732.78,0.00396000,0
1506203698,22130098,3732.82,0.00594000,0
1506203693,22130096,3732.83,0.00050796,0
1506203693,22130095,3732.80,0.00147204,0
1506203691,22130093,3732.81,0.10406891,0
1506203643,22130083,3735.90,0.00358611,0
1506203643,22130082,3735.90,0.00146949,0
1506203643,22130081,3735.88,0.00146800,0
1506203643,22130080,3735.81,0.00146891,0
1506203639,22130079,3733.64,0.01982000,0
1506203633,22130076,3733.61,0.00991000,0
1506203631,22130075,3733.61,0.26657675,0
1506203598,22130073,3733.76,0.14440000,0
1506203592,22130070,3738.38,0.05515188,0
1506203592,22130069,3738.37,0.00146784,0
1506203592,22130068,3738.36,0.00146875,0
1506203592,22130067,3737.97,0.00280816,0
1506203592,22130066,3737.15,0.00147012,0
1506203591,22130065,3737.14,0.00173711,0
1506203591,22130064,3737.13,0.00254032,0
1506203567,22130059,3724.87,0.06542000,1
1506203567,22130058,3733.95,0.20532996,0
1506203567,22130057,3733.95,0.00147004,0
1506203567,22130056,3733.89,0.05061411,0
1506203545,22130051,3733.98,0.04279358,0
1506203542,22130050,3733.98,0.00439235,0
1506203542,22130049,3733.64,0.00146898,0
1506203542,22130048,3733.45,0.04017732,0
1506203542,22130047,3733.45,0.00146981,0
1506203541,22130046,3733.39,0.00334748,0
1506203541,22130045,3733.38,0.00146998,0
1506203541,22130044,3733.37,0.00146894,0
1506203541,22130043,3733.35,0.00147074,0
1506203531,22130041,3733.65,0.30215259,0
1506203531,22130040,3733.53,0.00147233,0
1506203531,22130039,3733.52,0.00146907,0
1506203523,22130034,3727.84,2.63564254,0
1506203522,22130033,3727.85,0.03995746,1
1506203517,22130027,3733.65,1.96357195,0
1506203517,22130026,3733.63,0.00146910,0
1506203517,22130024,3733.38,0.00147106,0
1506203517,22130023,3733.37,0.00147091,0
1506203517,22130022,3733.36,0.00147113,0
1506203517,22130021,3733.35,0.00147248,0
1506203517,22130020,3730.07,2.67230000,0
1506203508,22130019,3733.33,0.00352598,0
1506203484,22130004,3728.39,2.67250000,0
1506203477,22130003,3730.07,0.02676483,0
1506203472,22130002,3733.61,2.23777412,0
1506203472,22130001,3733.61,0.00147215,0
1506203472,22129999,3733.60,0.00147127,0
1506203467,22129994,3729.90,0.01558200,0
1506203466,22129993,3728.58,0.34480000,1
1506203466,22129992,3728.58,2.33270000,1
1506203464,22129991,3727.85,2.66730000,0
1506203462,22129988,3727.85,0.00600000,0
1506203454,22129981,3738.50,0.33649919,0
1506203454,22129980,3738.34,0.00360478,0
1506203454,22129979,3738.33,0.00146764,0
1506203454,22129978,3738.20,0.00146994,0
1506203454,22129977,3738.14,0.00146982,0
1506203453,22129976,3738.09,1.74300000,0
1506203453,22129975,3735.94,0.00146800,0
1506203453,22129974,3733.79,0.00147146,0
1506203453,22129973,3733.77,0.00147125,0
1506203453,22129972,3733.74,0.00146940,0
1506203453,22129971,3733.68,0.00147160,0
1506203453,22129970,3733.64,0.00147098,0
1506203453,22129969,3733.63,0.00146981,0
1506203452,22129968,3733.60,0.00147085,0
1506203452,22129967,3733.60,0.00388230,0
1506203452,22129966,3727.91,0.00160610,0
1506203452,22129965,3727.84,0.09528336,0
1506203432,22129956,3727.86,0.02701464,0
1506203407,22129937,3729.83,0.00973468,0
1506203407,22129936,3725.29,0.04026532,0
1506203372,22129908,3720.37,0.07984700,1
1506203370,22129907,3725.37,0.07799353,0
1506203344,22129898,3726.20,0.02054165,1
1506203343,22129897,3725.40,0.07945835,0
1506203342,22129896,3719.55,1.26127578,1
1506203342,22129895,3720.25,0.03000000,1
1506203342,22129894,3720.26,0.00584400,1
1506203342,22129893,3721.40,0.00454572,1
1506203342,22129892,3721.40,0.00771023,1
1506203341,22129891,3721.41,0.00563300,1
1506203327,22129883,3721.39,0.01817381,1
1506203326,22129882,3722.03,0.00584400,1
1506203314,22129879,3725.06,0.01425077,0
1506203301,22129865,3725.03,0.00527676,0
1506203300,22129864,3725.03,0.07028459,0
1506203297,22129863,3725.07,0.02400000,0
1506203259,22129830,3720.35,0.05000000,1
1506203242,22129825,3725.26,2.20322173,0
1506203241,22129824,3722.76,0.10344266,0
1506203241,22129823,3722.76,0.04210045,0
1506203240,22129822,3725.26,0.03300000,0
1506203235,22129820,3725.10,0.14493643,0
1506203221,22129817,3725.26,0.26690000,0
1506203206,22129811,3722.67,0.02300000,0
1506203193,22129809,3725.31,0.01246173,0
1506203181,22129807,3725.40,0.00750000,1
1506203173,22129804,3726.85,0.04833100,0
1506203171,22129803,3726.85,0.01514475,0
1506203167,22129802,3726.83,0.01533458,0
1506203162,22129797,3727.13,0.60247429,0
1506203161,22129796,3727.13,0.30580000,0
1506203161,22129795,3725.32,4.00000000,0
1506203161,22129793,3725.36,0.01734055,0
1506203143,22129787,3719.04,0.18606134,1
1506203136,22129779,3729.54,0.18005996,0
1506203136,22129778,3729.54,0.02610201,0
1506203134,22129777,3729.54,0.03244004,0
1506203125,22129775,3727.00,0.44130706,1
1506203125,22129774,3727.01,0.00525500,1
1506203086,22129769,3727.00,0.04255151,1
1506203086,22129768,3727.00,0.01614143,1
1506203065,22129767,3736.14,0.04170000,0
1506203054,22129765,3718.43,3.04803517,1
1506203054,22129764,3719.28,0.03000000,1
1506203054,22129763,3720.00,0.26800000,1
1506203054,22129762,3720.01,0.04000000,1
1506203053,22129761,3720.54,8.00000000,1
1506203053,22129760,3720.72,0.05000000,1
1506203053,22129759,3721.00,0.50000000,1
1506203053,22129758,3721.21,0.02681934,1
1506203053,22129757,3722.36,0.25000000,1
1506203053,22129756,3722.52,0.90000000,1
1506203053,22129755,3723.00,0.03000000,1
1506203053,22129754,3723.08,7.69815694,1
1506203052,22129753,3724.74,3.01117300,1
1506203052,22129752,3725.06,7.36550000,1
1506203052,22129751,3726.02,0.22000000,1
1506203052,22129750,3727.15,8.10000000,1
1506203052,22129749,3727.23,6.59779678,1
1506203052,22129748,3727.23,0.87150000,1
1506203052,22129747,3727.24,0.23812265,1
1506203052,22129746,3730.10,1.00000000,1
1506203051,22129745,3730.49,0.84391946,1
1506203051,22129744,3730.52,0.91097666,1
1506203035,22129743,3736.02,0.44311861,1
1506202983,22129735,3736.02,0.40080085,0
1506202981,22129734,3729.89,0.08902334,1
1506202926,22129725,3735.19,0.62757986,0
1506202895,22129722,3735.37,0.00387408,0
1506202891,22129721,3735.50,0.00057987,0
1506202891,22129720,3735.46,0.00146856,0
1506202891,22129719,3735.42,0.00146936,0
1506202881,22129718,3728.49,0.06000000,1
1506202881,22129717,3728.50,0.35428239,1
1506202844,22129715,3735.68,0.06740165,0
1506202844,22129714,3735.68,0.00147095,0
1506202843,22129713,3735.67,0.00147170,0
1506202843,22129712,3735.66,0.00147023,0
1506202843,22129711,3735.65,0.00146830,0
1506202843,22129710,3735.64,0.10667051,0
1506202843,22129709,3729.00,0.00968141,0
1506202843,22129708,3728.00,0.50000000,0
1506202817,22129700,3723.41,0.02803100,1
1506202817,22129698,3724.97,0.01731800,1
1506202817,22129697,3727.22,0.00538100,1
1506202800,22129687,3729.00,0.05085300,0
1506202794,22129680,3728.96,0.01732265,1
1506202784,22129679,3728.96,0.09282138,0
1506202772,22129677,3723.30,0.02317114,1
1506202740,22129656,3728.99,0.01731800,1
1506202736,22129648,3728.99,0.01732266,0
1506202723,22129642,3726.43,1.51593728,1
1506202711,22129635,3726.40,0.01967454,1
1506202711,22129634,3726.41,0.00553400,1
1506202704,22129632,3732.50,0.01469792,0
1506202685,22129628,3732.56,0.50892799,0
1506202685,22129627,3732.55,0.00147201,0
1506202668,22129620,3731.99,0.03981000,1
1506202657,22129609,3732.57,0.00796883,0
1506202654,22129608,3732.57,0.06597962,0
1506202654,22129607,3732.00,0.90412038,0
1506202651,22129606,3732.56,0.26593500,0
1506202649,22129605,3732.56,0.00879181,0
1506202643,22129602,3732.56,0.01234713,0
1506202641,22129601,3732.56,0.01789000,0
1506202641,22129600,3732.56,0.04042576,0
1506202641,22129599,3727.11,0.00000584,0
1506202638,22129593,3727.11,0.09428616,0
1506202636,22129590,3727.11,0.00570800,0
1506202633,22129585,3732.57,0.01234720,0
1506202632,22129584,3727.11,0.98275306,0
1506202632,22129583,3727.11,0.01724694,0
1506202626,22129581,3727.12,0.00626600,1
1506202625,22129577,3732.56,0.09103700,0
1506202624,22129562,3727.11,0.99373400,1
1506202624,22129561,3727.13,0.00626600,1
1506202622,22129557,3727.11,0.10193954,1
1506202621,22129554,3727.11,0.09373400,1
1506202621,22129553,3727.12,0.90000000,1
1506202621,22129552,3727.12,0.00626600,1
1506202619,22129550,3732.56,0.72221258,0
1506202606,22129547,3728.23,0.02611926,1
1506202603,22129546,3731.87,0.06220247,0
1506202594,22129545,3724.99,0.89620770,1
1506202594,22129544,3726.42,4.00000000,1
1506202594,22129543,3727.23,0.17700000,1
1506202594,22129542,3728.18,0.00745500,1
1506202594,22129541,3728.19,0.03000000,1
1506202593,22129540,3728.20,0.00646600,1
1506202591,22129539,3731.87,0.03231860,0
1506202586,22129538,3731.87,0.46100000,0
1506202578,22129535,3728.20,0.00197652,1
1506202569,22129532,3732.48,0.00158188,1
1506202569,22129531,3732.56,0.01040744,1
1506202566,22129527,3732.58,0.25400000,1
1506202565,22129525,3732.59,0.00772700,1
1506202560,22129521,3735.16,0.06541300,0
1506202544,22129519,3735.17,0.01337467,0
1506202541,22129518,3735.17,1.22965501,0
1506202541,22129517,3734.97,3.76977948,0
1506202539,22129516,3735.17,3.23022052,1
1506202538,22129515,3735.17,1.69599335,1
1506202538,22129514,3735.17,7.00000000,1
1506202534,22129513,3735.17,7.00000000,1
1506202533,22129512,3735.17,7.00000000,1
1506202532,22129511,3735.17,5.00000000,1
1506202530,22129510,3735.17,5.00000000,1
1506202527,22129509,3735.17,13.67980000,1
1506202434,22129495,3742.09,1.07200000,0
1506202403,22129490,3742.25,0.63980000,0
1506202396,22129489,3742.05,0.11000000,0
1506202391,22129483,3742.15,0.02000000,0
1506202362,22129471,3742.91,0.00104643,0
1506202361,22129470,3742.90,0.00146837,0
1506202361,22129469,3742.88,0.00146568,0
1506202361,22129468,3742.80,0.00360449,0
1506202361,22129467,3742.71,0.00146574,0
1506202361,22129466,3742.70,0.00253554,0
1506202361,22129465,3742.28,0.00456299,0
1506202341,22129464,3742.44,0.89520000,0
1506202326,22129462,3742.57,0.62166785,1
1506202325,22129461,3742.56,0.00467448,0
1506202322,22129459,3735.39,0.00575100,1
1506202322,22129458,3735.40,0.00786600,1
1506202306,22129457,3735.61,0.19806236,1
1506202291,22129456,3743.12,0.19017444,0
1506202291,22129455,3743.04,0.00493970,0
1506202291,22129454,3743.03,0.00146544,0
1506202291,22129453,3742.81,0.41106935,0
1506202278,22129444,3745.39,0.25894298,0
1506202278,22129443,3745.35,0.00146430,0
1506202278,22129442,3745.34,0.00520393,0
1506202278,22129441,3743.18,0.00146535,0
1506202278,22129440,3738.84,3.94312344,0
1506202251,22129428,3735.58,0.26215644,1
1506202227,22129423,3735.17,0.12278062,1
1506202223,22129422,3735.18,0.02000000,0
1506202223,22129421,3735.18,0.02000000,0
1506202221,22129420,3735.18,0.00564526,0
1506202215,22129413,3735.18,0.01289900,0
1506202213,22129412,3735.18,0.01290000,1
1506202213,22129411,3735.18,0.05687656,1
1506202208,22129402,3735.17,0.04634606,1
1506202208,22129401,3735.18,0.01336700,1
1506202203,22129399,3738.78,0.01000000,0
1506202193,22129398,3738.84,0.05687656,0
1506202189,22129397,3735.17,6.83102400,1
1506202189,22129396,3735.18,4.00000000,0
1506202188,22129395,3735.18,0.01448800,0
1506202187,22129394,3735.18,4.14000000,1
1506202187,22129393,3735.19,0.01448800,1
1506202171,22129374,3736.85,1.52812785,0
1506202166,22129370,3736.82,0.71844714,0
1506202164,22129365,3735.17,14.77200000,1
1506202164,22129364,3735.23,0.22800000,1
1506202160,22129360,3736.85,0.03104601,0
1506202157,22129356,3736.85,4.17656500,0
1506202151,22129353,3738.92,0.11380000,0
1506202146,22129352,3741.41,0.12263995,0
1506202142,22129350,3741.44,0.50200000,0
1506202142,22129348,3741.44,0.50600000,0
1506202141,22129347,3743.86,0.50700000,0
1506202136,22129345,3735.17,13.48319832,1
1506202136,22129344,3735.18,0.30000000,0
1506202135,22129343,3735.18,1.52193156,0
1506202135,22129342,3735.18,0.38185858,0
1506202135,22129341,3735.18,0.29095054,1
1506202135,22129340,3735.19,4.00000000,1
1506202134,22129339,3735.24,0.02206100,1
1506202131,22129338,3743.88,0.00187080,0
1506202131,22129337,3743.87,2.66820000,0
1506202126,22129336,3735.18,0.00904946,1
1506202124,22129334,3741.43,0.29566928,0
1506202123,22129333,3741.43,0.16745243,0
1506202120,22129331,3741.47,0.88630000,0
1506202116,22129330,3736.22,0.01436100,0
1506202116,22129329,3736.87,0.02007011,1
1506202115,22129328,3736.88,0.02285800,0
1506202111,22129327,3741.47,0.37689574,0
1506202106,22129321,3741.19,0.01123736,0
1506202103,22129320,3743.87,0.01009660,0
1506202103,22129319,3737.06,0.00000602,0
1506202099,22129314,3737.06,0.09999398,0
1506202090,22129311,3743.25,0.10180944,0
1506202086,22129304,3741.51,0.03007461,0
1506202086,22129303,3741.48,0.31263175,0
1506202079,22129302,3741.55,0.00393419,1
1506202078,22129301,3741.55,0.01336300,1
1506202077,22129299,3741.56,0.01345341,0
1506202076,22129298,3735.17,14.88801306,1
1506202076,22129297,3735.17,0.02460100,0
1506202076,22129296,3735.17,0.01807538,0
1506202075,22129295,3735.18,0.37000000,1
1506202075,22129294,3735.18,0.06847121,0
1506202075,22129293,3735.22,0.87150000,1
1506202075,22129292,3737.03,0.99029335,0
1506202074,22129291,3737.03,0.02460100,0
1506202074,22129290,3737.03,2.66320000,0
1506202073,22129289,3737.03,0.08124500,0
1506202072,22129288,3741.55,0.03768961,0
1506202071,22129287,3741.56,0.11190641,0
1506202071,22129286,3741.55,0.03768954,0
1506202066,22129285,3741.55,0.94956840,0
1506202064,22129284,3741.52,0.03798947,0
1506202061,22129283,3741.56,0.54810000,0
1506202060,22129282,3740.11,0.00303541,0
1506202058,22129281,3735.17,0.75062407,1
1506202058,22129280,3735.18,0.41000000,0
1506202058,22129279,3736.54,1.65500000,1
1506202057,22129278,3737.00,1.47000000,1
1506202057,22129277,3737.02,0.87150000,1
1506202057,22129275,3738.11,0.50400000,0
1506202057,22129274,3738.11,0.02644900,0
1506202056,22129273,3739.72,2.97592499,1
1506202056,22129272,3740.00,0.56000000,1
1506202056,22129271,3740.07,0.02005294,1
1506202054,22129270,3740.12,0.02644900,1
1506202033,22129268,3741.43,0.06259091,0
1506202032,22129267,3743.20,0.02000000,0
1506202031,22129266,3743.31,0.02000000,0
1506202030,22129265,3743.23,0.01616913,0
1506202002,22129264,3749.30,0.01000000,0
1506202001,22129263,3749.76,0.12157810,0
1506202001,22129262,3749.33,0.00146447,0
1506202001,22129261,3749.29,0.00146523,0
1506202001,22129260,3746.00,0.01049255,0
1506201971,22129258,3740.00,1.01214414,0
1506201971,22129257,3741.19,3.08630000,0
1506201970,22129256,3741.20,0.87150000,0
1506201970,22129255,3741.20,0.99000000,0
1506201970,22129254,3744.63,0.02002841,1
1506201968,22129253,3744.83,0.02002745,1
1506201968,22129252,3744.92,4.00000000,1
1506201931,22129220,3744.71,0.02810000,1
1506201917,22129218,3749.84,0.32938551,0
1506201917,22129217,3749.81,2.65890000,0
1506201917,22129216,3749.80,0.00146411,0
1506201917,22129215,3749.79,0.00146633,0
1506201917,22129214,3749.78,0.00146441,0
1506201917,22129213,3749.77,0.00146383,0
1506201917,22129212,3749.76,0.00146263,0
1506201917,22129211,3749.75,0.00146459,0
1506201917,22129210,3749.74,0.00146266,0
1506201916,22129209,3749.73,0.00146593,0
1506201882,22129206,3744.37,0.21301133,1
1506201871,22129205,3749.82,1.52530000,0
1506201871,22129204,3749.82,0.00310213,0
1506201870,22129203,3749.81,0.00146447,0
1506201870,22129202,3749.80,0.00146447,0
1506201870,22129201,3749.79,0.00199799,0
1506201870,22129200,3749.78,0.00146433,0
1506201870,22129199,3749.77,0.00146344,0
1506201870,22129198,3749.76,0.00146287,0
1506201861,22129193,3749.84,0.01467649,0
1506201861,22129192,3749.83,0.00146423,0
1506201861,22129191,3749.82,0.00306550,0
1506201861,22129190,3749.81,0.00146485,0
1506201861,22129189,3749.80,0.00146560,0
1506201861,22129188,3749.79,0.00146461,0
1506201860,22129187,3749.78,0.00146358,0
1506201860,22129186,3747.63,0.00493514,0
1506201856,22129185,3743.89,0.00764432,1
1506201845,22129184,3749.80,0.00451500,1
1506201841,22129183,3749.83,0.66452380,0
1506201841,22129182,3749.82,0.00146414,0
1506201841,22129181,3749.81,0.00386558,0
1506201840,22129180,3749.80,0.00146353,0
1506201840,22129179,3749.79,0.00146295,0
1506201834,22129178,3749.83,0.02769060,0
1506201833,22129176,3749.83,0.01752449,0
1506201824,22129175,3749.84,0.13326592,0
1506201824,22129174,3747.64,0.00146381,0
1506201744,22129158,3747.67,0.00532864,0
1506201743,22129157,3747.67,0.12971382,0
1506201721,22129153,3749.81,0.03783954,0
1506201691,22129147,3742.83,0.01091058,1
1506201683,22129146,3748.00,0.49426374,0
1506201683,22129145,3748.00,0.00226383,0
1506201682,22129144,3747.92,0.00226406,0
1506201682,22129143,3747.90,0.00146705,0
1506201682,22129142,3747.88,0.00146601,0
1506201682,22129141,3747.87,0.00146470,0
1506201682,22129140,3747.86,0.00146377,0
1506201682,22129139,3747.85,0.00146393,0
1506201682,22129138,3747.84,0.00280085,0
1506201682,22129137,3747.83,0.00146574,0
1506201682,22129136,3747.82,0.00146571,0
1506201681,22129135,3747.82,0.00146556,0
1506201681,22129134,3747.81,0.13808505,0
1506201665,22129129,3742.70,0.13808505,1
1506201665,22129127,3743.36,0.00207389,1
1506201658,22129126,3745.83,0.91514149,0
1506201654,22129125,3743.39,0.07000000,1
1506201651,22129123,3745.82,0.12680000,0
1506201641,22129116,3745.83,1.19013024,0
1506201641,22129115,3745.83,0.19631163,0
1506201639,22129114,3745.00,0.07000000,0
1506201621,22129105,3745.83,0.24985877,0
1506201617,22129104,3745.83,0.05158000,0
1506201602,22129095,3745.83,0.00349486,0
1506201596,22129090,3745.83,0.04534805,0
1506201593,22129089,3745.83,0.01414107,0
1506201593,22129088,3745.83,0.04530000,0
1506201557,22129085,3748.01,0.08190020,0
1506201555,22129084,3748.01,0.09600000,0
1506201551,22129083,3749.83,3.97800605,0
1506201542,22129082,3751.92,0.04100521,0
1506201524,22129081,3754.35,0.78727675,0
1506201524,22129080,3754.34,0.00146361,0
1506201524,22129079,3754.31,0.00146213,0
1506201524,22129078,3754.30,0.00146156,0
1506201483,22129066,3752.30,0.06207500,0
1506201444,22129060,3753.70,0.58013619,0
1506201444,22129059,3751.74,0.00439618,0
1506201443,22129058,3751.73,0.00306215,0
1506201443,22129057,3751.72,0.00439636,0
1506201443,22129056,3750.11,0.00146430,0
1506201443,22129055,3750.10,0.00146411,0
1506201443,22129054,3748.00,0.10197075,0
1506201432,22129052,3740.96,0.01000000,1
1506201429,22129050,3748.00,0.07015384,0
1506201409,22129042,3746.19,0.01352632,0
1506201383,22129034,3746.23,0.13460538,0
1506201365,22129029,3743.71,0.53626906,0
