date,tid,price,amount,type
1506211218,22134763,0.07557200,0.36992537,1
1506211217,22134762,0.07557200,3.60000000,1
1506211207,22134759,0.07557200,0.26179000,1
1506211121,22134672,0.07555002,13.52439743,1
1506211121,22134671,0.07556000,0.47240000,1
1506211112,22134639,0.07569000,5.00000000,0
1506211102,22134628,0.07565199,2.65000000,0
1506211011,22134551,0.07556006,0.85410500,0
1506211010,22134550,0.07555000,0.36999500,0
1506210981,22134528,0.07556005,2.65000000,1
1506210970,22134508,0.07557000,0.36999500,1
1506210775,22134408,0.07561100,5.00000000,0
1506210766,22134407,0.07559000,1.77211922,0
1506210759,22134394,0.07559000,0.62504400,0
1506210751,22134393,0.07558000,0.47270000,0
1506210455,22134245,0.07557900,4.03716800,0
1506210454,22134243,0.07554000,1.01000000,0
1506210449,22134233,0.07554000,1.00999500,0
1506210447,22134229,0.07554000,1.64000000,0
1506210366,22134141,0.07541853,3.64934400,1
1506210356,22134130,0.07541848,0.19999500,1
1506210330,22134110,0.07557997,0.07949567,0
1506210302,22134093,0.07559000,0.14184434,0
1506210300,22134091,0.07559000,0.28368871,0
1506210282,22134081,0.07541814,2.25590000,1
1506210280,22134077,0.07541811,1.04501468,1
1506210280,22134076,0.07541811,0.63978195,1
1506210280,22134075,0.07541813,2.93449410,1
1506210280,22134074,0.07541813,7.07304900,1
1506210280,22134073,0.07541813,2.68130200,1
1506210279,22134067,0.07541813,1.04648000,1
1506210275,22134054,0.07541806,7.29188426,1
1506210274,22134053,0.07541804,1.04509100,0
1506210273,22134052,0.07541795,0.94068212,1
1506210263,22134030,0.07559300,3.13632919,0
1506210237,22134001,0.07541779,3.44435800,1
1506210222,22133975,0.07541765,13.30635000,1
1506210214,22133962,0.07541760,1.50931500,1
1506210213,22133952,0.07541761,0.63189300,1
1506210209,22133935,0.07541758,8.73292300,1
1506210193,22133864,0.07541751,0.30396700,1
1506210189,22133852,0.07541750,0.13000000,1
1506210174,22133801,0.07541738,0.15000000,1
1506210172,22133791,0.07541737,0.30397200,1
1506210164,22133763,0.07541734,1.15985900,1
1506210163,22133762,0.07541733,11.52711384,1
1506210162,22133754,0.07541732,2.07175200,1
1506210157,22133733,0.07541725,0.10035324,1
1506210152,22133724,0.07541722,0.11694607,1
1506210141,22133697,0.07541717,0.13645926,1
1506210136,22133686,0.07541708,0.15902559,1
1506210131,22133664,0.07541703,0.18557415,1
1506210125,22133657,0.07541700,0.21617446,1
1506210119,22133653,0.07546098,0.25213719,1
1506210113,22133649,0.07546097,0.25704726,1
1506210109,22133648,0.07546095,0.33666959,1
1506210102,22133631,0.07546092,0.39253790,1
1506210098,22133610,0.07546092,0.45778307,1
1506210092,22133590,0.07546091,0.50000000,1
1506210092,22133587,0.07561399,5.27683422,0
1506210086,22133581,0.07546091,0.50000000,1
1506210081,22133566,0.07546091,0.50000000,1
1506210077,22133557,0.07546091,0.50000000,1
1506210072,22133548,0.07547000,0.47270000,1
1506210069,22133541,0.07547700,5.00000000,0
1506210063,22133524,0.07565429,2.87371057,1
1506210062,22133523,0.07565428,1.92628943,0
1506210060,22133519,0.07546090,0.20000000,0
1506210057,22133515,0.07545900,5.00000000,0
1506210034,22133485,0.07542600,2.72036200,0
1506210034,22133484,0.07540498,1.85990000,0
1506210032,22133483,0.07540498,2.00000000,0
1506210030,22133482,0.07540498,3.00000000,0
1506210023,22133474,0.07540498,8.14010000,0
1506210021,22133472,0.07540497,4.33773800,0
1506210017,22133467,0.07540497,10.66226200,0
1506210017,22133466,0.07540496,15.00000000,0
1506210017,22133465,0.07539600,5.00000000,0
1506210016,22133463,0.07536799,7.45236700,0
1506210015,22133455,0.07536799,6.94280000,0
1506210014,22133447,0.07536799,10.00000000,0
1506210007,22133441,0.07536799,0.19246900,0
1506210004,22133438,0.07536799,1.05827700,0
1506210002,22133436,0.07536799,1.86130000,0
1506210001,22133435,0.07536799,0.23346200,0
1506209982,22133423,0.07536799,1.86080000,0
1506209980,22133420,0.07536799,1.85990000,0
1506209979,22133419,0.07524207,0.20000000,1
1506209975,22133418,0.07536799,1.72462500,0
1506209974,22133417,0.07536799,1.86020000,0
1506209914,22133368,0.07536799,14.09300000,0
1506209905,22133365,0.07536799,1.86080000,0
1506209902,22133364,0.07530494,3.60176594,0
1506209892,22133361,0.07530494,5.00000000,0
1506209890,22133360,0.07530494,6.04600000,0
1506209889,22133359,0.07530494,4.21356306,0
1506209888,22133354,0.07530494,6.13867100,0
1506209709,22133181,0.07527200,1.64765786,1
1506209709,22133180,0.07525699,15.00000000,0
1506209709,22133179,0.07522529,10.16219514,0
1506209709,22133178,0.07522528,12.26297100,0
1506209705,22133177,0.07522528,1.48664200,0
1506209703,22133176,0.07522528,1.86570000,0
1506209678,22133162,0.07522528,1.86600000,0
1506209673,22133161,0.07522528,0.83124000,0
1506209644,22133149,0.07522528,6.68744700,0
1506209644,22133148,0.07521527,7.47855300,0
1506209634,22133135,0.07521527,1.86890000,0
1506209631,22133129,0.07521527,42.65254700,0
1506209581,22133083,0.07522529,0.66100000,0
1506209575,22133067,0.07522529,0.13228661,0
1506209575,22133065,0.07522000,0.29835639,0
1506209571,22133059,0.07522528,10.30000000,0
1506209570,22133055,0.07522528,4.70000000,0
1506209557,22133046,0.07522529,4.04451825,0
1506209459,22132987,0.07516901,0.18177013,1
1506209456,22132982,0.07516901,0.00100006,1
1506209456,22132980,0.07516902,5.08013094,1
1506209445,22132971,0.07518500,5.00000000,1
1506209442,22132969,0.07518501,2.57539605,1
1506209437,22132958,0.07502304,17.39031504,1
1506209437,22132957,0.07502304,0.53622823,1
1506209436,22132956,0.07502304,2.69517261,1
1506209436,22132955,0.07503000,0.24500000,1
1506209433,22132937,0.07600000,3.33643934,0
1506209433,22132935,0.07600000,0.70000000,0
1506209433,22132933,0.07600000,1.89000000,0
1506209433,22132931,0.07600000,1.00000000,0
1506209433,22132930,0.07600000,0.64500000,0
1506209432,22132929,0.07598866,0.50000000,0
1506209432,22132927,0.07598866,0.33691575,1
1506209432,22132923,0.07597015,0.13195970,0
1506209431,22132921,0.07584730,1.44054435,0
1506209431,22132920,0.07584730,7.65652700,1
1506209431,22132919,0.07580000,2.00000000,0
1506209431,22132918,0.07580000,0.00000597,0
1506209430,22132917,0.07564830,5.00000000,0
1506209430,22132916,0.07564830,0.22978549,1
1506209430,22132915,0.07560000,0.10000000,0
1506209430,22132913,0.07550000,2.00000000,0
1506209429,22132912,0.07549997,0.11517783,0
1506209429,22132911,0.07547808,5.02683624,0
1506209429,22132910,0.07547808,3.75433263,1
1506209428,22132908,0.07543000,5.17068012,0
1506209428,22132907,0.07541405,0.20000000,0
1506209428,22132906,0.07541405,10.31431000,1
1506209428,22132905,0.07537678,0.57588916,0
1506209427,22132904,0.07537676,5.00000000,1
1506209427,22132903,0.07537675,30.47000000,1
1506209425,22132902,0.07520600,5.00000000,0
1506209406,22132895,0.07514600,9.98099247,1
1506209406,22132894,0.07514600,5.00000000,0
1506209371,22132888,0.07500003,60.00000000,1
1506209367,22132887,0.07512499,0.35174080,0
1506209364,22132880,0.07500003,14.66305630,1
1506209364,22132879,0.07500004,0.33694370,1
1506209357,22132877,0.07512500,1.21165359,0
1506209356,22132876,0.07502042,1.92628943,0
1506209356,22132875,0.07502042,13.07371057,1
1506209353,22132851,0.07512500,3.78834641,0
1506209346,22132848,0.07502024,6.69753700,0
1506209342,22132845,0.07502020,15.00000000,1
1506209149,22132774,0.07516200,5.00000000,1
1506208632,22132530,0.07534745,0.13423146,0
1506208565,22132521,0.07534761,0.19898100,0
1506207996,22132326,0.07531100,2.00000000,0
1506207855,22132274,0.07524200,0.41277433,0
1506207855,22132273,0.07516601,0.00000045,0
1506207333,22132073,0.07516601,1.19735900,0
1506207331,22132070,0.07516601,0.89503800,0
1506207292,22132041,0.07516601,1.25554500,0
1506207284,22132040,0.07516000,0.24464361,0
1506207229,22132014,0.07515000,0.24464361,0
1506207210,22132013,0.07516601,1.41000000,1
1506207210,22132012,0.07516601,1.24204663,1
1506207099,22131968,0.07516601,1.40795337,1
1506207089,22131964,0.07517000,0.22995639,0
1506207077,22131963,0.07519000,0.33493476,1
1506206865,22131903,0.07520100,1.61028900,1
1506206865,22131902,0.07521000,0.47460000,1
1506206849,22131894,0.07540399,0.14179886,0
1506206845,22131893,0.07542503,0.28359775,0
1506206837,22131892,0.07523000,5.00000000,1
1506206767,22131875,0.07524700,4.70200000,1
1506206767,22131874,0.07525000,0.29800000,1
1506206496,22131742,0.07527400,4.99986572,1
1506206496,22131741,0.07529000,0.00006786,1
1506206374,22131630,0.07529000,0.19444814,1
1506206043,22131543,0.07532400,0.05659700,1
1506206043,22131542,0.07542000,0.08274000,1
1506205976,22131498,0.07542001,0.14999000,1
1506205972,22131496,0.07542974,2.54226900,0
1506205972,22131495,0.07542001,0.50000000,1
1506205967,22131493,0.07542001,0.50000000,1
1506205962,22131492,0.07542001,0.50000000,1
1506205957,22131491,0.07542001,0.50000000,1
1506205952,22131484,0.07542001,0.50000000,1
1506205944,22131482,0.07542981,1.52255100,0
1506205944,22131481,0.07542981,0.61045900,0
1506205944,22131479,0.07542980,3.56700500,0
1506205944,22131477,0.07542980,2.64999500,0
1506205737,22131394,0.07542990,1.40424500,0
1506205690,22131372,0.07542990,0.59598000,0
1506205596,22131318,0.07542990,5.00000000,0
1506205593,22131316,0.07529001,0.14662000,1
1506205439,22131264,0.07542990,0.21770000,0
1506205364,22131197,0.07539777,0.35258964,1
1506205359,22131185,0.07542990,2.80582542,0
1506205356,22131178,0.07542990,1.35304970,0
1506205355,22131176,0.07542990,7.69147188,0
1506205354,22131175,0.07542989,0.80547842,0
1506205354,22131173,0.07539400,5.00000000,0
1506205352,22131143,0.07529433,0.19451600,0
1506205248,22130971,0.07542990,4.70917200,0
1506205246,22130970,0.07529434,0.20163804,1
1506205048,22130885,0.07529434,0.14669000,1
1506204935,22130831,0.07529476,4.82173666,1
1506204935,22130830,0.07529477,3.59826334,1
1506204903,22130821,0.07529464,0.02585470,1
1506204903,22130820,0.07529468,0.12083530,1
1506204880,22130807,0.07529463,0.14669000,1
1506204558,22130598,0.07529387,0.31431597,1
1506204550,22130597,0.07529373,0.50000000,1
1506204543,22130596,0.07529345,0.50000000,1
1506204537,22130585,0.07529331,0.50000000,1
1506204531,22130584,0.07529317,0.50000000,1
1506204524,22130579,0.07529289,0.50000000,1
1506204518,22130573,0.07529261,0.50000000,1
1506204511,22130571,0.07529233,0.50000000,1
1506204505,22130566,0.07529219,0.50000000,1
1506204497,22130555,0.07529188,0.50000000,1
1506204491,22130553,0.07529161,0.50000000,1
1506204484,22130550,0.07529132,0.50000000,1
1506204480,22130549,0.07529118,0.50000000,1
1506204475,22130547,0.07529088,0.50000000,1
1506204468,22130543,0.07529060,0.50000000,1
1506204463,22130537,0.07529033,0.50000000,1
1506204458,22130534,0.07529018,0.50000000,1
1506204451,22130530,0.07528987,0.50000000,1
1506204445,22130527,0.07528956,0.50000000,1
1506204438,22130525,0.07528926,0.50000000,1
1506204432,22130524,0.07528897,0.50000000,1
1506204426,22130523,0.07528884,0.50000000,1
1506204420,22130521,0.07528882,0.50000000,1
1506204414,22130520,0.07528880,0.50000000,1
1506204407,22130516,0.07528878,0.50000000,1
1506204400,22130513,0.07528874,0.50000000,1
1506204395,22130511,0.07528871,0.25915340,1
1506204395,22130510,0.07528872,0.24084660,1
1506204389,22130508,0.07528870,0.50000000,1
1506204384,22130506,0.07528867,0.50000000,1
1506204379,22130504,0.07528864,0.50000000,1
1506204369,22130503,0.07528860,0.01998599,1
1506204369,22130502,0.07528861,0.48001401,1
1506204360,22130495,0.07528854,0.50000000,1
1506204354,22130494,0.07528849,0.50000000,1
1506204348,22130493,0.07528844,0.50000000,1
1506204128,22130390,0.07528153,2.00000000,1
1506204120,22130388,0.07543000,0.30000000,0
1506203930,22130257,0.07543000,0.62931988,0
1506203930,22130256,0.07540000,0.00000532,0
1506203913,22130247,0.07540000,0.44999468,0
1506203913,22130244,0.07540000,0.27006632,0
1506203845,22130214,0.07540000,0.22993368,0
1506203709,22130102,0.07520928,0.22979670,1
1506203624,22130074,0.07539998,8.31542051,0
1506203393,22129924,0.07539999,0.95000000,0
1506203392,22129923,0.07539999,0.15480286,0
1506203392,22129922,0.07539998,0.99050357,0
1506203280,22129847,0.07539958,1.00000000,0
1506203279,22129846,0.07529003,0.82553400,1
1506203176,22129805,0.07529005,0.07325500,1
1506203166,22129799,0.07529003,0.00003921,1
1506203166,22129798,0.07529005,0.20366679,1
1506203160,22129791,0.07539974,0.22997049,0
1506203057,22129766,0.07531588,1.45687311,0
1506202960,22129731,0.07529003,9.43002200,1
1506202955,22129730,0.07529003,3.81938100,1
1506202842,22129704,0.07529002,1.33739191,1
1506202833,22129703,0.07529002,0.10901900,1
1506202809,22129695,0.07529002,0.27000000,1
1506202807,22129693,0.07529002,12.35033000,1
1506202807,22129692,0.07531588,0.22993822,0
1506202799,22129684,0.07531588,0.23000000,0
1506202773,22129678,0.07529002,0.68947321,1
1506202770,22129676,0.07529002,0.12439100,1
1506202769,22129675,0.07529002,1.24999500,1
1506202766,22129669,0.07529002,2.02524400,1
1506202765,22129668,0.07529002,1.57518200,1
1506202764,22129666,0.07529002,2.10157900,1
1506202762,22129665,0.07529002,0.51858272,1
1506202756,22129664,0.07529002,0.95784892,1
1506202755,22129662,0.07529002,0.26572200,1
1506202751,22129659,0.07529002,0.02518710,1
1506202751,22129658,0.07529003,3.75475084,1
1506202740,22129655,0.07531589,0.22993819,0
1506202739,22129653,0.07529003,1.47643165,1
1506202736,22129650,0.07531590,0.23000000,0
1506202728,22129646,0.07529002,4.73778687,1
1506202728,22129645,0.07529002,6.50751955,1
1506202725,22129643,0.07529002,10.42736700,1
1506202722,22129641,0.07529002,8.57284204,1
1506202722,22129640,0.07529003,4.14889602,1
1506202644,22129603,0.07523000,0.00000506,0
1506202634,22129587,0.07523000,0.16412600,0
1506202549,22129520,0.07523040,0.09000000,1
1506202501,22129507,0.07539170,0.20000000,0
1506202392,22129484,0.07523013,0.35000000,1
1506202142,22129349,0.07539300,2.33000000,0
1506202140,22129346,0.07536097,2.67000000,0
1506202099,22129315,0.07530200,0.00000011,0
1506202098,22129313,0.07530200,4.99999989,0
1506202098,22129312,0.07520400,0.00000511,0
1506202088,22129310,0.07520169,0.05141978,1
1506202088,22129309,0.07520169,0.08148471,1
1506202087,22129307,0.07520400,0.39990700,0
1506201806,22129168,0.07520400,0.18464344,1
1506201806,22129167,0.07521000,0.13280000,1
1506201623,22129106,0.07535999,0.68371000,0
1506200870,22128729,0.07529000,1.25257800,0
1506200869,22128726,0.07529000,1.19537787,0
1506200864,22128709,0.07520000,7.66336200,0
1506200863,22128703,0.07520000,0.23030000,0
1506200855,22128696,0.07520000,0.62633800,0
1506200853,22128689,0.07520000,0.23000000,0
1506200845,22128666,0.07520000,1.25000000,0
1506200726,22128580,0.07513648,2.49561863,0
1506200717,22128577,0.07513000,0.24489551,1
1506200316,22128451,0.07504300,4.99999987,1
1506200316,22128450,0.07504304,0.22996713,1
1506200192,22128421,0.07522000,0.23000000,0
1506200175,22128414,0.07506203,0.66157310,1
1506200128,22128393,0.07508100,2.54437500,1
1506200066,22128375,0.07511200,1.21937800,1
1506200056,22128373,0.07512000,0.47500000,1
1506200039,22128356,0.07511401,1.67421357,1
1506200038,22128349,0.07511400,1.70000000,1
1506200033,22128331,0.07511600,1.06753968,1
1506199978,22128282,0.07528423,8.23202256,0
1506199678,22128120,0.07528495,0.39749219,0
1506199664,22128108,0.07511100,0.77278600,1
1506199664,22128107,0.07511101,2.67000000,1
1506199637,22128102,0.07523358,6.76192824,0
1506199636,22128100,0.07523356,13.58892919,0
1506199292,22127948,0.07510300,2.33000000,1
1506199291,22127947,0.07510300,2.67000000,1
1506199249,22127934,0.07511900,5.00000000,1
1506199249,22127933,0.07511901,0.22995275,1
1506199224,22127922,0.07513100,2.54902300,1
1506199224,22127921,0.07513100,2.45097700,1
1506199144,22127892,0.07524083,1.80000000,0
1506199131,22127889,0.07524084,0.14635448,0
1506198909,22127846,0.07510001,0.14684914,1
1506198421,22127617,0.07517300,1.24999500,1
1506198269,22127515,0.07529113,4.76852703,1
1506198269,22127514,0.07529116,4.61268138,0
1506198268,22127513,0.07529116,6.02775849,0
1506198268,22127512,0.07529113,2.00349700,0
1506198267,22127511,0.07540000,4.61268151,1
1506198267,22127510,0.07540000,2.00349600,1
1506198267,22127509,0.07540000,0.08274000,1
1506198264,22127506,0.07540000,4.23140650,1
1506198263,22127505,0.07538246,7.75995035,0
1506198263,22127504,0.07536200,5.00000000,0
1506198262,22127503,0.07536199,2.10572564,0
1506198262,22127502,0.07529112,74.20400000,0
1506198185,22127466,0.07529115,2.00000000,0
1506198067,22127377,0.07512816,2.33704400,0
1506198064,22127373,0.07512816,2.30692300,1
1506198022,22127320,0.07516301,1.25155800,1
1506197990,22127276,0.07516300,0.26570900,1
1506197979,22127266,0.07529298,0.49946197,0
1506197948,22127231,0.07529300,4.39446081,0
1506197948,22127228,0.07524997,3.18759516,0
1506197947,22127225,0.07524997,24.41485583,0
1506197945,22127219,0.07524997,3.18754901,0
1506197940,22127191,0.07525000,0.47430000,1
1506197940,22127185,0.07525699,0.15776816,0
1506197940,22127182,0.07525000,0.47430000,0
1506197939,22127179,0.07524999,2.07667689,0
1506197839,22127084,0.07519796,1.00192062,0
1506197767,22127030,0.07505400,4.29916400,1
1506197767,22127029,0.07506000,0.47430000,1
1506197750,22127024,0.07505406,0.70172523,0
1506197571,22126939,0.07519878,3.31620718,0
1506197385,22126867,0.07519939,3.27015671,0
1506197367,22126843,0.07519945,0.26529605,0
1506197224,22126747,0.07519981,18.88093876,0
1506197221,22126735,0.07519983,3.07136332,0
1506197145,22126653,0.07518000,0.47340000,0
1506197071,22126525,0.07507226,0.47340000,0
1506197048,22126503,0.07507304,0.08274000,1
1506196835,22126360,0.07519997,1.29764542,1
1506196834,22126359,0.07519997,3.12418334,0
1506196704,22126279,0.07521123,0.82068908,0
1506196660,22126244,0.07508303,3.76936157,0
1506196660,22126242,0.07509252,0.23063843,1
1506196647,22126223,0.07508200,2.03624800,1
1506196647,22126221,0.07510000,0.47340000,1
1506196633,22126200,0.07525969,2.00000000,0
1506196576,22126141,0.07516047,1.75364500,1
1506196574,22126138,0.07516048,0.91635493,1
1506196513,22126096,0.07516020,0.07000000,1
1506196390,22125926,0.07527900,5.00000000,0
1506196388,22125924,0.07527394,5.47520100,0
1506196366,22125911,0.07527200,0.70580200,0
1506196280,22125785,0.07518900,5.00000000,0
1506196260,22125757,0.07517900,1.66324758,0
1506196251,22125750,0.07517100,2.68672400,0
1506196142,22125556,0.07512495,1.91566056,1
1506196140,22125547,0.07510000,0.08433944,0
1506196125,22125525,0.07495127,0.22999500,1
1506195697,22125254,0.07511000,1.50947250,1
1506195696,22125253,0.07511000,0.24537026,1
1506195695,22125249,0.07511000,0.24515724,1
1506195688,22125247,0.07494006,3.00000000,1
1506195502,22125154,0.07493003,0.12562900,1
1506195478,22125148,0.07491604,3.52356100,1
1506195475,22125144,0.07491601,0.47460000,1
1506195433,22125115,0.07494003,0.06957300,1
1506195426,22125109,0.07497000,0.47460000,1
1506195121,22124922,0.07512900,2.00000000,0
1506195112,22124919,0.07511200,5.00000000,0
1506195101,22124913,0.07510000,6.23049588,0
1506195101,22124912,0.07509999,4.93250783,0
1506194991,22124814,0.07491025,0.93194885,1
1506194980,22124807,0.07508300,3.26792400,0
1506194968,22124806,0.07507797,8.57247901,0
1506194911,22124787,0.07505197,1.55503207,1
1506194810,22124759,0.07510000,13.76950412,0
1506194809,22124758,0.07501778,7.29400000,1
1506194809,22124757,0.07494900,5.00000000,0
1506194807,22124756,0.07492000,0.54977922,0
1506194777,22124742,0.07492000,10.22800000,0
1506194710,22124732,0.07492000,0.15026000,0
1506194668,22124707,0.07492000,1.20080100,0
1506194666,22124703,0.07492000,9.55000000,0
1506194660,22124684,0.07492000,0.38722250,0
1506194659,22124674,0.07492000,0.35498622,0
1506194657,22124667,0.07492000,1.56612712,0
1506194648,22124612,0.07491997,1.20080133,0
1506194308,22124417,0.07472006,0.09607000,1
1506193911,22124296,0.07491429,8.29352771,0
1506193769,22124256,0.07474170,2.67000000,1
1506193370,22124089,0.07485664,3.45891609,0
1506193364,22124088,0.07485679,3.94808197,0
1506193364,22124087,0.07485675,1.63090134,0
1506193152,22124006,0.07485973,1.80000000,0
1506192840,22123864,0.07488388,3.00000000,0
1506192774,22123817,0.07479200,4.99999955,1
1506192774,22123816,0.07480892,0.84883339,1
1506192774,22123815,0.07486000,0.21142206,1
1506192635,22123764,0.07486000,8.04500000,1
1506192588,22123752,0.07486000,5.99734900,1
1506192574,22123746,0.07486000,9.73340500,1
1506192558,22123738,0.07486006,13.53459510,1
1506192207,22123626,0.07485741,1.04924800,1
1506192206,22123619,0.07485740,0.20073000,1
1506192016,22123553,0.07494100,0.05810185,1
1506192015,22123552,0.07495100,0.12535485,1
1506192009,22123548,0.07495100,0.33699500,1
1506192000,22123542,0.07511928,3.50000000,0
1506191880,22123465,0.07511980,1.00000000,0
1506191761,22123372,0.07509564,1.00000000,0
1506191571,22123303,0.07509612,17.09026329,0
1506191571,22123302,0.07509609,9.50503764,0
1506191301,22123130,0.07495100,0.38100000,1
1506191300,22123127,0.07495101,1.29397734,0
1506191300,22123125,0.07495101,0.18185366,1
1506191296,22123116,0.07495101,0.18185366,1
1506191288,22123107,0.07495101,0.13999150,1
1506191263,22123090,0.07495101,0.33692400,0
1506191235,22123076,0.07500000,8.53995957,0
1506191229,22123068,0.07492000,0.00004015,0
1506191227,22123062,0.07492000,4.85190580,0
1506191226,22123061,0.07495000,7.83451400,1
1506191226,22123060,0.07495001,2.67000000,1
1506191163,22123031,0.07495000,0.16548600,1
1506191127,22123020,0.07492007,0.25648400,1
1506190951,22122960,0.07500997,2.00000000,0
1506190898,22122912,0.07501000,0.46000000,0
1506190778,22122845,0.07499000,0.06900000,0
1506190777,22122842,0.07499000,0.23000000,0
1506190661,22122765,0.07517200,2.67000000,1
1506190658,22122762,0.07517200,0.11592100,1
1506190657,22122761,0.07517200,0.14768900,1
1506190649,22122756,0.07521600,1.30573800,1
1506190649,22122755,0.07521600,2.38852400,1
1506190647,22122754,0.07521600,1.30573800,1
1506190640,22122748,0.07522100,0.82622900,1
1506190356,22122680,0.07539228,0.70291800,0
1506190207,22122623,0.07526456,0.67500000,1
1506190157,22122552,0.07526394,6.57487026,1
1506190156,22122549,0.07526394,2.00810058,1
1506190154,22122548,0.07526390,0.21324200,1
1506190154,22122546,0.07526393,1.20597600,1
1506189974,22122473,0.07534267,3.55105546,0
1506189913,22122433,0.07524984,1.36999500,0
1506189760,22122352,0.07524929,1.10310676,1
1506189758,22122351,0.07524932,1.24998200,0
1506189740,22122322,0.07524925,1.24994137,1
1506189728,22122307,0.07524925,1.61725500,1
1506189652,22122256,0.07511418,9.90935089,0
1506189652,22122254,0.07511418,3.73104494,1
1506189652,22122253,0.07525700,5.00000000,1
1506189652,22122252,0.07527000,0.29900000,1
1506189565,22122192,0.07529000,2.26100054,1
1506189429,22122103,0.07539683,1.80000000,0
1506189381,22122088,0.07526703,2.65266466,1
1506189320,22122059,0.07533001,0.47000000,0
1506189319,22122058,0.07532000,0.17148434,1
1506189319,22122056,0.07532000,0.47000000,1
1506189319,22122055,0.07532000,0.47000000,1
1506189307,22122044,0.07533001,1.72554964,1
1506189306,22122042,0.07533001,0.47222518,1
1506189306,22122040,0.07533001,0.47222518,1
1506188991,22121908,0.07534800,5.00000000,1
1506188850,22121838,0.07544699,15.59304061,0
1506188846,22121825,0.07544699,18.34600000,0
1506188833,22121777,0.07544699,0.35547264,0
1506188828,22121762,0.07544699,0.23000000,0
1506188724,22121673,0.07544699,9.58970000,0
1506188704,22121608,0.07527400,0.47023700,1
1506188684,22121601,0.07537997,1.90798100,0
1506188684,22121600,0.07537000,0.09201900,0
1506188438,22121517,0.07539998,0.07000000,0
1506188406,22121492,0.07528000,0.09201900,1
1506188396,22121478,0.07526900,3.40665500,1
1506188396,22121476,0.07530000,0.20000000,1
1506188219,22121412,0.07549880,0.29164092,0
1506188219,22121410,0.07545472,3.36771274,0
1506188218,22121408,0.07540000,0.61849588,0
1506188218,22121407,0.07539999,74.12600000,0
1506188218,22121406,0.07535988,0.50000000,0
1506188218,22121405,0.07535988,3.00000000,1
1506188217,22121404,0.07535100,5.00000000,1
1506188217,22121403,0.07534000,2.00000000,0
1506188217,22121402,0.07534000,0.90000000,1
1506188215,22121400,0.07533999,8.23776496,0
1506188134,22121359,0.07534998,0.33149445,0
1506188048,22121309,0.07532000,1.99999500,0
1506187930,22121186,0.07523000,2.00000000,0
1506187725,22120947,0.07512100,0.52205200,1
1506187724,22120945,0.07512100,0.13120500,1
1506187597,22120878,0.07512001,0.00253506,1
1506187597,22120877,0.07512001,0.13058527,1
1506187529,22120817,0.07520000,1.59960500,0
1506187528,22120816,0.07520000,0.00000500,0
1506187497,22120778,0.07520000,3.99999500,0
1506187454,22120761,0.07511500,0.16548000,1
1506187436,22120751,0.07511500,0.15601000,1
1506187425,22120746,0.07519748,34.13132820,0
1506187326,22120735,0.07519749,2.50000000,0
1506187241,22120704,0.07510101,0.07523302,1
1506187205,22120695,0.07519500,2.00000000,0
1506187058,22120665,0.07519900,0.18018431,0
1506187035,22120658,0.07506398,0.41681600,1
1506186998,22120628,0.07506354,0.10756000,1
1506186996,22120626,0.07506353,0.13322675,1
1506186965,22120616,0.07506295,1.35028506,1
1506186938,22120606,0.07506253,4.75660500,1
1506186928,22120601,0.07506237,2.26902200,1
1506186759,22120525,0.07518000,5.00000000,0
1506186745,22120523,0.07516000,5.00000000,0
1506186717,22120516,0.07512400,5.00000000,0
1506186717,22120515,0.07510000,0.50526870,0
1506186691,22120505,0.07510000,7.18819700,0
1506186690,22120504,0.07510000,2.30653430,0
1506186690,22120503,0.07509999,0.10826870,0
1506186401,22120389,0.07496098,0.70614702,1
1506186315,22120335,0.07509800,0.17297398,0
1506186080,22120217,0.07500000,3.60000000,0
1506186080,22120216,0.07500000,25.33845455,0
1506186050,22120156,0.07500000,1.89860000,0
1506186041,22120152,0.07500000,8.24400000,0
1506186029,22120142,0.07500000,1.01000000,0
1506186028,22120141,0.07500000,6.74577000,0
1506186009,22120123,0.07500000,33.14543100,0
1506186006,22120120,0.07500000,11.41018400,0
1506186006,22120119,0.07500000,9.31282300,0
1506186006,22120118,0.07499700,0.94520400,0
1506186003,22120115,0.07499700,4.05479600,0
1506185975,22120106,0.07497200,0.36617700,0
1506185971,22120105,0.07497200,4.08976865,0
1506185971,22120104,0.07497199,1.80205435,0
1506185952,22120089,0.07497099,1.80000000,0
1506185522,22119818,0.07496693,1.13408900,1
1506185521,22119817,0.07496693,0.86591100,0
1506185207,22119668,0.07495499,1.48417500,0
1506185202,22119665,0.07494999,1.00000000,0
1506185196,22119660,0.07494000,0.30000000,0
1506185173,22119642,0.07476273,1.18387200,1
1506185173,22119640,0.07477000,0.30000000,1
1506185164,22119623,0.07495163,0.58581500,0
1506185163,22119622,0.07495000,0.12461400,0
1506185163,22119621,0.07494000,0.29900000,0
1506185057,22119580,0.07494000,0.35008600,0
1506185057,22119579,0.07493999,1.64991400,0
1506185023,22119567,0.07476102,19.70100000,1
1506185023,22119566,0.07477000,0.29900000,1
1506184995,22119527,0.07478400,0.25951400,1
1506184984,22119493,0.07471084,3.85952000,1
1506184984,22119491,0.07479300,1.40000000,1
1506184981,22119488,0.07479300,3.60000000,1
1506184959,22119475,0.07480700,5.00000000,1
1506184790,22119398,0.07499999,1.68246200,0
1506184776,22119383,0.07481600,0.13366125,1
1506184771,22119378,0.07484000,0.47470000,1
1506184709,22119326,0.07499999,0.07980041,0
1506184621,22119309,0.07482200,5.00000000,1
1506184534,22119294,0.07500000,2.89473745,0
1506184534,22119293,0.07500000,0.19620211,0
1506184534,22119292,0.07500000,8.05293444,0
1506184527,22119291,0.07500000,2.36697600,0
1506184516,22119285,0.07500000,3.82816800,0
1506184488,22119266,0.07500000,3.82005200,0
1506184451,22119251,0.07500000,4.66713200,0
1506184451,22119250,0.07500000,8.00000000,0
1506184439,22119242,0.07499999,0.39358681,0
1506184433,22119238,0.07500000,0.11000000,0
1506184433,22119237,0.07500000,0.62000000,0
1506184432,22119236,0.07500000,25.74316405,0
1506184432,22119234,0.07499999,0.39358681,0
1506184322,22119201,0.07500000,16.94595600,0
1506184303,22119197,0.07487299,0.06700000,1
1506184298,22119192,0.07487296,0.10578000,1
1506184292,22119184,0.07487294,0.15012200,1
1506184289,22119179,0.07487292,0.10570627,1
1506184280,22119175,0.07500000,1.76859271,0
1506184185,22119114,0.07499999,0.44123500,0
1506184140,22119106,0.07500000,22.33420351,0
1506184140,22119105,0.07499999,0.55063249,0
1506184129,22119104,0.07500000,5.61066200,0
1506184128,22119102,0.07500000,0.09975000,0
1506184125,22119101,0.07500000,1.00000000,0
1506184118,22119087,0.07499999,0.80471187,0
1506184073,22119057,0.07500000,1.61024869,0
1506184073,22119056,0.07499999,0.95609331,0
1506184012,22119034,0.07500000,1.17849986,0
1506183995,22119031,0.07500000,10.30650883,0
1506183994,22119030,0.07499999,1.13595245,0
1506183994,22119029,0.07499998,0.90073459,0
1506183899,22118939,0.07487108,0.22999495,1
1506183885,22118930,0.07487101,0.44013300,1
1506183854,22118915,0.07500000,78.21825206,0
1506183853,22118914,0.07499999,1.34964648,0
1506183853,22118913,0.07499998,1.51063646,0
1506183845,22118907,0.07487082,0.14099500,1
1506183817,22118899,0.07487067,1.39506300,1
1506183760,22118873,0.07500000,1.80000000,0
1506183712,22118853,0.07487014,1.26362000,1
1506183709,22118852,0.07487013,1.39591000,1
1506183709,22118850,0.07487013,2.39112702,1
1506183707,22118845,0.07487012,1.26362000,1
1506183672,22118825,0.07486067,0.47470000,1
1506183672,22118824,0.07486067,2.08929000,1
1506183672,22118823,0.07486067,0.41349600,1
1506183402,22118699,0.07482214,1.13926900,1
1506183401,22118696,0.07500000,249.60266069,0
1506183401,22118695,0.07500000,0.13582516,0
1506183401,22118694,0.07500000,0.55000000,0
1506183401,22118693,0.07500000,1.00000000,0
1506183401,22118692,0.07500000,0.37000000,0
1506183401,22118691,0.07500000,7.00000000,0
1506183400,22118690,0.07500000,2.98218675,0
1506183400,22118689,0.07499999,1.90777740,0
1506183400,22118688,0.07499999,0.31855000,0
1506183400,22118687,0.07499900,1.00000000,0
1506183400,22118686,0.07499899,18.76300000,0
1506183400,22118685,0.07497000,10.00000000,0
1506183400,22118684,0.07496999,2.67000000,0
1506183333,22118652,0.07495780,0.18861608,0
1506183303,22118607,0.07481904,1.91375739,1
1506183303,22118606,0.07481904,0.59304799,1
1506183303,22118605,0.07485000,0.00000001,1
1506183284,22118579,0.07495790,0.29868866,0
1506183280,22118569,0.07495792,0.23420570,0
1506183280,22118566,0.07495792,0.19164083,0
1506183271,22118547,0.07495795,0.06656718,0
1506183271,22118546,0.07489066,0.05848968,0
1506183265,22118507,0.07489066,0.44151032,0
1506183227,22118440,0.07485000,1.32482400,1
1506183144,22118378,0.07485000,0.17434200,1
1506183126,22118372,0.07485000,0.90390796,1
1506183095,22118347,0.07485999,2.00000000,0
1506183034,22118301,0.07485999,0.32991781,0
1506183034,22118300,0.07485000,0.08413514,0
1506182958,22118245,0.07470001,1.00000000,1
1506182950,22118239,0.07484000,1.54999700,0
1506182949,22118238,0.07483999,0.22716949,0
1506182658,22118105,0.07480100,4.69267059,0
1506182658,22118104,0.07479595,4.66630841,0
1506182658,22118103,0.07479000,0.47400000,0
1506182658,22118102,0.07478999,1.66105000,0
1506182491,22118023,0.07465153,2.52999500,1
1506182411,22117968,0.07465153,9.52600000,1
1506182411,22117967,0.07466000,0.47400000,1
1506182402,22117958,0.07465153,10.00000000,1
1506182393,22117955,0.07465153,10.00000000,1
1506182384,22117950,0.07465153,10.00000000,1
1506182373,22117948,0.07465153,10.00000000,1
1506182365,22117945,0.07465152,10.00000000,1
1506182352,22117942,0.07465145,7.33000000,1
1506182352,22117941,0.07471204,2.67000000,1
1506182175,22117884,0.07488496,1.71908000,0
1506182175,22117883,0.07481187,0.28092000,0
1506182084,22117871,0.07471200,4.99999999,0
1506182084,22117870,0.07471199,5.68953601,0
1506182009,22117855,0.07453700,5.00000000,1
1506181952,22117837,0.07459000,2.93977399,1
1506181952,22117836,0.07459000,1.66105000,1
1506181949,22117832,0.07459000,5.68953601,1
1506181949,22117831,0.07459000,19.21585400,1
1506181949,22117830,0.07459000,2.52999500,1
1506181946,22117827,0.07459000,21.74297200,1
1506181943,22117823,0.07459000,28.24230600,1
1506181929,22117805,0.07459000,1.66105000,1
1506181929,22117804,0.07459000,11.75198800,1
1506181927,22117798,0.07459000,6.14843800,1
1506181927,22117797,0.07459000,3.21507300,1
1506181925,22117793,0.07459000,4.48738800,1
1506181924,22117792,0.07459000,3.14991300,1
1506181924,22117789,0.07459003,4.48738800,1
1506181923,22117788,0.07459000,14.93263300,1
1506181922,22117785,0.07459000,3.69999500,1
1506181921,22117778,0.07459000,0.28770000,1
1506181921,22117776,0.07459000,4.19751200,1
1506181919,22117775,0.07459000,13.41682300,1
1506181867,22117749,0.07461600,4.96582900,1
1506181608,22117587,0.07465901,1.39681233,1
1506181588,22117567,0.07482216,4.99655976,1
1506181586,22117562,0.07482216,0.28092000,0
1506181586,22117561,0.07482216,2.54689287,0
1506181458,22117495,0.07478771,1.80000000,0
1506181348,22117469,0.07464000,0.16834000,1
1506181203,22117424,0.07460233,50.92201527,0
1506181202,22117423,0.07463136,0.16000000,1
1506181202,22117422,0.07463136,2.51498473,1
1506181185,22117414,0.07463136,0.15501527,1
1506181112,22117405,0.07463134,0.13399197,1
1506181043,22117382,0.07463105,0.75696000,1
1506181007,22117366,0.07463101,0.10000000,1
1506180956,22117336,0.07467000,0.08406735,1
1506180787,22117245,0.07471900,2.41372600,1
1506180724,22117202,0.07489064,1.91565600,0
1506180724,22117201,0.07480000,0.08434400,0
1506180671,22117156,0.07463325,0.23877790,0
1506180661,22117143,0.07467000,0.10000000,0
1506180438,22117051,0.07465500,5.00000000,1
1506180379,22116967,0.07479622,3.47123300,0
1506180366,22116940,0.07465603,0.18725800,1
1506180354,22116920,0.07479733,0.14032258,0
1506180345,22116911,0.07479775,0.37771028,0
1506180338,22116899,0.07479803,0.23000000,0
1506180285,22116814,0.07478796,0.19437168,0
1506180283,22116808,0.07478797,0.56614536,1
1506180255,22116768,0.07473298,2.74999500,0
1506180236,22116750,0.07463310,0.01834277,0
1506180226,22116734,0.07463310,0.33000000,0
1506180224,22116726,0.07463310,0.29842800,0
1506180224,22116723,0.07463310,13.35811700,0
1506180224,22116722,0.07463310,2.32427800,0
1506180213,22116709,0.07463310,1.79154400,0
1506180213,22116708,0.07463310,1.12346300,0
1506180213,22116707,0.07463310,12.23468600,0
1506180213,22116706,0.07463310,11.88035500,0
1506180208,22116700,0.07463310,1.75138026,0
1506180200,22116693,0.07463310,18.35646650,1
1506180180,22116680,0.07470000,0.23000000,0
1506180176,22116675,0.07470000,0.14149400,0
1506180167,22116672,0.07470000,0.38829397,0
1506180138,22116651,0.07470000,0.17730400,0
1506180129,22116648,0.07470000,4.21778400,0
1506179916,22116565,0.07470000,1.80000000,0
1506179773,22116521,0.07470000,0.39992800,0
1506179719,22116468,0.07471990,78.88323550,1
1506179604,22116411,0.07471990,1.01936300,1
1506179562,22116385,0.07471990,1.50531400,1
1506179544,22116382,0.07471990,0.95658400,1
1506179521,22116366,0.07471990,72.42481900,1
1506179499,22116359,0.07471990,0.07745500,1
1506179495,22116357,0.07471990,0.43363916,1
1506179488,22116356,0.07471990,0.18576522,1
1506179487,22116355,0.07471990,0.88499800,1
1506179401,22116320,0.07480987,0.70000000,0
1506179302,22116290,0.07471990,0.83364500,1
1506179301,22116289,0.07471990,0.13403244,1
1506179298,22116286,0.07471990,0.25000000,0
1506179298,22116285,0.07470950,0.11114968,0
1506179198,22116254,0.07475000,1.61114968,0
1506179198,22116253,0.07472000,0.25000000,0
1506179198,22116252,0.07470000,0.13885032,0
1506179192,22116251,0.07465011,0.48268000,1
1506179171,22116245,0.07463317,0.14796000,1
1506179116,22116229,0.07472000,2.83530447,0
1506179079,22116208,0.07461055,0.20000000,1
1506179014,22116189,0.07458181,0.20000000,1
1506179005,22116186,0.07458139,0.20000000,1
1506178992,22116183,0.07468000,0.80142434,0
1506178988,22116180,0.07458056,0.20000000,1
1506178976,22116173,0.07467000,1.00191456,0
1506178968,22116168,0.07457042,0.06600000,1
1506178968,22116167,0.07458000,0.13400000,1
1506178951,22116131,0.07455544,0.14807000,1
1506178939,22116128,0.07469397,0.28471600,0
1506178927,22116114,0.07452001,0.14810000,1
1506178921,22116110,0.07451013,0.14810000,1
1506178916,22116109,0.07450032,0.17690000,1
1506178901,22116094,0.07463000,0.47486756,0
1506178899,22116092,0.07448903,0.24419878,1
1506178882,22116077,0.07465797,0.46225800,0
1506178574,22115919,0.07447123,0.20000000,1
1506178567,22115916,0.07447096,0.14837000,1
1506178546,22115913,0.07445048,0.11922000,1
1506178509,22115904,0.07457697,2.53888100,0
1506178500,22115903,0.07458099,0.30161064,0
1506178495,22115902,0.07439093,0.13483513,1
1506178490,22115901,0.07456862,6.45349300,0
1506178366,22115865,0.07445500,0.41697200,0
1506178324,22115854,0.07427092,0.37248944,1
1506178316,22115851,0.07427064,0.50000000,1
1506178287,22115844,0.07425815,0.20000000,1
1506178277,22115824,0.07425811,0.20000000,1
1506178248,22115812,0.07426000,0.14557647,1
1506178243,22115811,0.07426000,0.32932353,1
1506178239,22115810,0.07442000,1.43068516,0
1506178239,22115809,0.07425007,0.24521202,1
1506178233,22115808,0.07424028,0.50000000,1
1506178232,22115807,0.07443579,4.30850989,0
1506178229,22115805,0.07424014,0.50000000,1
1506178225,22115804,0.07422913,0.50000000,1
1506178221,22115802,0.07432100,0.18805497,1
1506178217,22115801,0.07432100,0.50000000,1
1506178211,22115799,0.07432100,0.20000000,1
1506178211,22115798,0.07432500,4.86560000,0
1506178209,22115797,0.07432100,0.13444237,1
1506178202,22115794,0.07431697,1.07900000,1
1506178201,22115793,0.07433000,0.13440000,1
1506178195,22115792,0.07431697,0.20000000,1
1506178195,22115791,0.07428668,0.20000000,0
1506178170,22115786,0.07427000,0.19995763,0
1506178169,22115784,0.07413000,0.20000000,1
1506178162,22115781,0.07428000,0.30093221,0
1506178122,22115761,0.07422000,2.75000000,0
1506178120,22115759,0.07422000,2.75000000,0
1506178120,22115758,0.07421000,0.47490000,0
1506178100,22115753,0.07422998,0.25205612,0
1506178100,22115752,0.07422998,0.10424688,0
1506177775,22115615,0.07406004,0.02510000,1
1506177775,22115614,0.07407000,0.47490000,1
1506177753,22115610,0.07420000,5.00000000,0
1506177753,22115608,0.07419000,0.20000000,0
1506177753,22115607,0.07418610,0.20000000,0
1506177662,22115570,0.07410000,1.00000000,0
1506177552,22115519,0.07407000,0.30100000,1
1506177489,22115501,0.07408000,0.20000000,1
1506177417,22115482,0.07412000,0.30100000,0
1506177289,22115452,0.07394001,1.14400000,1
1506177289,22115450,0.07394001,1.36000000,1
1506177254,22115440,0.07394001,5.39252000,1
1506177248,22115431,0.07394001,36.39597000,1
1506177243,22115422,0.07394002,1.82155832,1
1506177243,22115421,0.07395000,0.30100000,1
1506176943,22115292,0.07408000,3.00000000,0
1506176919,22115284,0.07394002,0.61343600,1
1506176916,22115281,0.07407493,53.92926797,0
1506176899,22115274,0.07407498,1.80000000,0
1506176885,22115271,0.07394001,0.17778700,1
1506176883,22115270,0.07407500,1.17926000,0
1506176875,22115264,0.07394001,63.82935737,1
1506176875,22115263,0.07394002,0.54201663,1
1506176863,22115258,0.07394002,2.26266054,1
1506176855,22115257,0.07394005,4.61502970,1
1506176845,22115247,0.07404197,2.75320875,1
1506176841,22115242,0.07394004,0.42260900,1
1506176770,22115205,0.07391900,0.25861500,0
1506176769,22115199,0.07391900,4.74138500,0
1506176759,22115189,0.07404402,4.74138512,0
1506176758,22115188,0.07388500,2.42000827,0
1506176758,22115187,0.07388500,3.95856073,0
1506176755,22115184,0.07388500,5.00000000,1
1506176749,22115179,0.07394000,0.01786974,1
1506176739,22115173,0.07404416,0.56503598,0
1506176737,22115171,0.07404417,1.81506470,0
1506176581,22115112,0.07404665,0.52735100,0
1506176571,22115098,0.07404669,1.22257400,0
1506176374,22115011,0.07394000,0.45992697,1
1506176362,22115004,0.07394000,0.17654100,1
1506176332,22114987,0.07394000,0.34566229,1
1506176329,22114982,0.07394001,2.75000000,1
1506176205,22114928,0.07387709,0.65970377,1
1506176040,22114857,0.07394742,2.75000000,1
1506176011,22114849,0.07405996,4.48618780,0
1506176010,22114848,0.07405000,0.30100000,0
1506176005,22114839,0.07394737,0.13523198,1
1506175947,22114815,0.07394704,1.99998648,1
1506175945,22114810,0.07394703,1.99993158,0
1506175817,22114724,0.07412797,2.00000000,0
1506175781,22114710,0.07403201,5.00000000,1
1506175754,22114701,0.07409900,0.37293300,1
1506175713,22114690,0.07422000,5.93943237,1
1506175713,22114687,0.07422000,14.83478400,1
1506175689,22114681,0.07422000,0.31927000,1
1506175669,22114671,0.07422000,0.20300000,1
1506175667,22114670,0.07422000,1.91492400,1
1506175639,22114664,0.07422000,0.32831200,1
1506175627,22114656,0.07422000,0.32257500,1
1506175586,22114597,0.07422000,2.41263000,1
1506175562,22114593,0.07422000,0.07600000,1
1506175550,22114591,0.07422000,0.19000000,1
1506175539,22114590,0.07422000,0.11500000,1
1506175533,22114589,0.07422000,0.57463300,1
1506175531,22114586,0.07422000,1.01722200,1
1506175527,22114585,0.07422000,1.01607100,1
1506175513,22114582,0.07422000,0.74600000,1
1506175500,22114567,0.07422000,0.11671200,1
1506175498,22114566,0.07422000,0.11784428,1
1506175492,22114563,0.07422000,8.72617100,1
1506175466,22114557,0.07422000,0.11500000,1
1506175459,22114554,0.07422000,29.72668600,1
1506175453,22114550,0.07422000,17.10952900,1
1506175446,22114549,0.07422000,0.10085500,1
1506175405,22114508,0.07422000,0.07548600,1
1506175395,22114501,0.07422000,0.27562515,1
1506175383,22114496,0.07422000,63.33133820,1
1506175383,22114495,0.07422106,7.35332980,1
1506175361,22114484,0.07429000,4.54676600,1
1506175359,22114482,0.07422800,0.17267209,0
1506175359,22114481,0.07423004,0.10788991,1
1506175355,22114477,0.07439000,2.04867157,1
1506175344,22114457,0.07423007,0.47624600,1
1506175337,22114449,0.07440992,1.24993664,1
1506175335,22114445,0.07440992,1.25069295,0
1506175328,22114439,0.07441003,0.08274000,0
1506175327,22114434,0.07422015,5.49298500,1
1506175327,22114433,0.07431000,5.00000000,1
1506175320,22114420,0.07441009,3.04663801,1
1506175320,22114418,0.07441009,0.20831017,1
1506175319,22114414,0.07442500,5.00000000,1
1506175298,22114400,0.07450400,0.49999500,0
1506175293,22114395,0.07450300,0.00007900,0
1506175293,22114394,0.07450300,0.49992100,0
1506175285,22114390,0.07450241,2.75000000,1
1506175284,22114389,0.07450241,0.50000000,1
1506175011,22114254,0.07450430,2.00000000,0
1506175005,22114243,0.07450427,3.88474378,0
1506174896,22114172,0.07450547,0.96396197,0
1506174886,22114167,0.07433499,5.22992300,1
1506174866,22114143,0.07433468,0.57973938,1
1506174819,22114114,0.07433407,0.20000000,1
1506174763,22114081,0.07446999,0.93698180,0
1506174763,22114080,0.07446999,0.13459737,0
1506174734,22114059,0.07440700,5.00000000,0
1506174734,22114058,0.07432000,0.13285613,0
1506174666,22114032,0.07429566,0.13475000,1
1506174655,22114026,0.07429566,0.08274000,1
1506174530,22113928,0.07429500,0.35888000,1
1506174494,22113907,0.07429800,0.46470500,1
1506174476,22113898,0.07430000,0.17635600,1
1506174375,22113841,0.07431426,1.70784300,1
1506173969,22113559,0.07427303,1.95515114,1
1506173963,22113547,0.07427301,0.15221300,1
1506173957,22113546,0.07427427,1.75050041,1
1506173957,22113545,0.07427427,1.35606359,1
1506173956,22113544,0.07427433,0.99950000,1
1506173955,22113538,0.07427427,1.48863900,1
1506173944,22113531,0.07444598,0.28893946,0
1506173943,22113529,0.07437428,0.35553027,0
1506173941,22113527,0.07436628,0.35553027,0
1506173919,22113505,0.07427405,1.53759100,1
1506173910,22113499,0.07437000,3.46240900,1
1506173909,22113493,0.07437000,1.53759100,1
1506173901,22113485,0.07427000,0.13285613,1
1506173899,22113484,0.07437800,0.36714387,1
1506173898,22113480,0.07437800,0.45321577,1
1506173898,22113479,0.07437800,3.07553309,1
1506173897,22113477,0.07437800,0.52519000,1
1506173895,22113470,0.07437800,0.52438700,1
1506173894,22113469,0.07437800,0.05453027,1
1506173894,22113468,0.07438000,0.30100000,1
1506173833,22113412,0.07455464,6.46934403,0
1506173713,22113374,0.07450873,2.84520036,1
1506173681,22113333,0.07450892,0.86133900,0
1506173681,22113332,0.07450000,0.47140000,0
1506173669,22113322,0.07450893,1.71302300,0
1506173666,22113314,0.07444953,1.01915100,0
1506173589,22113231,0.07444983,0.78637490,0
1506173498,22113201,0.07437400,3.51612914,1
1506173487,22113196,0.07437900,0.37025534,1
1506173481,22113192,0.07437900,0.35628483,1
1506173472,22113189,0.07438991,0.35630581,1
1506173290,22113130,0.07438992,0.39093641,1
1506173280,22113119,0.07453973,1.80000000,0
1506173258,22113101,0.07439000,4.00000000,1
1506173237,22113085,0.07439000,3.99996405,0
1506173223,22113078,0.07438014,4.21707556,1
1506173221,22113076,0.07438013,4.30725500,1
1506173189,22113064,0.07438000,0.18573070,1
1506173189,22113063,0.07438000,0.79648613,1
1506173187,22113062,0.07419264,6.15822336,1
1506173187,22113061,0.07437002,3.68154204,1
1506173187,22113060,0.07438000,0.47140000,1
1506173178,22113045,0.07445600,1.85889832,1
1506173178,22113044,0.07445600,3.14110168,1
1506173177,22113042,0.07437002,2.75000000,1
1506173174,22113033,0.07437000,1.88812803,1
1506173173,22113031,0.07455596,1.25871000,1
1506173163,22113010,0.07497000,39.63941123,1
1506173162,22113001,0.07494000,0.10000000,0
1506173162,22113000,0.07493999,110.38500000,0
1506173162,22112999,0.07493999,0.35803795,1
1506173161,22112998,0.07491350,1.40000000,0
1506173161,22112997,0.07491349,28.72550351,0
1506173161,22112996,0.07491349,0.23341561,1
1506173160,22112995,0.07491349,3.23728177,1
1506173160,22112994,0.07462000,0.41692800,1
1506173160,22112993,0.07461040,0.20000000,0
1506173159,22112989,0.07456100,5.00000000,0
1506173159,22112987,0.07456100,1.47186400,1
1506173158,22112984,0.07455596,5.00571545,1
1506173157,22112982,0.07455596,70.80707500,0
1506172987,22112922,0.07435586,1.95368800,1
1506172952,22112915,0.07435543,0.49024000,1
1506172938,22112910,0.07435531,0.50000000,1
1506172924,22112878,0.07435520,0.14855000,1
1506172876,22112858,0.07434800,0.45265300,1
1506172846,22112847,0.07434000,0.41692800,1
1506172840,22112840,0.07434001,0.23341561,1
1506172827,22112834,0.07432003,0.20000000,1
1506172789,22112815,0.07440000,11.80628984,0
1506172769,22112814,0.07436200,5.00000000,0
1506172760,22112811,0.07436000,0.22800000,0
1506172760,22112810,0.07430000,13.57537736,0
1506172758,22112809,0.07430000,77.70000000,0
1506172747,22112805,0.07430000,19.92529900,0
1506172747,22112804,0.07430000,77.70000000,0
1506172738,22112801,0.07430000,77.70000000,0
1506172734,22112799,0.07429992,2.72085260,0
1506172734,22112798,0.07429979,21.90601000,0
1506172706,22112781,0.07414007,0.77072000,1
1506172705,22112776,0.07414006,0.24999500,1
1506172687,22112771,0.07414000,0.22800000,1
1506172686,22112770,0.07414001,0.22800569,1
1506172655,22112750,0.07410801,0.13493819,1
1506172623,22112739,0.07424999,0.00010713,0
1506172623,22112738,0.07418000,0.29988731,1
1506172621,22112737,0.07418000,0.00000556,0
1506172556,22112692,0.07418000,0.75389500,0
1506172521,22112670,0.07410399,2.75000000,0
1506172459,22112656,0.07410400,2.00834855,0
1506172448,22112648,0.07407000,0.30200000,0
1506172435,22112641,0.07402400,4.74580000,0
1506172432,22112640,0.07402400,0.12710000,0
1506172426,22112637,0.07398600,2.13998200,0
1506172421,22112632,0.07387019,1.12090000,1
1506172413,22112625,0.07387012,0.34280000,1
1506172412,22112624,0.07389003,1.12137300,0
1506172376,22112606,0.07391003,0.37362600,0
1506172322,22112537,0.07403299,1.60542017,0
1506172322,22112536,0.07401384,0.30507983,0
1506172312,22112530,0.07399400,4.80313300,0
1506172306,22112526,0.07399499,1.66234200,0
1506172304,22112522,0.07399499,1.87228600,0
1506172295,22112518,0.07383026,0.21241298,1
1506172284,22112476,0.07401114,1.09280000,0
1506172282,22112470,0.07400000,0.70000000,0
1506172281,22112464,0.07382216,2.67206268,1
1506172279,22112458,0.07383000,2.07089649,1
1506172260,22112400,0.07399500,2.75000000,0
1506172257,22112397,0.07398957,2.75000000,1
1506172246,22112390,0.07396900,2.25000000,0
1506172246,22112389,0.07396900,2.75000000,0
1506172242,22112387,0.07395600,5.00000000,0
1506172218,22112359,0.07394300,3.07590000,0
1506172218,22112358,0.07394300,1.92410000,0
1506172212,22112352,0.07391999,0.44494400,0
1506172207,22112345,0.07392000,0.12770000,0
1506172204,22112342,0.07392000,0.77143500,0
1506172194,22112333,0.07389000,1.68866000,1
1506172193,22112332,0.07389000,0.48690476,0
1506172193,22112331,0.07389000,1.68866000,0
1506172192,22112330,0.07389000,1.68523524,0
1506172192,22112328,0.07389000,1.13920000,0
1506172180,22112316,0.07383535,9.11596400,0
1506172172,22112278,0.07394187,1.91200000,0
1506172170,22112271,0.07394187,0.12750000,0
1506172169,22112270,0.07394187,9.16340900,0
1506172150,22112254,0.07394187,2.42800655,0
1506172022,22112134,0.07384000,0.09850500,1
1506172019,22112131,0.07384000,1.99999983,1
1506172019,22112130,0.07394000,0.00000017,1
1506171966,22112099,0.07394000,0.22659000,1
1506171966,22112098,0.07394400,0.98759000,1
1506171925,22112029,0.07384000,0.12397000,0
1506171919,22112021,0.07397873,1.54682300,0
1506171914,22112011,0.07397900,4.99999500,0
1506171874,22111940,0.07403396,11.14000000,0
1506171857,22111921,0.07393398,0.11347900,0
1506171834,22111905,0.07391800,2.00000000,0
1506171646,22111791,0.07383101,1.89870000,0
1506171473,22111659,0.07388000,0.30200000,1
1506171466,22111653,0.07388520,6.30761407,1
1506171463,22111645,0.07388000,0.47280000,0
1506171462,22111644,0.07356946,7.86255945,0
1506171462,22111643,0.07356946,0.12640000,0
1506171462,22111642,0.07356946,4.51381800,0
1506171461,22111641,0.07363554,0.20000000,0
1506171461,22111640,0.07365548,0.85035292,0
1506171461,22111639,0.07365548,5.00000000,0
1506171460,22111638,0.07369000,2.00000000,1
1506171460,22111636,0.07376192,7.38270056,0
1506171460,22111635,0.07376192,5.73364800,0
1506171460,22111634,0.07376192,1.07508600,0
1506171459,22111633,0.07380518,4.24143507,0
1506171459,22111632,0.07387100,5.00000000,1
1506171458,22111631,0.07388520,2.75000000,0
1506171458,22111630,0.07388520,10.66400000,1
1506171216,22111565,0.07404032,0.33939500,1
1506171168,22111543,0.07404032,0.98609200,1
1506171135,22111524,0.07404032,0.18758275,1
1506171108,22111518,0.07404032,0.50500000,1
1506171082,22111479,0.07408000,0.49389000,1
1506171078,22111475,0.07417994,1.93122542,1
1506171067,22111472,0.07417994,0.06877458,1
1506171034,22111448,0.07417994,4.15509696,0
1506171029,22111442,0.07417995,7.75309000,0
1506171026,22111435,0.07417997,7.42003434,0
1506171017,22111425,0.07417999,0.44995753,0
1506170962,22111402,0.07418707,1.34787100,0
1506170864,22111346,0.07405000,0.13386600,1
1506170862,22111345,0.07405000,0.33893400,1
1506170781,22111316,0.07413800,2.43728638,0
1506170780,22111314,0.07413611,2.75000000,0
1506170641,22111283,0.07413734,0.50000000,0
1506170582,22111274,0.07413874,6.00000000,0
1506170335,22111175,0.07414345,0.80924066,0
1506170332,22111172,0.07394404,0.90880185,0
1506170324,22111161,0.07394401,2.75000000,1
1506170322,22111157,0.07394400,0.51670163,1
1506170322,22111156,0.07394401,0.22995683,1
1506170227,22111117,0.07397204,0.53458240,1
1506170187,22111085,0.07411000,0.80971100,0
1506170175,22111079,0.07410000,8.50000000,0
1506170175,22111078,0.07410000,1.41447460,0
1506170170,22111076,0.07409999,5.22802968,0
1506170156,22111062,0.07410000,0.80971659,0
1506170103,22111022,0.07409999,2.25000000,1
1506170101,22111020,0.07409999,2.75000000,0
1506170034,22110996,0.07410000,2.93438200,0
1506169901,22110902,0.07395843,0.80983157,1
1506169775,22110787,0.07395811,0.33960000,1
1506169762,22110772,0.07408585,1.60404348,0
1506169761,22110771,0.07395811,8.47104300,1
1506169747,22110753,0.07408613,0.86695985,0
1506169724,22110732,0.07395811,3.76571000,1
1506169720,22110726,0.07395811,0.75613728,1
1506169699,22110700,0.07395808,1.19964152,1
1506169658,22110675,0.07395801,1.13038900,1
1506169657,22110670,0.07395801,0.42319800,1
1506169654,22110658,0.07395801,9.62914800,1
1506169642,22110633,0.07395801,0.75606365,1
1506169636,22110607,0.07395801,7.45855448,1
1506169636,22110606,0.07395801,0.42303532,1
1506169634,22110594,0.07395801,0.13522650,1
1506169622,22110576,0.07408892,0.33681400,0
1506169602,22110570,0.07408948,0.64483157,1
1506169600,22110569,0.07408948,0.16500000,1
1506169584,22110543,0.07409991,1.78705331,0
1506169583,22110542,0.07403023,0.00003418,0
1506169581,22110540,0.07401025,1.82795900,1
1506169580,22110538,0.07401025,2.95240000,1
1506169554,22110519,0.07401023,0.33890000,1
1506169549,22110506,0.07401023,0.75543453,1
1506169543,22110500,0.07401023,0.13511688,1
1506169527,22110484,0.07403023,0.80968263,0
1506169501,22110462,0.07410000,2.00791000,0
1506169499,22110458,0.07410000,0.12660000,0
1506169498,22110457,0.07410000,1.89720000,0
1506169498,22110455,0.07401023,0.66770346,1
1506169498,22110454,0.07402865,0.08770882,1
1506169495,22110445,0.07410000,0.80971681,0
1506169477,22110422,0.07401023,0.13511688,1
1506169473,22110417,0.07409999,1.42186000,0
1506169444,22110393,0.07409987,4.16966220,0
1506169321,22110326,0.07415829,5.00000000,0
1506169228,22110274,0.07401019,1.56107157,1
1506169227,22110270,0.07416000,15.02471035,0
1506169227,22110269,0.07415999,2.75000000,0
1506169212,22110226,0.07416000,18.27461329,0
1506169212,22110225,0.07415999,0.61267622,0
1506169212,22110224,0.07415998,1.01240100,0
1506169212,22110223,0.07414021,0.30100000,0
1506169212,22110221,0.07414021,0.08441949,0
1506169212,22110219,0.07414021,0.21495551,0
1506169176,22110139,0.07401019,0.23781300,1
1506169093,22110082,0.07400005,0.00000026,1
1506169092,22110081,0.07400005,0.80926074,0
1506169092,22110080,0.07400004,0.37721200,0
1506169077,22110076,0.07399005,1.38474353,1
1506169057,22110063,0.07414174,0.80926074,1
1506168979,22110030,0.07399005,8.48934618,1
1506168917,22109920,0.07408384,4.72400500,0
1506168917,22109919,0.07408384,0.27599500,0
1506168910,22109916,0.07408384,0.00000040,0
1506168909,22109915,0.07408384,0.22999460,0
1506168909,22109914,0.07408384,1.71087440,0
1506168898,22109902,0.07399976,1.12845900,0
1506168898,22109900,0.07399976,0.27599500,0
1506168898,22109899,0.07399976,0.30100000,0
1506168888,22109895,0.07395003,1.49585000,0
1506168877,22109871,0.07398974,2.29848000,0
1506168831,22109779,0.07398987,14.59869000,0
1506168826,22109773,0.07399977,14.58013061,0
1506168825,22109770,0.07399800,5.00000000,1
1506168806,22109751,0.07400000,3.48916864,1
1506168806,22109750,0.07401000,2.32573036,1
1506168805,22109747,0.07401000,0.76754664,1
1506168805,22109746,0.07401000,1.90672300,1
1506168802,22109739,0.07400700,0.22999500,1
1506168793,22109720,0.07400600,2.72162200,1
1506168762,22109658,0.07407305,3.82761007,0
1506168762,22109656,0.07407304,7.75940710,0
1506168762,22109654,0.07407304,1.14830800,0
1506168760,22109642,0.07407304,3.82761000,0
1506168756,22109608,0.07400003,0.74127800,1
1506168752,22109605,0.07401000,0.20000000,0
1506168749,22109600,0.07400003,8.40186000,1
1506168748,22109599,0.07400003,3.53290000,1
1506168748,22109598,0.07400003,1.72691846,1
1506168748,22109597,0.07400003,2.19599963,1
1506168738,22109571,0.07400002,2.19599914,1
1506168736,22109564,0.07400002,0.78293244,1
1506168735,22109562,0.07402058,1.94129840,0
1506168735,22109561,0.07402056,4.25325060,0
1506168729,22109551,0.07400002,5.46001736,1
1506168728,22109545,0.07400002,2.19599866,1
1506168723,22109531,0.07400000,0.39135136,1
1506168723,22109529,0.07400000,1.11948000,1
1506168723,22109528,0.07400000,2.27067400,1
1506168722,22109523,0.07400001,2.19599829,1
1506168721,22109520,0.07402059,0.11618000,0
1506168714,22109489,0.07401000,0.30100000,0
1506168707,22109447,0.07404747,1.00000000,0
1506168707,22109446,0.07402100,4.00000000,0
1506168705,22109436,0.07400000,2.72932600,1
1506168704,22109435,0.07402100,3.88052000,1
1506168702,22109424,0.07402100,0.11948000,1
1506168702,22109422,0.07413000,0.30100000,1
1506168700,22109418,0.07415100,5.00000000,1
1506168691,22109367,0.07415300,0.28413984,1
1506168683,22109324,0.07416100,4.33017500,1
1506168646,22109202,0.07418500,5.00000000,1
1506168624,22109192,0.07421201,5.00198910,1
1506168600,22109171,0.07428700,5.00000000,1
1506168580,22109152,0.07429900,3.38447355,1
1506168576,22109149,0.07429900,0.41869800,1
1506168559,22109136,0.07433600,0.76635816,1
1506168558,22109134,0.07433600,0.14690056,1
1506168555,22109132,0.07440000,0.14704750,1
1506168525,22109109,0.07440000,0.13440861,1
1506168524,22109106,0.07440000,0.13440861,1
1506168523,22109105,0.07440000,0.13442667,1
1506168523,22109102,0.07440000,0.13440861,1
1506168448,22109073,0.07444959,1.23010000,0
1506168448,22109072,0.07444000,0.46990000,0
1506168444,22109068,0.07432005,0.13473000,1
1506168435,22109053,0.07432003,0.13127998,1
1506168432,22109049,0.07432003,0.77397709,1
1506168399,22109026,0.07438500,1.95179530,1
1506168389,22109020,0.07431986,1.80210413,0
1506168389,22109019,0.07433000,3.00000000,1
1506168385,22109016,0.07431987,0.76147724,1
1506168385,22109015,0.07431987,4.04062689,1
1506168382,22109010,0.07440700,3.96255716,1
1506168381,22109009,0.07440700,1.03744284,1
1506168370,22108986,0.07458300,5.00000000,1
1506168363,22108978,0.07459000,0.20681300,1
1506168357,22108962,0.07459000,2.08642777,1
1506168357,22108961,0.07460000,0.06478223,1
1506168331,22108933,0.07460000,0.23000000,1
1506168310,22108923,0.07460000,0.42988777,1
1506168300,22108915,0.07460000,2.27533000,1
1506168286,22108900,0.07460900,0.49900000,1
1506168280,22108896,0.07463000,0.46990000,1
1506168247,22108866,0.07469812,3.93648200,1
1506168243,22108851,0.07484988,4.99997470,1
1506168241,22108825,0.07469799,0.00002530,0
1506168158,22108710,0.07469799,0.29937470,0
1506168143,22108696,0.07480000,0.10634921,1
1506168139,22108691,0.07480000,0.50000000,1
1506168135,22108685,0.07480000,0.30000000,1
1506168134,22108680,0.07480000,0.12579139,1
1506168127,22108661,0.07480000,0.11018440,1
1506168124,22108655,0.07480000,0.30000000,1
1506168121,22108650,0.07478262,0.20000000,0
1506168121,22108649,0.07474000,0.35767500,0
1506168091,22108582,0.07474000,1.43121000,0
1506168091,22108580,0.07473000,1.00000000,0
1506168091,22108578,0.07472999,2.08608400,0
1506168070,22108542,0.07461002,3.60444800,1
1506168066,22108536,0.07461002,2.02644800,1
1506168066,22108533,0.07461002,2.00000000,1
1506168058,22108504,0.07471000,10.43738695,1
1506168056,22108500,0.07471000,0.50000000,1
1506168051,22108485,0.07471000,4.37399894,1
1506168049,22108479,0.07471000,4.55467555,1
1506168047,22108475,0.07471000,0.13393856,1
1506168025,22108451,0.07471000,4.44200000,0
1506168025,22108450,0.07470000,0.21111500,0
1506168022,22108448,0.07470000,0.34688500,0
1506168022,22108447,0.07469000,2.00000000,0
1506168008,22108417,0.07460000,0.13413606,1
1506168004,22108400,0.07460800,5.00000000,0
1506168002,22108393,0.07460000,4.84043056,0
1506167992,22108371,0.07459000,4.84043100,0
1506167983,22108345,0.07460000,3.15956944,0
1506167983,22108344,0.07460000,0.13413600,0
1506167983,22108343,0.07459063,0.14980486,0
1506167979,22108334,0.07452141,1.20866182,1
1506167977,22108325,0.07459000,1.55307855,0
1506167976,22108321,0.07452141,0.73314502,1
1506167974,22108309,0.07452141,6.11631100,1
1506167972,22108298,0.07452141,9.47414831,1
1506167971,22108296,0.07452141,7.46773385,1
1506167969,22108280,0.07452128,1.99983790,1
1506167964,22108250,0.07452113,2.51215621,1
1506167963,22108239,0.07452100,2.94155567,1
1506167962,22108233,0.07452100,5.00000000,0
1506167960,22108219,0.07437014,3.00352000,1
1506167957,22108201,0.07450000,2.57038400,1
1506167955,22108198,0.07446013,0.42961600,0
1506167945,22108170,0.07446013,9.46474400,1
1506167943,22108165,0.07449300,5.00000000,0
1506167937,22108148,0.07449299,3.00000000,0
1506167937,22108147,0.07449299,0.50000000,0
1506167934,22108144,0.07445687,0.50000000,0
1506167931,22108137,0.07445687,0.50000000,0
1506167926,22108128,0.07445687,0.50000000,0
1506167925,22108119,0.07437000,2.55467555,1
1506167924,22108118,0.07445682,3.00000000,0
1506167920,22108110,0.07435699,3.95096348,0
1506167919,22108106,0.07443526,5.51215600,1
1506167916,22108095,0.07445684,1.75405510,0
1506167916,22108093,0.07443532,0.99825290,0
1506167916,22108092,0.07437000,0.24769200,0
1506167916,22108091,0.07435698,7.08340000,1
1506167915,22108084,0.07435685,11.17231448,1
1506167910,22108068,0.07435684,9.46185866,1
1506167909,22108065,0.07435684,0.57414201,1
1506167907,22108060,0.07435684,0.36586300,1
1506167906,22108053,0.07437027,6.86800000,0
1506167905,22108047,0.07437000,0.65867100,0
1506167904,22108042,0.07435671,2.17112070,1
1506167904,22108040,0.07437000,0.30743399,1
1506167898,22108031,0.07445698,0.50000000,0
1506167898,22108030,0.07437000,0.15999501,1
1506167898,22108028,0.07437000,2.18133400,1
1506167898,22108026,0.07437000,0.19124200,1
1506167895,22108019,0.07439399,0.50000000,0
1506167895,22108018,0.07437000,0.15999500,1
1506167893,22108016,0.07439399,0.50000000,0
1506167892,22108009,0.07439399,0.50000000,0
1506167891,22108007,0.07435682,0.94000500,1
1506167889,22108000,0.07435682,0.80875800,1
1506167889,22107999,0.07435682,0.19124199,1
1506167888,22107997,0.07439396,0.50000000,0
1506167885,22107991,0.07439399,0.50000000,0
1506167881,22107978,0.07439400,0.50000000,0
1506167878,22107971,0.07435670,1.50644200,0
1506167878,22107970,0.07435666,8.87333300,0
1506167877,22107965,0.07424125,0.18798909,1
1506167874,22107961,0.07435670,2.05138778,0
1506167873,22107960,0.07435670,0.94861222,0
1506167849,22107913,0.07435682,0.56488893,0
1506167846,22107911,0.07435683,1.00000000,0
1506167846,22107909,0.07424013,0.28428146,1
1506167840,22107879,0.07422756,0.18898085,1
1506167832,22107856,0.07435691,1.00000000,0
1506167827,22107831,0.07435690,6.22316889,0
1506167826,22107816,0.07420000,1.48225103,1
1506167826,22107814,0.07420002,2.75000000,1
1506167826,22107812,0.07420004,4.57875825,1
1506167825,22107810,0.07422700,5.00000000,1
1506167825,22107802,0.07420004,11.66424175,1
1506167825,22107800,0.07420005,4.15299825,1
1506167825,22107798,0.07420005,2.34084617,1
1506167825,22107796,0.07431892,4.15292479,1
1506167824,22107794,0.07431892,2.74993188,1
1506167824,22107793,0.07431892,0.69016000,1
1506167812,22107733,0.07431892,1.69020600,1
1506167810,22107730,0.07431855,0.53677733,0
1506167764,22107666,0.07431897,0.50000000,0
1506167754,22107657,0.07424799,0.30700000,0
1506167751,22107648,0.07423200,0.50000000,0
1506167748,22107638,0.07423201,0.50000000,0
1506167745,22107633,0.07423201,2.62838778,1
1506167744,22107627,0.07424800,0.23242000,0
1506167744,22107625,0.07424000,0.26758000,0
1506167744,22107621,0.07423201,3.12022200,1
1506167743,22107620,0.07423201,5.07611100,1
1506167738,22107605,0.07423200,1.87977786,1
1506167733,22107591,0.07424801,1.66691956,1
1506167731,22107585,0.07424800,4.99990707,1
1506167730,22107578,0.07426901,0.27000000,1
1506167730,22107574,0.07426901,1.05979400,1
1506167728,22107570,0.07426901,1.42020600,1
1506167719,22107550,0.07414565,0.93135965,1
1506167719,22107549,0.07425500,5.00000000,1
1506167719,22107548,0.07426901,0.27000000,1
1506167719,22107547,0.07426901,0.00000003,1
1506167718,22107545,0.07426901,2.48121200,1
1506167716,22107530,0.07426901,0.26878797,1
1506167664,22107421,0.07426800,4.00000100,1
1506167664,22107420,0.07428000,1.00000000,1
1506167663,22107419,0.07428000,1.00000000,1
1506167655,22107417,0.07427800,1.43985500,1
1506167654,22107412,0.07427806,10.72184562,1
1506167654,22107411,0.07430000,6.77303496,1
1506167648,22107401,0.07430000,0.93219700,1
1506167645,22107399,0.07430000,28.02380300,1
1506167645,22107398,0.07430100,1.39615500,1
1506167644,22107396,0.07430100,0.60384500,1
1506167637,22107374,0.07430000,0.60384400,1
1506167636,22107364,0.07430000,0.25850848,1
1506167631,22107354,0.07430000,1.78564600,1
1506167620,22107342,0.07430000,1.02213800,1
1506167617,22107337,0.07430000,3.33609100,1
1506167583,22107315,0.07430166,0.28289500,0
1506167555,22107300,0.07436000,0.26758000,1
1506167555,22107299,0.07437000,2.00000000,1
1506167459,22107234,0.07432006,0.24999500,1
1506167420,22107214,0.07431003,1.60729600,1
1506167414,22107203,0.07456000,2.07245386,0
1506167414,22107200,0.07454343,1.42180385,0
1506167413,22107199,0.07446000,0.47100000,0
1506167413,22107198,0.07446000,9.12595142,1
1506167413,22107197,0.07445400,5.00000000,0
1506167411,22107196,0.07445000,1.99989321,0
1506167403,22107188,0.07445000,0.00010679,0
1506167403,22107187,0.07444999,3.10444596,1
1506167401,22107186,0.07444999,0.18185416,1
1506167401,22107185,0.07444999,0.31359309,0
1506167332,22107165,0.07445200,0.00010294,1
1506167332,22107164,0.07445200,0.43597634,1
1506167292,22107148,0.07448697,0.42518604,0
1506167281,22107139,0.07430175,1.15618848,0
1506167280,22107138,0.07431000,0.47100000,1
1506167280,22107137,0.07431400,5.00000000,1
1506167280,22107136,0.07431401,2.22170126,1
1506167267,22107127,0.07430170,0.47167389,1
1506167189,22107043,0.07435001,0.14047584,1
1506167189,22107042,0.07435001,0.05952416,1
1506167168,22107034,0.07436000,0.47167389,1
1506167166,22107033,0.07435001,0.14867000,1
1506167160,22107027,0.07436000,0.14867000,0
1506167103,22106939,0.07444957,0.15290887,0
1506167096,22106926,0.07430769,0.14348000,0
1506167093,22106922,0.07444957,3.30731258,0
1506167086,22106904,0.07444957,1.70376676,0
1506167086,22106903,0.07444000,0.20819416,0
1506166918,22106822,0.07437000,0.26280584,0
1506166897,22106813,0.07430014,0.20000000,0
1506166833,22106726,0.07430001,0.14861000,0
1506166742,22106668,0.07433705,7.08786534,1
1506166740,22106660,0.07433705,6.57187000,1
1506166740,22106659,0.07440000,2.85149000,1
1506166710,22106644,0.07440000,0.14851000,1
1506166655,22106614,0.07444778,1.34517000,1
1506166653,22106601,0.07457953,2.49911886,0
1506166653,22106597,0.07452000,0.09570000,0
1506166653,22106594,0.07450000,0.80000000,0
1506166653,22106593,0.07450000,2.00000000,0
1506166653,22106591,0.07450000,1.29459102,0
1506166653,22106590,0.07450000,0.30000000,0
1506166652,22106588,0.07450000,6.42588000,1
1506166652,22106587,0.07449000,3.00000000,0
1506166652,22106586,0.07449000,8.46057955,1
1506166650,22106585,0.07444777,0.20000000,0
1506166635,22106563,0.07427280,6.73189742,1
1506166574,22106475,0.07426044,1.15163665,1
1506166514,22106401,0.07424059,7.19300004,1
1506166490,22106362,0.07424001,0.21895609,1
1506166484,22106358,0.07425000,0.47100000,1
1506166437,22106322,0.07440000,0.82000000,0
1506166437,22106321,0.07435561,0.20000000,0
1506166410,22106301,0.07433000,4.38321700,0
1506166409,22106300,0.07433000,0.61678300,0
1506166404,22106298,0.07432907,4.40667793,0
1506166381,22106249,0.07415000,0.40434926,1
1506166377,22106244,0.07415000,0.50000000,1
1506166377,22106243,0.07432915,1.24739252,0
1506166372,22106235,0.07415000,0.50000000,1
1506166368,22106218,0.07415000,0.50000000,1
1506166356,22106160,0.07432944,0.58055050,0
1506166355,22106153,0.07432944,4.18063096,0
1506166352,22106133,0.07432945,4.75965321,0
1506166351,22106125,0.07432958,6.74536360,0
1506166342,22106081,0.07432987,6.74197583,0
1506166319,22105981,0.07433993,7.19300004,0
1506166319,22105980,0.07430276,0.20000000,0
1506166317,22105973,0.07423201,0.31773234,0
1506166317,22105963,0.07423000,5.00000000,0
1506166313,22105947,0.07405002,16.62938854,1
1506166304,22105940,0.07404054,15.00000000,1
1506166257,22105926,0.07415000,4.99996427,0
1506166254,22105924,0.07414500,1.81312459,0
1506166254,22105923,0.07406600,0.09137541,0
1506166236,22105914,0.07405500,0.11683000,0
1506166225,22105906,0.07403000,3.84276644,0
1506166218,22105900,0.07402000,4.86507500,0
1506166218,22105899,0.07399398,2.61507500,0
1506166213,22105896,0.07399398,0.13492500,0
1506166206,22105894,0.07401300,1.15644000,0
1506166198,22105890,0.07399400,0.93963024,0
1506166193,22105884,0.07399400,3.93645100,0
1506166185,22105868,0.07397700,5.00000000,0
1506166164,22105860,0.07393169,13.53532510,0
1506166087,22105816,0.07389900,1.19316025,0
1506166085,22105814,0.07385399,2.75000000,0
1506165899,22105728,0.07385400,0.19946718,0
1506165896,22105727,0.07385500,0.19946196,0
1506165890,22105722,0.07375682,0.00000523,0
1506165889,22105719,0.07375682,9.77332100,0
1506165885,22105715,0.07375682,0.19991000,0
1506165880,22105714,0.07375682,0.19991000,0
1506165876,22105712,0.07375682,0.19991000,0
1506165871,22105710,0.07375682,0.19991000,0
1506165868,22105709,0.07375682,0.19991000,0
1506165863,22105707,0.07375682,0.19991000,0
1506165859,22105705,0.07375682,0.19991000,0
1506165855,22105704,0.07375682,0.19991000,0
1506165853,22105699,0.07375682,1.91420000,0
1506165852,22105698,0.07375682,0.19991000,0
1506165850,22105697,0.07375682,1.51328377,0
1506165850,22105696,0.07375682,0.40361623,0
1506165847,22105695,0.07375682,0.19991000,0
1506165845,22105694,0.07375682,1.70081700,0
1506165843,22105693,0.07375682,0.19991000,0
1506165838,22105692,0.07375682,0.19991000,0
1506165835,22105691,0.07375682,0.19991000,0
1506165830,22105690,0.07375682,0.19991000,0
1506165825,22105689,0.07375682,0.19991000,0
1506165820,22105687,0.07375682,0.19991000,0
1506165820,22105686,0.07375682,0.19946718,0
1506165819,22105685,0.07375682,1.91690000,0
1506165818,22105684,0.07375682,0.88031844,0
1506165815,22105683,0.07375682,0.19946718,0
1506165814,22105682,0.07375682,1.91880000,0
1506165811,22105681,0.07375682,1.91880000,0
1506165805,22105679,0.07375682,4.46244397,0
1506165805,22105678,0.07375681,1.06418403,0
1506165803,22105677,0.07375681,0.20000000,0
1506165785,22105673,0.07375681,0.19991000,0
1506165780,22105672,0.07375681,0.17949000,0
1506165775,22105668,0.07375681,0.19991000,0
1506165771,22105664,0.07375681,0.19991000,0
1506165765,22105662,0.07375681,0.19991000,0
1506165761,22105660,0.07375681,0.20000000,0
1506165757,22105659,0.07375681,4.98399000,0
1506165756,22105657,0.07375681,4.04107200,0
1506165756,22105656,0.07375681,0.19991000,0
1506165751,22105652,0.07375681,2.50434500,0
1506165750,22105651,0.07375681,0.19991000,0
1506165745,22105643,0.07375681,0.20000000,0
1506165734,22105634,0.07375681,0.26468397,0
1506165666,22105605,0.07375681,0.16277500,0
1506165635,22105598,0.07375683,0.23000000,0
1506165633,22105594,0.07375683,0.27800000,0
1506165608,22105568,0.07380000,0.20000000,1
1506165599,22105558,0.07374500,3.65024969,1
1506165599,22105556,0.07375692,2.75000000,1
1506165597,22105553,0.07375695,3.59975031,1
1506165593,22105552,0.07390000,0.20000000,0
1506165589,22105543,0.07389993,0.20000000,1
1506165552,22105461,0.07376003,0.13557479,1
1506165345,22105259,0.07372000,1.43195215,0
1506165343,22105255,0.07375900,3.56804785,1
1506165327,22105235,0.07364015,10.00000000,0
1506165326,22105229,0.07375900,5.00000000,1
1506165320,22105219,0.07375680,0.75000000,1
1506165320,22105218,0.07379000,2.00000000,1
1506165313,22105217,0.07379001,2.75000000,1
1506165269,22105180,0.07384801,0.19800000,0
1506165253,22105174,0.07362670,15.00000000,1
1506165251,22105171,0.07362657,10.00000000,0
1506165249,22105166,0.07374200,5.00000000,1
1506165247,22105165,0.07375548,10.95806527,0
1506165246,22105164,0.07375548,2.75000000,1
1506165246,22105163,0.07375548,1.29193473,1
1506165242,22105160,0.07375549,15.00000000,1
1506165237,22105157,0.07375547,12.25000000,0
1506165236,22105156,0.07375548,2.75000000,1
1506165229,22105150,0.07375545,15.00000000,1
1506165218,22105143,0.07375542,15.00000000,1
1506165216,22105142,0.07384801,0.20000000,0
1506165204,22105139,0.07384301,0.20000000,0
1506165127,22105112,0.07384301,0.88939500,0
1506165121,22105105,0.07384301,6.05286810,0
1506165115,22105102,0.07384301,0.85751400,0
1506165109,22105097,0.07384301,0.26332300,0
1506165095,22105092,0.07384301,5.00000000,0
1506165094,22105090,0.07384301,0.12893436,1
1506164986,22105032,0.07395497,3.91608000,0
1506164972,22104982,0.07390800,4.01282100,0
1506164963,22104938,0.07390000,0.13274208,0
1506164963,22104937,0.07380802,0.81783731,0
1506164913,22104902,0.07370802,0.13567045,1
1506164878,22104860,0.07380300,0.80980043,1
1506164872,22104842,0.07380300,4.05991981,1
1506164871,22104831,0.07380300,0.13020628,1
1506164753,22104688,0.07380802,2.52468100,1
1506164753,22104687,0.07380803,2.75000000,1
1506164747,22104678,0.07380802,1.69648900,1
1506164744,22104664,0.07380802,4.57013700,1
1506164722,22104643,0.07371033,25.00000000,1
1506164720,22104635,0.07371019,20.00000000,0
1506164718,22104634,0.07402900,5.00000000,1
1506164713,22104624,0.07406600,0.00000012,1
1506164712,22104620,0.07406600,4.87151400,1
1506164707,22104608,0.07406600,0.12848588,1
1506164705,22104607,0.07413000,0.00000030,1
1506164698,22104597,0.07413000,9.48020800,1
1506164698,22104596,0.07413000,2.41399400,1
1506164691,22104590,0.07413000,2.75000000,1
1506164691,22104589,0.07413000,8.65865800,1
1506164691,22104588,0.07413000,2.75000000,1
1506164690,22104587,0.07413000,3.00000000,1
1506164688,22104584,0.07413000,2.96329000,1
1506164687,22104582,0.07413000,0.50000000,1
1506164687,22104581,0.07413000,2.00000000,1
1506164686,22104578,0.07413000,0.50000000,1
1506164685,22104575,0.07413000,3.74992581,1
1506164682,22104571,0.07413000,3.01000000,1
1506164678,22104566,0.07413000,2.26075200,1
1506164665,22104543,0.07413000,4.50817040,1
1506164665,22104542,0.07413000,0.23024591,1
1506164622,22104462,0.07423201,0.17650952,0
1506164622,22104461,0.07415800,0.00000048,0
1506164579,22104388,0.07413000,0.50000000,1
1506164576,22104386,0.07413000,0.50000000,1
1506164573,22104381,0.07413000,0.50000000,1
1506164563,22104374,0.07413000,0.26975409,1
1506164535,22104348,0.07401190,21.06668900,1
1506164534,22104340,0.07401190,3.84994300,1
1506164437,22104227,0.07415799,0.26389286,0
1506164426,22104212,0.07411000,0.13274208,1
1506164227,22104002,0.07401818,7.07203100,1
1506164226,22103997,0.07401818,2.12059100,1
1506164225,22103993,0.07414400,0.28176500,0
1506164221,22103986,0.07414400,1.69073000,0
1506164217,22103976,0.07414400,3.02750000,1
1506164217,22103975,0.07413000,0.47250000,0
1506164182,22103900,0.07414599,0.89070000,0
1506164080,22103743,0.07399300,0.25589489,1
1506164076,22103738,0.07397004,0.42936748,1
1506164076,22103737,0.07415800,1.06398300,0
1506164076,22103735,0.07415800,2.87203300,0
1506164069,22103712,0.07398000,0.47250000,1
1506164067,22103711,0.07414700,1.06398352,0
1506164066,22103707,0.07415801,3.93601648,1
1506164048,22103700,0.07408600,1.41026771,0
1506164048,22103699,0.07404728,0.20000000,0
1506164048,22103697,0.07400000,0.00000029,0
1506164015,22103681,0.07390802,0.32191939,1
1506164012,22103678,0.07400000,2.34936600,0
1506163999,22103677,0.07400000,5.74115800,0
1506163998,22103675,0.07400000,2.20069000,0
1506163997,22103668,0.07400000,0.29474700,0
1506163987,22103653,0.07400000,0.24735200,0
1506163969,22103641,0.07400000,2.02645400,0
1506163960,22103638,0.07400000,0.38258788,0
1506163960,22103637,0.07399000,0.19995752,0
1506163959,22103635,0.07389701,10.00000000,1
1506163930,22103609,0.07400000,0.91387800,0
1506163926,22103607,0.07400000,3.71210700,0
1506163909,22103590,0.07400000,1.94931162,0
1506163819,22103486,0.07387001,0.20000000,1
1506163813,22103481,0.07384500,0.16567400,1
1506163809,22103471,0.07400000,1.94948400,0
1506163808,22103469,0.07385712,0.10978001,1
1506163807,22103468,0.07400000,1.09263150,0
1506163807,22103466,0.07400000,0.17842254,0
1506163807,22103464,0.07395000,0.20008496,0
1506163803,22103449,0.07385710,0.20389848,1
1506163797,22103425,0.07385708,0.26650814,1
1506163792,22103417,0.07385706,0.50000000,1
1506163787,22103410,0.07385704,0.50000000,1
1506163782,22103407,0.07385702,0.30004248,1
1506163782,22103406,0.07385703,0.19995752,1
1506163778,22103401,0.07385701,0.50000000,1
1506163774,22103397,0.07400000,0.82157746,0
1506163774,22103396,0.07400000,1.23708143,0
1506163774,22103395,0.07400000,0.40000000,0
1506163774,22103394,0.07400000,0.48350000,0
1506163773,22103393,0.07400000,4.00000000,0
1506163773,22103392,0.07400000,0.08274000,0
1506163773,22103391,0.07399999,1.80911411,0
1506163773,22103390,0.07399999,0.36600000,0
1506163773,22103389,0.07380000,0.19995752,1
1506163768,22103383,0.07379402,0.50000000,1
1506163763,22103372,0.07399400,5.00000000,0
1506163763,22103369,0.07379400,0.50000000,1
1506163744,22103312,0.07390000,1.79991504,0
1506163744,22103311,0.07388911,0.20000000,0
1506163744,22103310,0.07387700,0.00004248,0
1506163742,22103301,0.07387700,4.99995752,0
1506163738,22103285,0.07384900,1.09043617,0
1506163738,22103284,0.07380000,0.48382083,0
1506163734,22103276,0.07375000,0.47360000,0
1506163692,22103189,0.07370008,0.26392000,1
1506163690,22103187,0.07370007,0.21607700,1
1506163604,22103121,0.07379999,0.50000000,1
1506163597,22103116,0.07380000,1.31365664,0
1506163595,22103112,0.07379999,1.80508566,0
1506163595,22103111,0.07379999,0.94491434,0
1506163555,22103086,0.07375287,4.84740000,0
1506163555,22103085,0.07375287,1.00760000,0
1506163547,22103082,0.07375287,1.75000000,0
1506163531,22103074,0.07375287,1.00000000,0
1506163527,22103073,0.07359812,0.20649000,1
1506163527,22103072,0.07369998,1.75000000,0
1506163520,22103027,0.07370000,1.00000000,0
1506163466,22102969,0.07359800,0.29338955,1
1506163456,22102949,0.07375300,1.89240000,0
1506163408,22102859,0.07361000,0.47360000,1
1506163362,22102793,0.07365301,1.24240000,0
1506163361,22102790,0.07365300,1.00760000,0
1506163360,22102788,0.07363700,3.98068000,1
1506163359,22102786,0.07363700,0.68394500,1
1506163354,22102777,0.07364400,0.97439788,1
1506163353,22102774,0.07364400,0.44903700,1
1506163351,22102770,0.07364401,0.20928549,0
1506163350,22102769,0.07364401,2.75000000,1
1506163344,22102765,0.07365301,2.75000000,1
1506163313,22102747,0.07367000,0.32448100,1
1506163310,22102746,0.07367000,0.12455600,1
1506163240,22102660,0.07375800,5.00000000,0
1506163240,22102657,0.07375787,5.68323000,0
1506163225,22102641,0.07373001,5.00000000,1
1506163224,22102640,0.07373000,0.47310000,0
1506163224,22102639,0.07370000,0.43260578,0
1506163083,22102529,0.07353499,2.60742862,0
1506163082,22102527,0.07353500,5.00000000,1
1506163082,22102526,0.07356000,0.47310000,1
1506163041,22102479,0.07357200,1.24991669,1
1506163040,22102477,0.07356502,0.97539763,1
1506163021,22102450,0.07370000,0.80259500,0
1506163021,22102449,0.07368000,0.20378000,0
1506163020,22102447,0.07354901,0.13596377,1
1506163019,22102444,0.07354901,0.13596377,1
1506163018,22102442,0.07354901,0.13596377,1
1506163017,22102440,0.07369000,0.26852000,0
1506163017,22102438,0.07354901,0.13596377,1
1506163008,22102433,0.07354801,0.13596563,1
1506163007,22102431,0.07354800,0.13596563,1
1506163006,22102429,0.07354800,0.13596563,1
1506162952,22102379,0.07363889,3.01000000,0
1506162943,22102373,0.07351801,1.00000000,1
1506162909,22102358,0.07363986,1.80000000,0
1506162790,22102239,0.07365974,0.12045600,0
1506162786,22102234,0.07352901,6.02752507,1
1506162771,22102228,0.07366000,7.36600000,0
1506162771,22102227,0.07365987,25.00000000,0
1506162761,22102225,0.07351800,3.25426400,1
1506162751,22102216,0.07365735,25.00000000,0
1506162590,22102035,0.07349002,0.96475187,1
1506162549,22102008,0.07349700,0.04297339,1
1506162549,22102007,0.07351000,0.47230000,1
1506162524,22101979,0.07351100,0.90502040,1
1506162478,22101960,0.07356099,2.75000000,0
1506162466,22101957,0.07356100,3.00000000,0
1506162462,22101954,0.07355000,0.46597972,0
1506162462,22101953,0.07350000,0.70901500,0
1506162410,22101942,0.07338804,1.00000000,1
1506162393,22101938,0.07340000,0.46597972,1
1506162393,22101936,0.07345000,0.00582028,1
1506162390,22101935,0.07340000,0.13000000,0
1506162383,22101919,0.07350000,1.04000000,0
1506162372,22101912,0.07350000,0.25098500,0
1506162372,22101911,0.07349876,0.59960000,0
1506162368,22101907,0.07345000,0.89194900,0
1506162351,22101886,0.07345000,0.30488900,0
1506162348,22101883,0.07344917,0.25376200,0
1506162347,22101882,0.07344917,6.41639400,0
1506162346,22101880,0.07344917,0.66679398,0
1506162318,22101865,0.07333803,1.00000000,1
1506162265,22101822,0.07344973,2.00000000,0
1506162244,22101788,0.07339966,1.44288900,0
1506162244,22101783,0.07339966,10.37791864,0
1506162199,22101736,0.07339996,0.13764000,0
1506162176,22101715,0.07339996,1.31824990,0
1506162156,22101713,0.07340010,52.81966000,0
1506162047,22101634,0.07330000,1.27308000,1
1506162030,22101590,0.07330000,1.07822647,1
1506162019,22101570,0.07335400,5.00000000,0
1506162010,22101549,0.07331400,2.15622600,0
1506162007,22101546,0.07331400,0.13648900,0
1506162006,22101545,0.07331400,1.28539800,0
1506162004,22101541,0.07328000,0.47290000,0
1506162004,22101540,0.07327999,0.72700000,0
1506162001,22101536,0.07327999,3.00000000,0
1506161988,22101523,0.07325400,4.44054500,0
1506161976,22101513,0.07323800,3.72700000,1
1506161975,22101511,0.07323800,1.27300000,1
1506161957,22101508,0.07330000,0.20000000,1
1506161946,22101499,0.07330000,0.85182600,1
1506161943,22101492,0.07330000,0.38559000,1
1506161938,22101487,0.07330000,1.07792700,1
1506161938,22101486,0.07330000,1.27300000,1
1506161926,22101466,0.07330000,0.39319200,1
1506161923,22101461,0.07330000,0.21174700,1
1506161876,22101441,0.07336899,1.00000000,0
1506161867,22101439,0.07336899,0.96601482,0
1506161867,22101438,0.07335278,0.00000018,0
1506161860,22101432,0.07335278,0.99999982,0
1506161860,22101431,0.07334999,0.11154218,0
1506161814,22101401,0.07316300,1.13434255,1
1506161813,22101400,0.07316300,0.59578400,1
1506161813,22101398,0.07335265,3.34578400,0
1506161812,22101396,0.07316300,0.27363900,1
1506161770,22101387,0.07318907,0.11154218,1
1506161689,22101357,0.07318901,0.62392200,1
1506161674,22101338,0.07323000,0.30643499,1
1506161670,22101337,0.07330000,0.10000000,1
1506161667,22101335,0.07330000,0.10000000,1
1506161665,22101333,0.07330000,0.10000000,1
1506161663,22101332,0.07330000,1.50000000,0
1506161663,22101331,0.07329895,2.60935749,0
1506161649,22101326,0.07326200,2.00330600,0
1506161647,22101325,0.07326200,2.88848329,0
1506161647,22101324,0.07326198,0.11151671,0
1506161645,22101323,0.07326197,0.10821100,0
1506161641,22101321,0.07324998,1.00000000,0
1506161634,22101320,0.07324998,5.10821100,0
1506161622,22101314,0.07315003,0.47283900,0
1506161622,22101313,0.07315003,7.86972800,0
1506161615,22101311,0.07315002,1.81000000,1
1506161615,22101310,0.07320000,0.86426100,1
1506161615,22101309,0.07320000,0.47283900,1
1506161614,22101306,0.07316000,0.47290000,0
1506161614,22101304,0.07315003,6.65821400,1
1506161613,22101303,0.07315003,0.27363900,1
1506161613,22101302,0.07315003,2.27710000,1
1506161613,22101301,0.07316000,0.47290000,1
1506161604,22101291,0.07315001,0.38848329,1
1506161604,22101290,0.07315002,0.11151671,1
1506161590,22101274,0.07324998,0.99205900,0
1506161581,22101265,0.07324999,1.94673900,0
1506161576,22101264,0.07325000,3.00000000,0
1506161554,22101235,0.07312800,0.10300000,1
1506161543,22101222,0.07320000,0.40694300,0
1506161542,22101221,0.07320000,0.10000000,0
1506161513,22101212,0.07319998,1.27513662,0
1506161512,22101209,0.07319998,1.00000000,0
1506161498,22101202,0.07319998,7.81277300,0
1506161491,22101196,0.07319991,2.79483772,0
1506161491,22101195,0.07318000,0.30516228,0
1506161488,22101193,0.07312000,0.56890000,0
1506161462,22101183,0.07312000,3.00000000,0
1506161461,22101182,0.07311000,0.50000000,0
1506161460,22101181,0.07310961,0.89378401,0
1506161456,22101180,0.07310961,0.20319900,0
1506161204,22100987,0.07310958,0.45012400,0
1506161176,22100927,0.07300000,0.11200000,1
1506161173,22100921,0.07295500,2.74082594,1
1506161173,22100920,0.07301000,0.30500000,1
1506161173,22100919,0.07310000,0.41039672,1
1506160977,22100593,0.07297202,0.63399479,1
1506160976,22100592,0.07297202,0.15889200,1
1506160889,22100495,0.07310840,2.55790900,0
1506160793,22100417,0.07300400,0.12495054,1
1506160790,22100416,0.07300400,1.01770830,1
1506160789,22100415,0.07303000,0.08274000,1
1506160789,22100414,0.07307000,0.29124794,1
1506160785,22100407,0.07307000,0.38355406,1
1506160785,22100406,0.07307001,0.11644594,1
1506160781,22100401,0.07310959,0.27091656,0
1506160777,22100392,0.07307000,1.07519800,1
1506160760,22100355,0.07304700,0.95814079,0
1506160751,22100344,0.07300000,0.25000000,0
1506160688,22100295,0.07287041,0.42845300,1
1506160641,22100259,0.07297899,0.73130353,0
1506160641,22100257,0.07290069,0.54278466,0
1506160481,22100190,0.07288780,49.59147182,0
1506160469,22100185,0.07288779,1.56064904,0
1506160469,22100184,0.07287473,22.72735835,0
1506160464,22100182,0.07287473,1.50000000,0
1506160462,22100181,0.07287473,0.77264165,0
1506160462,22100180,0.07287473,2.32735835,0
1506160452,22100179,0.07287473,1.50000000,0
1506160451,22100178,0.07287473,1.00000000,0
1506160450,22100177,0.07287473,3.01000000,0
1506160431,22100165,0.07287473,3.00000000,0
1506160408,22100153,0.07287473,3.00999900,0
1506160393,22100142,0.07287473,3.10000000,0
1506160392,22100141,0.07287473,1.50000000,0
1506160392,22100140,0.07287473,3.01000000,0
1506160386,22100136,0.07287473,3.00000000,0
1506160381,22100126,0.07287473,0.54264265,0
1506160381,22100125,0.07287472,2.55735735,0
1506160377,22100121,0.07287472,3.01000000,0
1506160376,22100120,0.07287472,1.00000000,0
1506160362,22100109,0.07287472,3.00000000,0
1506160361,22100107,0.07287472,5.70279100,0
1506160360,22100103,0.07287472,4.72985165,0
1506160359,22100102,0.07287471,1.85423649,0
1506160359,22100101,0.07285300,21.51451286,0
1506160359,22100100,0.07285300,0.15265100,0
1506160333,22100093,0.07281300,3.50000000,0
1506160330,22100087,0.07280900,4.27216300,0
1506160156,22099931,0.07260000,9.25709491,0
1506160155,22099925,0.07260000,2.26714187,0
1506160153,22099924,0.07260000,7.72708222,0
1506160153,22099923,0.07261000,0.06716100,1
1506160147,22099919,0.07261000,0.41199100,1
1506160086,22099892,0.07268400,0.06861937,0
1506159951,22099863,0.07256000,0.20000000,1
1506159766,22099802,0.07256000,0.43584800,1
1506159754,22099790,0.07256000,0.88500000,1
1506159590,22099705,0.07260438,0.89872007,0
1506159581,22099699,0.07260466,3.63129323,0
1506159175,22099503,0.07249400,0.00005331,0
1506159174,22099499,0.07249400,1.91552141,0
1506159173,22099498,0.07252377,3.08442528,1
1506159171,22099493,0.07248200,5.00000000,0
1506159157,22099480,0.07247000,0.30783772,0
1506159061,22099432,0.07246997,1.00085000,0
1506159029,22099423,0.07247699,0.93707800,0
1506159028,22099420,0.07247699,0.35200000,0
1506158995,22099402,0.07239300,0.14351677,0
1506158985,22099393,0.07234299,2.00000000,0
1506158964,22099381,0.07234896,1.98848300,0
1506158962,22099374,0.07224536,1.19445303,0
1506158960,22099370,0.07224537,5.15382300,0
1506158945,22099354,0.07236013,5.10054000,0
1506158939,22099326,0.07225403,1.77900300,1
1506158931,22099311,0.07229700,0.37115392,0
1506158924,22099301,0.07229700,1.67169500,1
1506158917,22099292,0.07239000,1.57184300,1
1506158904,22099280,0.07239000,0.24815700,1
1506158904,22099278,0.07239013,3.28160000,1
1506158891,22099263,0.07236027,1.23163300,1
1506158891,22099262,0.07236027,0.47680000,1
1506158891,22099260,0.07236027,1.56719800,1
1506158887,22099249,0.07236013,2.66196800,1
1506158820,22099225,0.07241889,0.65034000,0
1506158336,22099004,0.07228001,7.91132224,1
1506158334,22098998,0.07235000,2.00000000,1
1506158321,22098982,0.07235001,1.23378500,1
1506158313,22098979,0.07235004,0.22434434,0
1506158263,22098936,0.07244987,0.20000000,0
1506158173,22098892,0.07238000,0.00000532,0
1506158166,22098883,0.07238000,0.54909400,0
1506158124,22098864,0.07238000,0.36678068,0
1506158100,22098858,0.07232001,0.35120000,1
1506158070,22098836,0.07238000,0.20000000,0
1506158057,22098832,0.07238000,0.20000000,0
1506158049,22098828,0.07238000,0.20000000,0
1506158013,22098821,0.07238000,0.11312000,0
1506157501,22098597,0.07237995,0.22679500,0
1506157469,22098574,0.07238000,0.00014285,1
1506157468,22098572,0.07238000,1.80985715,1
1506157001,22098440,0.07233000,2.00000000,1
1506156814,22098334,0.07236290,0.12428500,0
1506156790,22098327,0.07236299,1.45767432,0
1506156790,22098326,0.07236299,1.60011968,0
1506156780,22098320,0.07236299,0.14818700,0
1506156777,22098309,0.07236298,2.63989900,0
1506156761,22098299,0.07220118,3.10000000,1
1506156751,22098297,0.07236299,1.78272800,0
1506156594,22098183,0.07227000,0.30800000,0
1506156594,22098181,0.07227400,3.53110600,1
1506156593,22098179,0.07227502,0.31933100,1
1506156589,22098169,0.07227400,1.46889400,1
1506156589,22098168,0.07227502,2.74000000,1
1506156394,22098002,0.07227001,0.91500200,1
1506156393,22098001,0.07227001,0.48000000,1
1506156352,22097976,0.07226000,0.47870000,0
1506156296,22097918,0.07221501,0.19508938,1
1506156200,22097871,0.07234300,4.53654700,1
1506156200,22097870,0.07236000,0.47870000,1
1506156180,22097859,0.07236200,5.00000000,1
1506156141,22097826,0.07236500,1.03740151,1
1506156118,22097805,0.07236400,0.13819027,1
1506156114,22097791,0.07236400,0.13819027,1
1506156001,22097755,0.07252307,9.00000000,0
1506155764,22097677,0.07238400,0.36716207,1
1506155709,22097651,0.07243500,0.29539500,1
1506155683,22097639,0.07243400,0.13466000,1
1506155682,22097638,0.07243400,0.23120251,1
1506155679,22097628,0.07243001,0.29535100,0
1506155528,22097526,0.07245918,1.98058100,1
1506155456,22097477,0.07234001,0.20000000,1
1506155347,22097440,0.07236796,2.01907500,0
1506155347,22097439,0.07236000,0.20000000,0
1506154813,22097150,0.07237800,2.74000000,1
1506154802,22097131,0.07239100,2.26000000,1
1506154801,22097129,0.07239100,2.74000000,1
1506154786,22097119,0.07240500,3.62329000,1
1506154764,22097060,0.07248001,0.12461282,1
1506154755,22097039,0.07248000,0.76212800,1
1506154596,22096860,0.07251000,0.20000000,1
1506154486,22096760,0.07252000,2.24620880,0
1506154275,22096635,0.07252000,0.22723600,0
1506154209,22096560,0.07252101,0.34172800,1
1506154148,22096538,0.07255000,0.40694300,1
1506154086,22096521,0.07255000,0.48336700,1
1506154034,22096512,0.07265762,8.02099050,0
1506154034,22096511,0.07259287,0.70358040,1
1506154033,22096510,0.07259287,0.00000040,0
1506153994,22096488,0.07259287,1.92517212,0
1506153994,22096486,0.07258000,0.47747288,0
1506153981,22096460,0.07246700,2.05827508,1
1506153962,22096441,0.07258499,0.91726000,0
1506153961,22096440,0.07251000,0.08274000,0
1506153844,22096394,0.07243000,0.47747288,1
1506153683,22096335,0.07251993,0.61925087,0
1506153682,22096330,0.07251000,0.28793284,1
1506153681,22096329,0.07251000,0.11000000,0
1506153658,22096322,0.07238500,0.35591629,1
1506153581,22096281,0.07241000,3.77651398,1
1506153580,22096278,0.07241000,1.12865816,1
1506153473,22096204,0.07244300,0.31120238,1
1506153374,22096169,0.07251000,0.09359957,1
1506153372,22096165,0.07257400,0.68879762,0
1506153368,22096162,0.07257300,4.90664708,1
1506153368,22096161,0.07257300,0.09335292,1
1506153305,22096132,0.07261000,0.11000000,1
1506153249,22096121,0.07256513,10.00000000,1
1506153243,22096119,0.07274000,3.50000000,0
1506153243,22096117,0.07273000,0.40000000,0
1506153243,22096115,0.07269999,2.74000000,0
1506153183,22096111,0.07256506,0.20238900,1
1506153048,22096081,0.07250305,1.32827900,1
1506153048,22096080,0.07250303,10.37241900,1
1506153048,22096079,0.07250304,2.74000000,1
1506153045,22096070,0.07250303,4.55641592,1
1506153044,22096060,0.07270300,3.83566204,0
1506153043,22096058,0.07270000,2.74000000,0
1506153043,22096057,0.07269999,1.32648396,0
1506153043,22096056,0.07250303,13.10909131,1
1506153041,22096054,0.07250303,5.00000000,1
1506153040,22096053,0.07250303,16.35724600,1
1506153040,22096051,0.07250303,3.03131300,1
1506153040,22096049,0.07250303,11.24225400,1
1506153036,22096042,0.07250303,2.29074600,1
1506152838,22095973,0.07246201,0.10000000,1
1506152836,22095971,0.07246200,0.10000000,1
1506152834,22095970,0.07246200,0.10000000,1
1506152833,22095969,0.07236502,0.10000000,1
1506152831,22095968,0.07236501,0.10000000,1
1506152829,22095967,0.07236501,0.10000000,1
1506152827,22095965,0.07236501,0.10000000,1
1506152825,22095964,0.07236500,0.10000000,1
1506152824,22095963,0.07236500,0.10000000,1
1506152822,22095962,0.07234505,0.10000000,1
1506152820,22095961,0.07235000,0.10000000,1
1506152818,22095960,0.07235000,0.10000000,1
1506152816,22095955,0.07235000,0.10000000,1
1506152814,22095952,0.07235000,0.10000000,1
1506152813,22095950,0.07264962,1.98886518,1
1506152812,22095947,0.07264962,0.09988482,1
1506152812,22095946,0.07264962,5.62598905,1
1506152811,22095944,0.07264962,0.10000000,1
1506152811,22095943,0.07264962,0.11309695,0
1506152810,22095939,0.07253900,5.00000000,0
1506152808,22095938,0.07234004,0.10000000,1
1506152807,22095937,0.07234004,0.10000000,1
1506152807,22095936,0.07249000,0.20000000,0
1506152804,22095934,0.07234004,0.10000000,1
1506152803,22095933,0.07234003,0.10000000,1
1506152801,22095929,0.07234001,0.10000000,1
1506152799,22095928,0.07234000,0.10000000,1
1506152798,22095927,0.07234000,0.10000000,1
1506152772,22095916,0.07249900,0.47480000,1
1506152771,22095913,0.07249900,5.00000000,0
1506152744,22095886,0.07245400,3.14087226,0
1506152744,22095885,0.07244944,1.85912774,0
1506152472,22095846,0.07230100,3.24868100,1
1506152469,22095843,0.07231000,0.47480000,1
1506152396,22095816,0.07222533,0.10000000,1
1506152395,22095815,0.07247198,8.11182418,0
1506152395,22095814,0.07241000,5.00000000,0
1506152395,22095813,0.07238000,0.13842747,0
1506152393,22095811,0.07236075,0.51902297,0
1506152384,22095807,0.07224000,0.13842747,1
1506152299,22095799,0.07236075,11.28300000,0
1506152281,22095798,0.07236074,0.54585200,0
1506152172,22095785,0.07236075,0.09643200,0
1506152171,22095784,0.07236075,1.83687013,0
1506152171,22095783,0.07236048,0.37870487,0
1506152170,22095782,0.07236048,0.12142015,0
1506152170,22095781,0.07236047,0.84993285,0
1506152135,22095776,0.07236053,1.45982587,1
1506152135,22095775,0.07236053,0.00006947,1
1506152134,22095773,0.07236053,1.27993053,1
1506152134,22095772,0.07236053,1.46869500,1
1506152125,22095766,0.07236053,1.27130500,0
1506152012,22095738,0.07231900,5.00000000,0
1506152003,22095732,0.07228625,4.61628150,0
1506151864,22095711,0.07228600,0.40005254,1
1506151862,22095709,0.07222285,0.49994746,0
1506151738,22095675,0.07222293,0.23000000,0
1506151700,22095657,0.07215000,1.59600000,0
1506151699,22095656,0.07215000,0.27400000,0
1506151694,22095653,0.07215000,2.46600000,1
1506151550,22095634,0.07215500,0.52300000,1
1506151213,22095502,0.07233956,0.02256383,0
1506151213,22095500,0.07233956,0.13682358,0
1506151130,22095439,0.07215500,1.74007500,1
1506151128,22095433,0.07215501,2.74000000,1
1506151036,22095382,0.07211803,7.62504190,1
1506151033,22095376,0.07211803,2.06829642,1
1506151033,22095375,0.07216900,5.00000000,1
1506151033,22095374,0.07217001,0.13682358,1
1506150975,22095359,0.07217100,1.01475662,1
1506150932,22095343,0.07216300,1.02892064,1
1506150925,22095338,0.07216300,0.98178319,1
1506150898,22095331,0.07211701,5.69542470,1
1506150837,22095310,0.07225700,0.51149092,1
1506150837,22095309,0.07220000,0.08274000,0
1506150835,22095308,0.07215693,1.06734031,0
1506150738,22095291,0.07219992,1.22744102,0
1506150738,22095290,0.07219991,0.14369698,0
1506150705,22095280,0.07219991,0.86022600,0
1506150705,22095279,0.07219991,2.36682000,0
1506150600,22095253,0.07217800,1.00000000,0
1506150568,22095243,0.07220000,1.00000000,1
1506150500,22095222,0.07229998,1.00000000,0
1506150489,22095221,0.07230000,1.00000000,1
1506150476,22095220,0.07223000,1.50393984,1
1506150423,22095211,0.07235700,2.84777633,0
1506150422,22095210,0.07233000,0.15222367,0
1506150288,22095155,0.07217601,0.50000000,1
1506150259,22095149,0.07236000,0.13583964,0
1506150259,22095148,0.07234942,2.15516036,0
1506150170,22095131,0.07219000,0.28806331,1
1506150144,22095122,0.07221410,14.24400700,0
1506150121,22095102,0.07236032,2.98548000,0
1506150070,22095084,0.07236048,1.97730000,0
1506150020,22095068,0.07228001,0.99991686,1
1506149889,22095025,0.07236053,0.20000000,0
1506149849,22095020,0.07236040,1.11470000,0
1506149830,22095018,0.07236038,0.20000000,0
1506149804,22095013,0.07228000,0.62011400,1
1506149794,22095005,0.07236047,3.00000000,0
1506149789,22094998,0.07228012,2.59962646,1
1506149769,22094994,0.07228008,2.27443828,1
1506149769,22094993,0.07228009,2.74000000,1
1506149694,22094966,0.07228000,1.38593000,1
1506149688,22094965,0.07227600,5.00000000,0
1506149688,22094964,0.07219000,0.01436366,0
1506149648,22094957,0.07219000,1.91057900,0
1506149615,22094954,0.07217997,1.57642114,0
1506149615,22094953,0.07217996,0.24381186,0
1506149467,22094926,0.07200054,3.55614626,1
1506149332,22094898,0.07200016,0.08274000,1
1506149186,22094855,0.07200727,1.12500000,1
1506149012,22094771,0.07212000,0.67710435,0
1506149012,22094770,0.07212000,0.32971000,0
1506148988,22094754,0.07200709,2.05259000,1
1506148971,22094738,0.07200707,3.09797712,1
1506148927,22094719,0.07203603,8.00000000,1
1506148884,22094698,0.07203601,0.08274000,1
1506148868,22094689,0.07217000,1.13768507,0
1506148622,22094521,0.07209000,0.32971000,1
1506148622,22094520,0.07212000,0.08274000,1
1506148601,22094462,0.07219000,1.67505734,0
1506148592,22094450,0.07213802,1.47905400,0
1506148592,22094449,0.07213000,0.47490000,0
1506148592,22094447,0.07212000,0.30871600,0
1506148579,22094403,0.07208001,24.92704000,1
1506148541,22094317,0.07219729,2.01843000,1
1506148536,22094308,0.07219729,1.74212155,1
1506148530,22094303,0.07219728,0.80778678,1
1506148525,22094297,0.07219727,1.33519232,1
1506148521,22094274,0.07219727,9.71828000,1
1506148519,22094267,0.07221000,0.47490000,1
1506148506,22094192,0.07219727,3.70000000,1
1506148504,22094181,0.07219727,0.13852334,1
1506148497,22094174,0.07222753,1.84216200,0
1506148493,22094172,0.07222753,1.26456000,0
1506148493,22094171,0.07222000,0.47500000,0
1506148484,22094167,0.07221999,0.71512479,0
1506148363,22094071,0.07219719,0.53487000,1
1506148317,22094041,0.07219717,3.60000000,1
1506148313,22094036,0.07222000,0.47500000,1
1506148298,22094030,0.07219717,0.20800526,1
1506148217,22094014,0.07219717,8.13833000,1
1506148207,22094006,0.07219717,8.14226800,1
1506148207,22094004,0.07219717,0.90000000,1
1506148171,22093993,0.07219715,5.89535737,1
1506148075,22093964,0.07219703,1.25000000,1
1506148075,22093963,0.07219703,0.28383440,1
1506148071,22093958,0.07221000,0.28400000,1
1506148013,22093903,0.07221300,5.00000000,0
1506147998,22093864,0.07216700,5.00000000,0
1506147998,22093863,0.07215997,9.51835873,0
1506147998,22093862,0.07215000,0.90000000,0
1506147989,22093849,0.07212323,4.84628150,0
1506147989,22093848,0.07211000,0.08274000,0
1506147972,22093816,0.07200005,4.78790032,1
1506147972,22093815,0.07201900,0.25000000,1
1506147972,22093814,0.07202000,0.11114968,1
1506147966,22093798,0.07202000,0.13885032,1
1506147944,22093771,0.07211999,0.22999500,0
1506147944,22093769,0.07207295,1.01997282,0
1506147943,22093767,0.07206000,0.28400000,0
1506147933,22093760,0.07203000,0.25000000,1
1506147921,22093746,0.07205000,7.06890000,1
1506147878,22093695,0.07207311,2.03582169,1
1506147872,22093682,0.07207311,3.60000000,1
1506147861,22093665,0.07207311,10.59109910,1
1506147859,22093643,0.07207311,1.48699023,1
1506147858,22093636,0.07207311,11.37579196,1
1506147858,22093635,0.07207312,0.69582532,1
1506147856,22093623,0.07207312,3.60000000,1
1506147789,22093571,0.07207311,3.60000000,1
1506147785,22093557,0.07207311,4.07555941,1
1506147784,22093553,0.07207310,8.64469546,1
1506147782,22093537,0.07207309,8.64473948,1
1506147469,22093367,0.07207183,0.22999500,1
1506147449,22093344,0.07207175,4.30522654,1
1506147436,22093317,0.07207169,0.28080500,1
1506147429,22093308,0.07207166,0.08274000,1
1506147341,22093233,0.07207122,1.33817577,1
1506146983,22093115,0.07223562,2.50572700,0
1506146942,22093105,0.07206000,0.08274000,1
1506146936,22093096,0.07205110,0.50848800,1
1506146932,22093087,0.07205108,1.24991916,1
1506146927,22093078,0.07223000,0.26227900,0
1506146917,22093057,0.07221999,1.23333803,0
1506146915,22093056,0.07205100,5.94365103,1
1506146893,22093030,0.07221200,5.00000000,0
1506146892,22093029,0.07217999,0.22977795,0
1506146892,22093028,0.07217999,0.09385395,0
1506146883,22093018,0.07205092,1.33274000,1
1506146877,22093006,0.07205089,1.12500000,1
1506146824,22092963,0.07205065,1.38839900,1
1506146789,22092928,0.07205046,1.24992176,1
1506146779,22092919,0.07205041,1.24999500,1
1506146751,22092912,0.07205035,0.84268600,1
1506146568,22092868,0.07203782,0.35749500,1
1506146398,22092784,0.07217999,0.59000000,0
1506146386,22092779,0.07203759,0.51364000,1
1506145748,22092630,0.07203200,4.99988547,1
1506145742,22092629,0.07220500,0.35362900,0
1506145697,22092615,0.07205000,0.28699500,1
1506145561,22092535,0.07200393,0.19649546,1
1506145536,22092517,0.07210322,7.47751576,0
1506145529,22092504,0.07240036,17.30866618,0
1506145529,22092503,0.07240035,10.68823559,0
1506145529,22092502,0.07210300,5.00000000,0
1506145528,22092501,0.07201000,0.00000007,0
1506145520,22092468,0.07200000,19.31848000,1
1506145520,22092466,0.07200000,0.25000000,1
1506145518,22092441,0.07200001,0.47500000,1
1506145514,22092424,0.07200561,9.51676700,0
1506145510,22092416,0.07200561,3.83152000,0
1506145508,22092403,0.07200548,2.79658782,1
1506145503,22092379,0.07200560,2.60937100,1
1506145496,22092351,0.07200532,1.12500000,1
1506145495,22092344,0.07200532,0.70932259,1
1506145485,22092299,0.07201000,3.17996500,0
1506145479,22092269,0.07200518,0.25000000,1
1506145477,22092261,0.07200518,0.10062000,1
1506145475,22092252,0.07201000,0.25305493,0
1506145475,22092249,0.07200999,3.16567407,0
1506145467,22092192,0.07200504,1.04241270,1
