date,tid,price,amount,type
1506211259,22134805,238.99,10.08178707,0
1506211257,22134797,238.99,1.93320113,0
1506211245,22134781,238.99,0.03140800,0
1506211245,22134780,238.98,0.33380000,0
1506211235,22134773,238.99,0.36999000,1
1506211235,22134772,238.99,1.15497380,1
1506211235,22134771,239.11,0.33380000,1
1506211235,22134770,239.14,0.08274000,1
1506211204,22134752,238.99,0.26179031,1
1506211196,22134742,238.99,0.33380000,1
1506211188,22134737,239.00,0.33380000,1
1506211188,22134736,239.12,0.08274000,1
1506211122,22134676,239.21,0.60198869,1
1506211122,22134675,239.27,1.48773300,1
1506211122,22134674,239.28,1.20896021,1
1506211122,22134673,239.31,0.47897500,1
1506211112,22134640,239.57,0.74381116,0
1506211106,22134634,239.57,0.08805627,0
1506211106,22134633,239.55,0.47898018,0
1506211106,22134632,239.51,0.03000000,0
1506211105,22134631,239.50,0.18782159,0
1506211105,22134630,239.45,0.09996036,0
1506211096,22134622,239.25,1.25000000,1
1506211095,22134619,239.13,0.38397640,0
1506211095,22134618,239.13,1.24998950,0
1506211095,22134617,239.07,0.00000550,0
1506211072,22134592,239.07,0.78493000,0
1506211062,22134588,239.07,0.05373100,0
1506211051,22134575,239.00,0.25000000,0
1506211051,22134574,239.00,0.25000000,0
1506211051,22134573,239.00,0.63432589,0
1506211049,22134571,239.00,10.65926900,0
1506211034,22134564,239.00,1.84900000,0
1506211032,22134562,239.00,1.84900000,0
1506211028,22134559,239.00,1.84900000,0
1506210988,22134532,239.00,43.68075313,0
1506210982,22134530,239.00,57.51900000,0
1506210982,22134529,239.00,2.65000000,0
1506210980,22134523,239.00,6.94088757,0
1506210980,22134522,238.99,0.09000388,0
1506210979,22134519,238.99,0.22999612,0
1506210971,22134512,238.99,0.00000500,0
1506210969,22134507,238.99,0.36999500,0
1506210932,22134491,239.00,0.04670962,0
1506210932,22134490,238.99,0.45000000,0
1506210916,22134472,239.00,39.89158315,0
1506210916,22134471,238.99,0.53000000,0
1506210916,22134470,238.99,1.15112085,0
1506210854,22134452,238.99,1.90652329,0
1506210838,22134445,238.99,0.14757700,0
1506210766,22134406,238.99,40.47737300,0
1506210675,22134383,239.00,2.42874476,0
1506210669,22134380,239.00,0.21384938,0
1506210667,22134378,239.00,10.48615062,0
1506210658,22134369,239.00,0.06890242,0
1506210652,22134368,239.00,34.57000000,0
1506210627,22134366,239.00,0.23000000,0
1506210613,22134359,239.00,0.23000000,0
1506210610,22134348,239.00,2.82125845,0
1506210599,22134345,239.00,0.62012170,0
1506210584,22134341,239.00,0.05906000,0
1506210579,22134340,239.00,0.90000000,0
1506210573,22134338,239.00,0.68680378,0
1506210562,22134326,239.00,4.79843106,0
1506210562,22134324,239.00,11.18112970,0
1506210550,22134316,239.00,1.86733948,0
1506210543,22134312,239.00,0.52774479,0
1506210534,22134307,239.00,4.45794400,0
1506210515,22134298,239.00,9.59900000,0
1506210504,22134289,239.00,5.16629766,0
1506210498,22134282,239.00,6.26644600,0
1506210498,22134280,239.00,4.22000000,0
1506210462,22134250,239.00,0.28283000,0
1506210455,22134247,239.00,7.04761100,0
1506210454,22134244,239.00,8.01077400,0
1506210451,22134237,239.00,0.28233162,0
1506210422,22134210,239.00,2.56665000,0
1506210422,22134209,238.99,0.12000000,0
1506210408,22134197,238.98,8.64317213,0
1506210398,22134189,238.98,0.18922991,0
1506210384,22134171,238.98,0.13999065,0
1506210375,22134156,238.98,3.50933788,0
1506210374,22134154,238.97,0.00001618,0
1506210374,22134149,238.97,0.13998382,0
1506210365,22134140,238.98,3.64934465,0
1506210361,22134134,238.98,0.20000000,0
1506210360,22134133,238.98,4.02000000,0
1506210360,22134132,238.97,0.20000000,0
1506210355,22134129,238.97,0.19999500,0
1506210302,22134095,238.98,0.45000000,1
1506210281,22134078,239.00,7.07304900,0
1506210280,22134071,239.00,2.36327334,0
1506210279,22134069,239.00,14.24370590,0
1506210279,22134068,238.99,0.12993533,0
1506210278,22134064,238.99,0.11006467,1
1506210277,22134062,239.00,1.04648000,0
1506210276,22134061,239.00,2.36177471,0
1506210273,22134049,239.00,0.06421609,0
1506210272,22134046,239.00,0.94068212,0
1506210271,22134044,239.00,1.04509080,0
1506210264,22134034,239.00,2.82269627,0
1506210260,22134028,239.00,0.44424784,0
1506210259,22134027,239.00,5.50252720,0
1506210256,22134025,239.00,0.72096700,0
1506210253,22134019,239.00,3.28598564,0
1506210243,22134007,239.00,1.87246862,0
1506210242,22134006,239.00,15.51526165,0
1506210235,22133996,239.00,3.57435822,0
1506210229,22133992,239.00,7.16719800,0
1506210216,22133969,239.00,0.68807531,0
1506210214,22133961,239.00,0.50836397,0
1506210214,22133956,239.00,4.33263083,0
1506210213,22133948,239.00,2.55518300,0
1506210212,22133947,239.00,0.08246600,0
1506210210,22133943,239.00,8.39674300,0
1506210210,22133939,239.00,2.54934992,0
1506210209,22133937,239.00,25.07966000,0
1506210208,22133931,239.00,8.73292300,0
1506210205,22133908,239.00,4.32939275,0
1506210200,22133888,238.99,0.11000000,0
1506210197,22133881,239.00,0.15008717,0
1506210197,22133877,239.00,23.49535300,0
1506210195,22133869,239.00,0.15008717,0
1506210194,22133866,239.00,43.68259414,0
1506210193,22133865,239.00,0.47000000,0
1506210192,22133863,239.00,9.79562538,0
1506210191,22133862,239.00,0.63824197,0
1506210190,22133859,239.00,8.96060900,0
1506210189,22133853,239.00,4.43685521,0
1506210188,22133849,239.00,1.58968000,0
1506210187,22133841,239.00,0.64139200,0
1506210186,22133835,238.99,0.13000000,0
1506210185,22133829,239.00,4.43427771,0
1506210181,22133824,239.00,4.43170172,0
1506210176,22133804,239.00,0.30410096,0
1506210173,22133799,239.00,0.45000000,0
1506210173,22133798,239.00,52.68987447,0
1506210172,22133793,238.99,0.15000000,1
1506210172,22133790,239.00,4.42793431,0
1506210165,22133767,239.00,0.27777542,0
1506210163,22133760,239.00,4.42793967,0
1506210162,22133756,239.00,13.59886584,0
1506210162,22133755,239.00,1.87246862,0
1506210161,22133752,239.00,2.07175200,0
1506210159,22133748,238.99,0.12000000,1
1506210159,22133747,239.00,0.49000000,0
1506210158,22133741,239.00,4.42676527,0
1506210155,22133728,239.00,0.30397489,0
1506210153,22133727,239.00,3.95153034,0
1506210151,22133720,239.00,1.24518828,0
1506210150,22133717,239.00,4.42320998,0
1506210147,22133713,239.00,4.42165214,0
1506210146,22133710,238.99,0.15000000,1
1506210145,22133709,239.00,1.59899600,0
1506210145,22133708,239.00,11.54094979,0
1506210145,22133707,239.00,1.44061467,0
1506210143,22133702,239.00,4.42040515,0
1506210140,22133695,239.00,0.45560669,0
1506210139,22133692,239.00,4.40800435,0
1506210139,22133691,239.00,2.37808091,0
1506210135,22133676,239.00,28.57134638,0
1506210135,22133675,239.00,1.32414106,0
1506210133,22133669,238.99,0.18000000,1
1506210131,22133668,239.00,39.28320800,0
1506210128,22133659,239.00,0.47000000,0
1506210127,22133658,239.00,0.99750000,0
1506210119,22133654,238.99,0.21000000,1
1506210107,22133646,239.00,4.41899083,0
1506210106,22133643,238.99,0.25000000,1
1506210106,22133642,239.00,1.05257797,0
1506210103,22133637,239.00,2.37769583,0
1506210103,22133636,239.00,16.77717032,0
1506210102,22133629,239.00,2.37735909,0
1506210101,22133625,239.00,2.37769583,0
1506210101,22133624,239.00,3.77765690,0
1506210101,22133623,239.00,0.45594142,0
1506210099,22133620,239.00,4.77683400,0
1506210097,22133606,239.00,0.23004869,0
1506210094,22133599,239.00,4.41779775,0
1506210093,22133592,238.99,0.29000000,1
1506210093,22133591,239.00,7.46000000,0
1506210091,22133582,239.00,4.41701693,0
1506210085,22133579,239.00,0.91188284,0
1506210085,22133577,239.00,2.37016930,0
1506210083,22133572,239.00,0.76973760,0
1506210082,22133567,239.00,0.27948140,0
1506210080,22133565,238.99,0.35000000,1
1506210080,22133564,239.00,0.28001999,0
1506210078,22133561,239.00,0.28000000,0
1506210077,22133559,239.00,0.28001999,0
1506210076,22133555,239.00,2.51533258,0
1506210073,22133551,239.00,2.80018087,0
1506210071,22133547,239.00,3.60000000,0
1506210070,22133545,239.00,0.82912133,0
1506210070,22133543,239.00,1.20206039,0
1506210067,22133540,239.00,0.28000501,0
1506210067,22133538,238.99,0.41000000,1
1506210066,22133536,239.00,1.09800000,0
1506210062,22133522,239.00,2.80025932,0
1506210061,22133520,239.00,0.54582840,0
1506210056,22133514,239.00,0.44498304,0
1506210054,22133512,238.99,0.49000000,1
1506210051,22133508,239.00,1.64841004,0
1506210050,22133505,239.00,2.64985952,0
1506210049,22133503,239.00,1.04675716,0
1506210044,22133500,239.00,0.17080425,0
1506210042,22133498,239.00,0.64514644,0
1506210041,22133496,238.99,1.00224900,1
1506210040,22133494,238.99,0.58000000,1
1506210040,22133493,239.00,1.64729224,0
1506210028,22133481,238.99,1.18915300,1
1506210028,22133480,238.99,0.69000000,1
1506210027,22133478,239.00,1.18912133,0
1506210025,22133476,239.00,1.09763278,0
1506210016,22133462,239.00,200.04750000,0
1506210016,22133458,239.00,200.04750000,0
1506210015,22133453,238.97,9.60000000,0
1506210015,22133451,238.96,0.82000000,0
1506210015,22133449,238.96,14.99000000,0
1506210014,22133446,238.93,12.87900000,0
1506210014,22133445,238.87,8.11692957,0
1506210013,22133444,238.87,0.55307043,0
1506210000,22133434,238.86,0.66196357,0
1506210000,22133433,238.86,0.54912143,0
1506209962,22133409,238.85,0.37237233,0
1506209962,22133408,238.85,2.42101263,0
1506209919,22133369,238.85,0.22944582,0
1506209908,22133366,238.85,1.56954155,0
1506209882,22133345,238.79,0.08274000,0
1506209866,22133332,238.34,1.00448304,1
1506209866,22133331,238.34,1.48962300,1
1506209866,22133330,238.34,1.21108500,1
1506209866,22133329,238.54,0.08274000,1
1506209791,22133284,238.75,0.10000000,0
1506209785,22133277,238.75,0.90000000,0
1506209780,22133274,238.71,0.12214433,0
1506209774,22133270,238.70,0.07500000,0
1506209769,22133253,238.70,0.42500000,0
1506209769,22133252,238.70,0.25000000,0
1506209764,22133249,238.67,0.22900000,0
1506209758,22133242,238.67,2.06100000,0
1506209753,22133233,238.67,3.60000000,0
1506209746,22133218,238.50,0.16714903,0
1506209741,22133216,238.50,1.50434122,0
1506209734,22133210,238.50,1.15292163,0
1506209734,22133209,238.50,0.08694922,0
1506209734,22133208,238.50,3.03738723,0
1506209714,22133185,238.32,1.16024038,0
1506209665,22133158,238.32,0.05094573,0
1506209637,22133142,238.20,68.88980704,0
1506209636,22133141,238.20,0.98000000,0
1506209636,22133139,238.20,0.98000000,0
1506209636,22133138,238.19,0.98000000,0
1506209589,22133091,238.05,5.52332225,1
1506209588,22133090,238.05,1.67810629,1
1506209588,22133089,238.00,5.34459371,0
1506209588,22133088,238.00,1.59540629,0
1506209588,22133087,237.96,5.34455371,0
1506209588,22133086,237.95,0.08274000,0
1506209558,22133048,237.88,4.04451825,1
1506209441,22132967,237.81,0.02106682,0
1506209439,22132965,237.81,0.17249972,0
1506209432,22132925,237.65,0.25417575,0
1506209367,22132886,237.34,0.25417575,1
1506209367,22132885,237.34,0.08274000,1
1506209352,22132849,237.80,3.78793104,1
1506209338,22132842,238.00,3.06000000,0
1506209338,22132841,237.99,0.69000000,0
1506209338,22132840,237.83,1.25000000,0
1506209089,22132754,237.86,0.66295299,1
1506209087,22132753,237.76,1.43447557,0
1506208921,22132678,237.76,0.25172443,0
1506208881,22132668,237.74,1.15000000,0
1506208880,22132665,237.76,3.07380000,0
1506208880,22132664,237.75,0.81000000,0
1506208880,22132663,237.71,0.33620000,0
1506208825,22132647,237.70,4.00000000,0
1506208823,22132644,237.67,0.08274000,0
1506208353,22132451,237.56,0.00004000,0
1506208353,22132450,237.56,0.08270000,0
1506208133,22132372,237.40,0.89780000,0
1506208132,22132371,237.46,0.33620000,1
1506208013,22132338,237.40,0.00004000,1
1506208012,22132337,237.39,0.17156000,0
1506208009,22132333,237.39,0.08270000,1
1506207639,22132194,237.34,0.02527593,0
1506207144,22131990,237.07,0.61123468,0
1506207143,22131989,237.07,0.08274000,1
1506206988,22131952,237.20,0.25426000,1
1506206988,22131950,237.23,0.08274000,1
1506206766,22131873,237.52,0.25261030,0
1506206766,22131872,237.52,1.85394914,0
1506206764,22131871,237.50,0.08274000,1
1506206764,22131870,237.52,0.00951498,0
1506206762,22131869,237.50,0.08274000,0
1506206676,22131839,237.23,2.00000000,1
1506206644,22131803,237.20,3.79588839,0
1506206607,22131794,237.30,0.16477513,0
1506206510,22131766,237.18,1.30763880,0
1506206509,22131761,237.18,0.12342618,0
1506206506,22131759,237.21,0.49000000,1
1506206374,22131629,237.18,0.16477513,1
1506205897,22131457,237.70,0.08274000,1
1506205854,22131441,237.67,1.90000000,1
1506205854,22131440,237.67,2.50000000,1
1506205853,22131439,237.67,2.50000000,1
1506205852,22131438,237.50,2.50000000,0
1506205852,22131437,237.49,2.50000000,0
1506205635,22131351,237.44,0.03583730,0
1506205633,22131350,236.84,0.03583730,1
1506205633,22131349,237.46,1.49139100,1
1506205633,22131348,237.54,1.25000000,1
1506205633,22131347,237.58,0.08274000,1
1506205598,22131322,238.15,8.55766795,1
1506205598,22131321,238.16,1.44233205,1
1506205596,22131319,238.16,0.14658213,1
1506205443,22131268,238.16,1.98618282,1
1506205368,22131201,238.19,0.97000000,1
1506205358,22131181,238.19,1.17762439,1
1506205354,22131172,238.19,1.15000000,1
1506205352,22131145,238.19,1.86000000,0
1506205352,22131137,238.16,7.33001926,1
1506205339,22131092,238.20,2.28000000,0
1506205339,22131091,238.18,2.22000000,0
1506205322,22131073,238.20,31.34974811,0
1506205322,22131072,238.18,0.55000000,0
1506205321,22131071,238.18,0.19451600,1
1506205321,22131070,238.10,2.82674800,0
1506205321,22131069,238.10,0.25000000,0
1506205321,22131068,238.01,0.10000000,0
1506205320,22131066,238.00,1.00000000,0
1506205320,22131065,237.99,2.74000000,0
1506205318,22131063,237.95,0.42000000,0
1506205318,22131062,237.82,1.25000000,0
1506205315,22131060,237.73,1.25000000,0
1506205315,22131059,237.70,0.25000000,0
1506205243,22130966,237.45,0.08274000,1
1506205242,22130965,237.44,0.00001302,0
1506205242,22130964,237.44,0.90806000,0
1506205242,22130963,237.42,0.08274000,0
1506205203,22130940,237.23,0.06389351,0
1506205202,22130938,236.01,17.35108900,0
1506205201,22130936,236.27,1.06355900,1
1506205201,22130935,236.50,2.50000000,1
1506205201,22130932,236.53,0.47000000,1
1506205201,22130929,236.62,1.64000000,1
1506205200,22130928,236.64,5.97022000,1
1506205200,22130927,236.78,1.25000000,1
1506205200,22130926,236.78,3.85491200,0
1506205200,22130925,237.01,5.97022000,1
1506205198,22130924,237.10,1.00000000,1
1506205051,22130888,237.20,0.06389351,1
1506205051,22130887,237.22,0.08274000,1
1506205014,22130863,237.32,2.00000000,1
1506204762,22130739,237.58,0.33714959,0
1506204760,22130734,237.50,0.08274000,1
1506204700,22130722,237.34,0.12627000,0
1506204497,22130554,237.03,0.33630000,0
1506204461,22130536,237.00,1.98618282,1
1506204460,22130535,237.01,3.98697300,1
1506204408,22130518,237.08,0.49995783,0
1506204306,22130476,237.08,3.66370000,1
1506204306,22130475,237.09,0.33630000,1
1506204259,22130448,236.87,0.10200200,1
1506204259,22130447,236.88,4.11799800,1
1506204257,22130445,236.99,1.25000000,0
1506204254,22130441,236.73,0.00002264,0
1506204254,22130440,236.73,10.05740000,0
1506204253,22130439,236.72,4.22000000,0
1506204253,22130438,236.71,0.33700000,0
1506204104,22130381,236.93,0.08274000,0
1506204103,22130379,236.95,0.33700000,1
1506204103,22130378,236.96,0.08274000,1
1506204103,22130377,236.97,1.25000000,1
1506203836,22130204,237.32,0.20000000,0
1506203576,22130063,237.21,1.03776310,0
1506203533,22130042,237.31,4.15000000,1
1506203505,22130018,237.31,1.00000000,1
1506203501,22130015,237.31,0.65000000,1
1506203501,22130014,237.31,1.66000000,1
1506203501,22130013,237.32,0.34000000,1
1506203497,22130012,237.32,2.21600000,1
1506203496,22130010,237.32,1.33020000,0
1506203496,22130009,237.31,0.33680000,0
1506203496,22130008,237.30,0.33700000,0
1506203461,22129987,236.42,1.33020000,1
1506203460,22129986,236.44,3.47000000,1
1506203460,22129985,236.47,0.33680000,1
1506203460,22129984,236.66,1.25000000,1
1506203460,22129983,236.86,0.33700000,1
1506203447,22129964,237.49,0.89455898,0
1506203398,22129926,237.45,4.11177017,1
1506203398,22129925,237.44,1.00000000,0
1506203387,22129920,237.50,0.25000000,0
1506203387,22129919,237.50,0.50995780,0
1506203387,22129918,237.48,2.09495538,0
1506203387,22129917,237.45,1.25000000,0
1506203379,22129911,237.43,0.84519310,0
1506203365,22129906,237.07,1.25000000,0
1506203365,22129905,237.04,1.49416300,0
1506203365,22129904,237.00,4.71048011,0
1506203364,22129903,236.99,0.33800000,0
1506203310,22129878,236.64,1.25000000,1
1506203309,22129877,236.65,2.78000000,1
1506203309,22129876,236.65,3.44368076,1
1506203309,22129875,236.65,1.19188324,1
1506203309,22129874,236.65,6.48979000,1
1506203309,22129873,236.66,14.29797276,1
1506203306,22129872,236.64,1.49612300,1
1506203305,22129871,236.64,11.71958134,1
1506203305,22129870,236.64,1.33266000,1
1506203305,22129869,236.64,1.25000000,0
1506203305,22129868,236.63,30.76304000,0
1506203304,22129867,236.63,1.24996000,0
1506203304,22129866,236.63,0.08274000,0
1506203277,22129844,236.00,0.91726000,0
1506203276,22129843,236.62,0.08274000,1
1506203275,22129842,235.69,0.38382667,1
1506203275,22129841,235.87,0.28988560,1
1506203275,22129840,236.13,0.49000000,1
1506203275,22129839,236.29,0.25000000,1
1506203275,22129838,236.30,10.00000000,1
1506203275,22129837,236.31,1.25000000,1
1506203275,22129836,236.31,4.74788200,1
1506203274,22129835,236.34,0.26992573,1
1506203274,22129834,236.44,0.33800000,1
1506203274,22129833,236.53,0.08274000,1
1506203274,22129832,236.55,0.08274000,1
1506203249,22129827,236.88,0.50720381,0
1506203249,22129826,236.86,0.33800000,0
1506203217,22129815,236.48,1.96261900,1
1506203217,22129814,236.49,4.77042100,1
1506203217,22129813,236.54,1.25000000,1
1506203217,22129812,236.88,1.57996000,1
1506202795,22129682,236.88,0.33730000,1
1506202794,22129681,236.88,0.08274000,1
1506202769,22129674,236.91,1.16725500,0
1506202769,22129673,236.81,0.08274000,0
1506202699,22129631,236.50,0.00003337,0
1506202699,22129630,236.50,28.89120000,0
1506202683,22129625,236.73,0.52889000,0
1506202639,22129597,236.34,0.27229041,1
1506202639,22129594,236.47,0.33800000,0
1506202637,22129592,236.50,0.23743000,1
1506202637,22129591,236.50,0.16412793,1
1506202622,22129560,236.41,1.51671841,0
1506202622,22129558,236.41,1.25000000,1
1506202622,22129556,236.42,0.33730000,1
1506202621,22129555,236.50,0.16413106,0
1506202620,22129551,236.50,0.25000000,1
1506202387,22129482,237.02,2.77017617,1
1506202383,22129480,236.62,1.57070765,0
1506202383,22129479,236.62,0.08274000,0
1506202382,22129478,236.89,1.25000000,1
1506202382,22129477,236.90,0.25000000,1
1506202381,22129476,237.00,0.08179235,1
1506202381,22129475,237.01,0.08274000,1
1506202331,22129463,237.49,0.40963629,0
1506202287,22129452,237.16,0.87073800,1
1506202286,22129450,237.16,0.12926200,1
1506202286,22129449,237.17,0.27000000,0
1506201612,22129103,237.61,1.92473450,0
1506201508,22129076,237.41,2.11320390,1
1506201412,22129047,237.69,0.33560000,0
1506201412,22129046,237.59,0.08274000,0
1506201412,22129045,237.58,0.08274000,0
1506201210,22128966,237.50,2.37242392,1
1506201145,22128940,237.50,0.40048539,1
1506201059,22128879,237.50,25.77431400,1
1506201059,22128878,237.51,3.06000000,1
1506201059,22128877,237.51,4.40368600,1
1506201019,22128848,237.72,0.29171631,0
1506201012,22128847,237.51,1.77065500,0
1506201009,22128846,237.51,0.33560000,0
1506201005,22128844,237.51,3.86000000,0
1506201000,22128842,237.52,0.68254038,0
1506201000,22128841,237.52,2.05845935,0
1506200991,22128838,237.50,2.80650300,1
1506200984,22128833,237.50,4.00000000,1
1506200972,22128829,237.60,0.97893743,0
1506200972,22128828,237.54,0.33500000,0
1506200966,22128827,237.50,6.00000000,1
1506200965,22128826,237.51,5.96611500,0
1506200962,22128819,237.50,35.00000000,1
1506200925,22128780,237.51,2.31057300,1
1506200925,22128779,237.51,3.65480700,1
1506200905,22128777,237.54,5.96545000,0
1506200881,22128755,237.51,0.22992717,1
1506200869,22128724,237.51,1.25257800,1
1506200868,22128718,237.58,1.19537787,1
1506200863,22128707,237.51,2.71424700,1
1506200863,22128705,237.51,3.20301300,1
1506200863,22128704,237.54,0.08274000,1
1506200855,22128695,237.51,0.54359800,1
1506200855,22128693,237.59,0.08274000,1
1506200849,22128677,238.00,0.03964229,0
1506200848,22128676,237.98,0.08274000,1
1506200847,22128672,237.98,0.08274000,0
1506200845,22128668,237.57,1.16726000,1
1506200845,22128667,237.62,0.08274000,1
1506200843,22128661,237.61,0.08274000,1
1506200838,22128649,237.59,0.33493476,1
1506200756,22128590,237.65,1.38735900,1
1506200410,22128475,238.27,0.02518152,0
1506200379,22128463,238.14,2.09435626,0
1506200315,22128448,238.16,0.83767215,0
1506200294,22128440,238.29,0.34509351,0
1506200292,22128439,238.28,0.08274000,1
1506200292,22128438,238.28,0.08274000,0
1506200170,22128410,237.70,0.66164946,0
1506200169,22128409,237.70,3.87932600,0
1506200168,22128408,237.72,1.49093700,1
1506200168,22128407,237.72,1.50000000,1
1506200168,22128406,237.80,0.42000000,1
1506200168,22128405,237.81,0.25000000,1
1506200168,22128404,237.82,1.00500294,1
1506200113,22128389,238.00,1.04166116,1
1506200113,22128388,238.08,0.05003231,1
1506200113,22128387,238.12,0.17521874,1
1506200093,22128379,238.13,0.10480000,0
1506200039,22128353,238.12,0.80977203,0
1506200038,22128350,238.12,2.05680797,1
1506200036,22128345,238.12,2.48707296,1
1506200034,22128341,238.12,0.17575562,1
1506200033,22128327,238.13,0.35584656,1
1506200032,22128322,238.12,0.16843899,1
1506200012,22128297,238.19,0.23000000,0
1506199992,22128293,238.20,1.00126000,0
1506199991,22128292,238.20,0.33500000,1
1506199991,22128291,238.20,1.02022317,1
1506199991,22128290,238.30,0.08694922,1
1506199991,22128289,238.32,0.08274000,1
1506199504,22128041,238.20,9.06446000,1
1506199504,22128040,238.40,0.32154000,1
1506199495,22128038,238.40,12.67846000,1
1506199495,22128037,238.41,0.33480000,1
1506199495,22128036,238.44,0.08274000,1
1506199406,22128027,238.68,1.09133567,0
1506199406,22128025,238.67,2.56232204,0
1506199405,22128024,238.54,0.08274000,1
1506199222,22127920,238.34,0.08274000,1
1506199222,22127919,238.34,1.16725500,1
1506199177,22127900,238.49,0.10453268,0
1506198854,22127824,238.40,2.16359215,0
1506198854,22127823,238.40,0.52982383,0
1506198847,22127820,238.39,1.23448970,0
1506198712,22127769,238.40,2.77017617,0
1506198457,22127626,238.52,0.83640785,0
1506198421,22127618,238.34,0.08274000,0
1506198404,22127600,238.08,0.00000059,0
1506198402,22127595,238.08,0.86720010,0
1506198400,22127593,238.08,0.05005931,0
1506198397,22127590,238.10,0.08274000,1
1506198331,22127557,238.00,0.04373078,1
1506198331,22127555,238.12,1.25000000,1
1506198331,22127553,238.16,1.49059000,1
1506198330,22127551,238.36,0.08274000,1
1506198330,22127549,238.37,4.15449622,1
1506198299,22127538,238.51,1.50559725,0
1506198265,22127508,238.36,0.08274000,0
1506198219,22127482,238.47,1.15175296,0
1506198178,22127465,238.44,0.14464800,0
1506198178,22127464,238.30,0.25000000,0
1506198144,22127452,238.00,0.05442290,0
1506198144,22127450,238.00,1.08504110,0
1506198141,22127444,238.00,2.06656201,0
1506198141,22127441,238.00,1.15315126,0
1506198140,22127438,238.00,0.58857144,0
1506198140,22127436,238.00,0.18394957,0
1506198138,22127432,238.00,1.15319327,0
1506198137,22127430,238.00,0.05001184,0
1506198136,22127426,238.00,2.12112687,0
1506198136,22127424,238.00,0.18380761,0
1506198135,22127423,238.00,0.08274000,0
1506198134,22127421,238.00,1.92210084,1
1506198134,22127420,238.00,2.85532129,1
1506198127,22127417,238.28,0.39464773,0
1506198124,22127412,238.19,0.18380761,0
1506198094,22127399,238.17,0.26408984,1
1506198087,22127394,238.18,0.18585754,0
1506198081,22127386,238.19,0.33579973,1
1506198064,22127375,238.24,4.45810946,0
1506198064,22127374,238.24,3.79588839,0
1506197956,22127237,238.27,1.91857976,1
1506197947,22127227,238.22,1.12333233,1
1506197946,22127221,238.23,0.04000000,0
1506197942,22127203,238.23,0.46000000,0
1506197938,22127172,238.19,0.33522622,0
1506197935,22127158,238.00,1.45559909,0
1506197934,22127157,238.00,1.00067226,0
1506197934,22127151,238.00,2.18092437,0
1506197933,22127147,237.99,1.92075630,0
1506197931,22127139,238.00,2.16866554,0
1506197931,22127138,238.00,1.00000000,0
1506197931,22127137,238.00,7.79133446,0
1506197864,22127106,237.99,0.05002494,0
1506197862,22127103,237.99,0.05002494,0
1506197859,22127099,237.99,0.05005140,0
1506197854,22127095,237.95,0.08273436,1
1506197852,22127091,237.94,1.92115990,0
1506197777,22127032,237.79,0.10000000,1
1506197742,22127021,237.66,0.91726000,0
1506197742,22127020,237.42,0.08274000,0
1506197438,22126898,237.45,0.05620891,0
1506197414,22126888,237.09,5.15737720,0
1506197414,22126887,237.09,0.08274000,1
1506197379,22126858,237.06,0.18380761,1
1506197378,22126855,237.29,0.26554820,1
1506197378,22126854,237.30,0.08274000,1
1506197378,22126853,237.32,0.28516419,0
1506197376,22126852,237.32,0.08274000,1
1506197372,22126849,237.60,0.25426564,0
1506197372,22126848,237.60,0.08274000,0
1506197372,22126847,237.59,0.08274000,0
1506197368,22126846,237.61,0.05000041,0
1506197327,22126792,237.08,0.56032724,0
1506197327,22126791,237.31,0.28231908,1
1506197327,22126790,237.36,1.25000000,0
1506197326,22126789,237.57,0.08280585,1
1506197326,22126788,237.59,0.08280585,1
1506197324,22126787,237.60,0.08274000,1
1506197223,22126740,237.72,1.25000000,0
1506197221,22126736,237.59,0.08274000,0
1506197166,22126678,237.14,0.73406019,1
1506197166,22126676,237.26,0.33700000,1
1506197166,22126675,237.31,0.51229705,0
1506197164,22126670,237.31,0.08274000,1
1506197070,22126521,237.80,0.19810000,0
1506197070,22126520,237.80,0.41400000,0
1506197070,22126519,237.79,0.33470000,0
1506197047,22126501,237.83,0.08274000,0
1506197024,22126484,238.00,1.90264705,0
1506197015,22126472,237.07,2.19301692,1
1506197015,22126471,237.07,0.07800000,0
1506197015,22126470,237.50,1.25000000,1
1506197013,22126468,237.62,0.33600000,1
1506196986,22126460,237.60,0.09816955,0
1506196985,22126457,236.93,1.39678475,1
1506196983,22126456,237.10,0.09816955,1
1506196983,22126455,237.38,0.19008500,1
1506196981,22126451,236.92,1.27341357,1
1506196981,22126450,236.92,11.16000000,1
1506196981,22126448,237.10,0.25000000,1
1506196980,22126446,237.37,2.81434543,1
1506196980,22126444,237.40,0.25000000,1
1506196980,22126441,237.68,1.49091900,1
1506196980,22126438,237.70,0.25000000,1
1506196980,22126436,237.88,1.25000000,1
1506196980,22126435,237.99,0.16132200,1
1506196951,22126424,238.30,3.00000000,1
1506196853,22126375,238.21,3.85701692,0
1506196849,22126371,238.00,2.72791512,1
1506196849,22126370,238.00,13.97208488,1
1506196831,22126358,238.00,2.00000000,1
1506196827,22126357,238.00,3.63901512,1
1506196827,22126356,238.01,0.16132200,1
1506196799,22126348,238.00,0.07890000,1
1506196734,22126309,238.00,0.31000000,1
1506196726,22126306,238.01,0.54922067,1
1506196725,22126305,238.01,0.13248800,1
1506196725,22126304,238.21,0.12214433,1
1506196713,22126294,238.41,0.10000000,0
1506196695,22126277,238.40,10.00000000,1
1506196665,22126261,238.50,0.05601849,1
1506196647,22126218,238.50,1.49035200,1
1506196644,22126215,238.50,77.70000000,1
1506196643,22126214,238.50,25.05458700,1
1506196643,22126213,238.50,10.29801300,1
1506196643,22126211,238.50,3.02156800,1
1506196631,22126199,238.71,0.10000000,0
1506196581,22126145,238.60,2.93932546,1
1506196572,22126136,238.23,0.16544300,0
1506196572,22126135,238.23,0.71122011,0
1506196572,22126134,238.20,0.53877989,0
1506196572,22126133,238.20,2.96136611,1
1506196571,22126131,238.20,0.03863389,1
1506196571,22126130,238.21,0.33470000,1
1506196571,22126129,238.21,0.16544600,1
1506196570,22126128,238.50,1.25000000,1
1506196570,22126127,238.51,1.21118611,1
1506196570,22126126,238.69,0.08274000,1
1506196570,22126125,238.70,0.08274000,1
1506196523,22126099,238.99,1.25000000,0
1506196511,22126095,239.00,6.18119400,0
1506196511,22126094,238.99,0.08274000,0
1506196511,22126092,238.99,1.85000000,0
1506196508,22126090,239.00,69.69297716,0
1506196508,22126088,238.90,2.58291000,0
1506196507,22126087,238.90,1.25000000,1
1506196507,22126084,238.85,1.48185053,0
1506196507,22126083,238.84,0.50000000,0
1506196506,22126082,238.79,0.85345912,0
1506196506,22126080,238.68,0.33393381,0
1506196506,22126078,238.68,0.02255000,0
1506196505,22126077,238.65,10.06937227,0
1506196505,22126073,238.60,0.46000000,0
1506196505,22126072,238.60,2.29000000,0
1506196505,22126071,238.60,1.25000000,0
1506196503,22126069,238.57,10.91000000,1
1506196503,22126068,238.57,0.08274000,0
1506196496,22126059,237.99,0.08856882,0
1506196492,22126050,237.99,0.08856882,0
1506196487,22126037,238.18,1.25000000,1
1506196483,22126016,238.45,6.52999981,0
1506196483,22126014,238.20,0.00000019,0
1506196482,22126013,238.20,1.25000000,1
1506196482,22126012,238.44,0.33393381,1
1506196480,22126011,238.44,0.02255000,1
1506196452,22125970,238.00,4.55149540,0
1506196452,22125969,238.30,0.18782159,1
1506196452,22125968,238.32,1.49025200,1
1506196451,22125967,238.45,1.25000000,1
1506196451,22125966,238.49,0.31267025,1
1506196451,22125965,238.49,1.07703554,1
1506196451,22125964,238.50,0.85345912,1
1506196451,22125963,238.50,0.11178610,1
1506196451,22125961,238.52,0.08274000,1
1506196451,22125959,238.53,0.08274000,1
1506196401,22125935,238.85,3.51814947,0
1506196389,22125925,238.50,4.88821390,0
1506196380,22125923,238.50,1.92485400,0
1506196380,22125922,238.49,0.50000000,1
1506196357,22125894,238.49,0.85350023,0
1506196329,22125861,238.45,1.92485370,0
1506196323,22125832,238.28,1.38735900,1
1506196299,22125815,238.49,0.07248899,0
1506196288,22125805,238.46,0.00283066,0
1506196288,22125802,238.46,1.24716934,0
1506196263,22125760,238.50,2.94628933,0
1506196263,22125759,238.48,0.08274000,0
1506196260,22125758,237.44,0.92598922,1
1506196259,22125755,237.65,1.25000000,0
1506196259,22125754,237.65,0.08274000,0
1506196242,22125734,238.50,1.88752000,0
1506196242,22125733,237.99,1.25000000,0
1506196242,22125732,237.92,0.08274000,0
1506196242,22125731,237.91,0.08274000,0
1506196226,22125716,238.01,1.04714000,1
1506196221,22125704,238.50,3.35312277,0
1506196221,22125703,238.37,0.05038323,0
1506196221,22125702,237.93,1.25000000,0
1506196181,22125646,238.01,0.08274000,1
1506196179,22125645,238.01,0.08273996,0
1506196179,22125644,238.00,0.00000004,0
1506196179,22125643,238.00,7.79102596,1
1506196175,22125642,237.87,1.20897404,0
1506196175,22125641,237.72,1.00000000,0
1506196173,22125638,237.59,1.25000000,1
1506196172,22125635,237.59,1.84909644,0
1506196172,22125634,237.59,0.50000000,0
1506196171,22125633,237.50,1.36984731,0
1506196171,22125632,237.47,1.25000000,0
1506196168,22125627,237.37,0.66920760,0
1506196166,22125623,237.37,1.24165590,0
1506196165,22125619,237.37,1.56538587,0
1506196121,22125512,237.37,0.12604794,0
1506196079,22125462,237.37,1.00000000,0
1506196065,22125455,237.37,3.75000000,0
1506196065,22125454,237.24,1.25000000,0
1506195956,22125384,237.10,0.27647531,1
1506195956,22125383,237.13,6.59860000,1
1506195955,22125382,237.10,0.00001926,0
1506195955,22125381,237.10,1.24998074,0
1506195955,22125380,237.01,5.34861926,0
1506195596,22125192,237.10,6.80586126,0
1506195453,22125124,237.12,0.61703619,0
1506195129,22124930,237.61,0.65892429,0
1506195129,22124929,237.14,0.33650000,0
1506195129,22124928,237.00,0.25000000,0
1506195129,22124927,236.96,0.00099847,0
1506195124,22124924,236.96,1.24900153,0
1506195117,22124920,236.73,0.08274000,0
1506195084,22124910,236.96,0.61931784,0
1506195084,22124909,236.85,0.25000000,0
1506195084,22124908,236.84,0.12306000,0
1506195084,22124907,236.53,0.33800000,0
1506195054,22124897,235.51,0.66365200,1
1506195054,22124896,235.60,0.25000000,1
1506195054,22124895,235.61,0.96000000,1
1506195054,22124894,235.69,0.49000000,1
1506195054,22124893,235.72,4.80000000,1
1506195053,22124892,235.80,0.25000000,1
1506195053,22124891,236.28,1.49228800,1
1506195053,22124890,236.34,0.33800000,1
1506195053,22124888,236.34,0.12306000,1
1506195053,22124887,236.67,1.25000000,1
1506195035,22124882,235.84,0.23988219,1
1506195034,22124881,235.85,11.05201976,0
1506195034,22124880,235.85,1.25000000,0
1506195034,22124878,236.34,4.93250783,0
1506195034,22124877,236.43,1.49180800,1
1506195033,22124876,236.46,0.33650000,1
1506195033,22124874,236.66,0.08274000,1
1506195032,22124873,236.99,0.26590672,1
1506195032,22124872,237.00,0.26589550,1
1506195031,22124869,237.03,0.08274000,0
1506195006,22124838,237.02,2.12000000,1
1506195004,22124837,237.01,1.25000000,0
1506195003,22124834,237.00,18.20208334,0
1506195003,22124833,237.00,31.80130000,0
1506195003,22124832,237.00,16.99661666,0
1506195003,22124831,237.00,4.80000000,0
1506195003,22124830,236.98,0.42000000,0
1506195003,22124829,236.97,9.58468334,0
1506195002,22124826,236.97,2.83810000,0
1506195001,22124825,236.97,2.83810000,0
1506195001,22124824,236.97,2.83810000,0
1506195001,22124823,236.97,2.83810000,0
1506195000,22124822,236.97,2.83810000,0
1506195000,22124820,236.97,2.83810000,0
1506195000,22124817,236.96,2.52000000,0
1506195000,22124816,236.95,0.31805115,0
1506195000,22124815,236.94,1.93000000,0
1506194990,22124812,236.95,0.93194885,0
1506194923,22124792,236.78,7.00000000,0
1506194778,22124745,236.60,0.00004135,0
1506194778,22124744,236.60,26.66563207,0
1506194778,22124743,236.59,21.38326793,0
1506194773,22124741,236.59,5.21203300,1
1506194702,22124723,236.60,0.05004775,0
1506194682,22124712,236.59,0.18548312,1
1506194662,22124695,236.60,0.16883054,0
1506194660,22124687,236.60,0.83301715,0
1506194659,22124682,236.60,0.43243491,0
1506194658,22124668,236.60,3.17219496,0
1506194650,22124622,236.50,0.65000000,0
1506194606,22124572,236.49,0.08274000,1
1506194300,22124414,236.11,0.12412544,1
1506194300,22124413,236.12,0.31558400,1
1506194299,22124412,236.15,0.08274000,1
1506194248,22124389,236.54,0.99720977,0
1506194248,22124388,236.50,6.50000000,0
1506194247,22124387,236.41,0.08274000,1
1506194247,22124386,236.41,0.03825400,0
1506194174,22124364,236.40,7.00000000,0
1506194132,22124352,236.37,0.06000000,0
1506193993,22124317,236.00,0.11255000,1
1506193963,22124307,236.01,0.08245000,0
1506193712,22124241,236.33,0.08274000,0
1506193710,22124240,236.34,0.21100956,1
1506193642,22124230,236.00,0.50000000,1
1506193551,22124186,236.21,2.11137922,0
1506193445,22124125,236.00,0.05226000,1
1506193444,22124124,236.04,0.08274000,1
1506193409,22124112,236.45,0.03289000,0
1506193409,22124111,236.36,0.08274000,0
1506193386,22124097,236.02,1.12595300,0
1506193385,22124096,236.10,0.03582000,1
1506193228,22124047,236.10,0.09418000,1
1506192991,22123936,236.01,1.67000000,0
1506192985,22123934,236.01,2.46069001,1
1506192930,22123905,236.41,1.52358191,0
1506192928,22123903,236.18,0.58666211,0
1506192903,22123892,236.18,0.10000000,0
1506192882,22123881,236.22,0.10000000,0
1506192863,22123873,236.05,5.00000000,1
1506192861,22123870,236.22,0.06229420,0
1506192861,22123869,236.22,0.03770580,0
1506192819,22123860,236.00,0.36880187,1
1506192819,22123859,236.01,0.08274000,1
1506192777,22123819,236.00,1.86707000,1
1506192777,22123818,236.01,0.08274000,1
1506192698,22123792,236.33,0.20735244,0
1506192582,22123751,236.69,0.05173000,0
1506192471,22123707,236.58,0.81655254,0
1506192470,22123706,236.37,0.08274000,1
1506192470,22123703,236.37,0.33800000,1
1506192469,22123701,236.37,0.08274000,0
1506192265,22123647,236.00,0.07228187,1
1506192264,22123646,236.00,1.75367900,1
1506192264,22123645,236.08,1.25000000,1
1506192264,22123644,236.13,0.33800000,1
1506192264,22123642,236.16,1.49284100,1
1506192263,22123641,236.17,0.08274000,0
1506192262,22123640,236.23,0.08274000,1
1506192208,22123628,236.53,0.74749800,0
1506192208,22123627,236.49,0.21901000,0
1506192207,22123625,236.48,0.08274000,0
1506192206,22123621,236.49,0.11799000,0
1506192206,22123620,236.49,0.08274000,0
1506192108,22123583,236.18,0.05096986,1
1506192060,22123570,236.01,0.19289404,1
1506192060,22123569,236.40,1.25000000,1
1506192060,22123568,236.50,0.78393873,1
1506192060,22123567,236.70,0.42000000,1
1506192060,22123566,236.70,1.49183200,1
1506192060,22123565,236.80,4.18481523,1
1506192059,22123564,236.80,0.03866449,1
1506192043,22123557,236.53,0.44914004,1
1506192043,22123556,236.66,0.08274000,1
1506192009,22123549,237.08,0.33699500,0
1506191960,22123512,236.84,1.84909644,0
1506191927,22123495,236.50,30.53826000,1
1506191927,22123494,236.54,1.25000000,1
1506191927,22123492,236.65,0.33700000,1
1506191927,22123491,236.78,0.08274000,1
1506191898,22123474,237.15,1.50567697,0
1506191897,22123473,237.14,1.64895090,0
1506191869,22123463,237.30,1.56759712,1
1506191869,22123462,237.29,0.90000000,0
1506191869,22123461,237.11,1.25000000,0
1506191869,22123460,237.02,0.08274000,0
1506191788,22123407,236.67,0.82976973,1
1506191788,22123406,236.70,0.08274000,1
1506191761,22123373,236.71,2.00000000,1
1506191664,22123341,237.18,1.39147482,0
1506191664,22123340,237.14,0.08274000,0
1506191663,22123337,237.13,0.21082448,0
1506191662,22123336,237.13,0.12617552,0
1506191634,22123332,236.71,1.33026000,1
1506191634,22123331,236.76,0.33700000,1
1506191634,22123330,236.77,1.25000000,1
1506191634,22123329,236.88,0.08274000,1
1506191552,22123292,237.40,0.56976732,1
1506191552,22123291,237.33,0.03975985,0
1506191551,22123290,237.26,0.33700017,1
1506191551,22123289,237.26,0.08274000,0
1506191321,22123154,237.23,3.71872034,1
1506191321,22123153,237.24,0.08274000,1
1506191297,22123119,237.16,3.67138278,1
1506191262,22123089,237.32,0.33692400,0
1506191230,22123069,236.93,0.00003981,0
1506191163,22123032,236.93,0.16548600,0
1506191127,22123019,236.93,0.09100400,0
1506191127,22123018,236.91,0.08274000,0
1506191127,22123017,236.90,0.08274000,0
1506191054,22123005,236.90,4.07800000,1
1506191041,22122994,236.93,0.90000000,0
1506191038,22122992,236.93,3.80146034,0
1506191004,22122986,236.94,2.88626000,1
1506191004,22122985,236.98,0.33700000,1
1506190999,22122982,236.98,1.25000000,1
1506190995,22122981,237.01,2.18421300,1
1506190995,22122980,237.01,1.96578700,1
1506190995,22122979,237.06,1.25000000,1
1506190995,22122978,237.20,0.08274000,1
1506190927,22122941,237.25,1.16726033,1
1506190927,22122940,237.49,0.08239467,1
1506190927,22122939,237.50,0.08274000,1
1506190924,22122938,237.76,0.65621454,0
1506190923,22122937,237.74,0.34504546,0
1506190916,22122933,237.76,0.41886776,0
1506190914,22122932,237.75,0.63000000,0
1506190702,22122801,238.00,0.08255021,1
1506190690,22122792,238.00,0.03894000,1
1506190528,22122717,238.00,0.50000000,1
1506190490,22122706,238.03,1.11049027,0
1506190402,22122693,238.00,1.40000000,1
1506190302,22122661,238.00,1.97850979,0
1506190229,22122636,237.73,0.11220609,1
1506190229,22122635,238.08,0.53188004,0
1506190227,22122634,238.08,0.21324200,1
1506190227,22122633,238.08,0.98285371,1
1506190208,22122624,238.10,0.67500000,0
1506190161,22122585,238.10,0.21154088,1
1506190158,22122556,238.10,0.93000000,0
1506190157,22122555,238.10,5.22845912,0
1506190157,22122554,238.10,0.21154088,0
1506190154,22122547,238.08,1.02524687,0
1506190154,22122545,238.08,0.22475313,0
1506190154,22122544,238.08,0.98122287,0
1506190102,22122517,238.08,0.22479838,0
1506190101,22122516,238.07,0.19000000,0
1506190091,22122513,238.08,3.00000000,0
1506190068,22122511,238.07,0.56903431,0
1506190068,22122510,237.95,1.25000000,0
1506190067,22122509,237.88,0.02114753,0
1506190002,22122484,237.72,7.00000000,0
1506189975,22122476,237.49,0.00041373,0
1506189974,22122471,237.49,0.08233127,0
1506189960,22122447,237.49,0.33925500,0
1506189960,22122446,237.46,0.08274000,0
1506189912,22122432,237.38,0.02114753,1
1506189912,22122431,237.39,1.36999500,1
1506189911,22122430,237.38,4.27000000,0
1506189761,22122353,237.15,0.08274000,1
1506189756,22122350,236.82,0.75255332,1
1506189756,22122349,236.95,0.41867055,1
1506189756,22122348,236.95,1.10318197,0
1506189754,22122347,237.16,0.00000025,1
1506189741,22122324,237.51,1.24999500,0
1506189741,22122323,237.17,0.00000500,0
1506189727,22122305,237.17,1.61725500,0
1506189721,22122297,237.17,0.08274000,1
1506189598,22122200,237.16,1.00000000,1
1506189598,22122199,237.16,3.20602100,1
1506189569,22122194,237.30,0.01736000,1
1506189563,22122191,237.23,0.08274000,0
1506189562,22122189,236.71,2.73873006,1
1506189562,22122188,236.74,2.26126994,1
1506189401,22122093,236.57,1.03574761,1
1506189380,22122085,236.13,1.22920520,0
1506189380,22122084,236.13,2.65266466,0
1506189379,22122083,236.60,1.25000000,1
1506189379,22122082,236.73,0.26619872,1
1506189379,22122081,236.73,0.26619872,1
1506189377,22122080,236.74,0.16817709,1
1506189348,22122073,236.76,0.05000000,1
1506189337,22122071,236.98,0.23768650,1
1506189337,22122070,236.98,0.26591794,1
1506189317,22122051,237.10,1.11148434,0
1506189313,22122050,237.10,1.25000000,0
1506189309,22122047,237.10,0.60000000,0
1506189309,22122046,237.10,1.00000000,0
1506189305,22122038,237.10,0.47222518,0
1506189303,22122037,237.10,0.42000000,1
1506189303,22122036,237.11,2.66993230,1
1506189266,22122028,237.10,1.03922794,0
1506189266,22122027,237.09,0.17367306,0
1506189245,22122023,237.09,0.16212694,0
1506189243,22122021,237.10,0.54335100,0
1506189237,22122018,237.13,1.25000000,1
1506189226,22122016,237.19,1.25000000,1
1506189213,22122012,237.13,0.00000017,0
1506189212,22122011,237.13,4.93250783,1
1506189209,22122010,237.36,1.25000000,1
1506189199,22122006,237.14,9.87000000,1
1506189198,22122005,237.49,1.25000000,1
1506189194,22122004,237.50,1.25000000,1
1506189185,22122002,237.51,1.25000000,1
1506189185,22122001,237.70,0.08274000,1
1506189127,22121986,237.68,0.08274000,0
1506189111,22121983,238.17,7.34729954,0
1506189111,22121982,238.12,0.23000000,0
1506189111,22121981,238.05,0.73732368,0
1506189111,22121980,237.92,0.08274000,0
1506189075,22121967,238.04,0.37812972,0
1506189075,22121966,238.01,1.25000000,0
1506189074,22121965,237.90,0.08274000,0
1506189000,22121916,237.55,1.16726000,1
1506188999,22121915,237.72,0.08274000,1
1506188996,22121914,237.56,1.25000000,1
1506188996,22121913,237.57,0.33580000,1
1506188996,22121912,237.70,0.08274000,1
1506188850,22121836,237.43,0.73732368,0
1506188849,22121833,237.64,0.33523003,1
1506188849,22121832,237.82,1.25000000,1
1506188847,22121826,238.02,1.20897404,1
1506188832,22121774,238.36,0.16172003,1
1506188825,22121755,238.36,3.95717700,1
1506188802,22121744,238.36,0.09209087,1
1506188737,22121682,238.36,1.18522941,1
1506188736,22121679,238.37,0.05040844,1
1506188718,22121645,238.37,0.03362102,1
1506188696,22121605,238.37,0.75626510,1
1506188689,22121603,238.37,0.47700000,1
1506188689,22121602,238.42,0.02300000,1
1506188650,22121585,238.37,1.03645171,1
1506188635,22121579,238.37,0.75000000,1
1506188634,22121578,238.38,1.25000000,1
1506188596,22121568,238.62,0.88882574,0
1506188596,22121567,238.62,0.32000000,0
1506188596,22121566,238.53,1.25000000,0
1506188596,22121565,238.37,0.98996201,0
1506188595,22121564,238.36,0.08274000,1
1506188561,22121552,238.19,2.00000000,0
1506188526,22121540,238.32,0.05127559,0
1506188526,22121539,238.21,0.11726000,0
1506188525,22121537,238.14,0.08274000,0
1506188425,22121510,237.79,0.11726000,1
1506188424,22121509,237.81,0.08274000,1
1506188342,22121463,238.10,30.93187736,0
1506188342,22121462,238.09,0.47000000,1
1506188342,22121461,238.09,5.22194690,0
1506188341,22121460,238.03,1.25000000,0
1506188341,22121459,238.01,0.24987506,0
1506188341,22121458,238.00,1.01889582,0
1506188340,22121457,237.98,0.14049857,0
1506188340,22121456,237.98,0.51869748,0
1506188339,22121455,237.68,1.79000000,1
1506188338,22121454,237.68,0.00002026,0
1506188275,22121436,237.68,6.91070917,0
1506188237,22121421,237.71,0.08274000,1
1506188219,22121413,237.72,0.24652120,1
1506188219,22121409,237.98,0.21627868,0
1506188128,22121354,237.98,0.44000000,0
1506187992,22121281,237.98,0.28116564,0
1506187992,22121280,237.90,0.01357076,0
1506187988,22121268,237.90,2.71615800,0
1506187988,22121267,237.90,0.63560319,0
1506187984,22121254,237.74,1.36454259,1
1506187984,22121253,237.75,0.63545741,1
1506187960,22121232,237.87,1.24044027,0
1506187959,22121231,237.87,0.24639508,0
1506187959,22121228,237.87,1.22932246,0
1506187958,22121223,237.87,0.24631101,0
1506187957,22121222,237.87,0.72625342,0
1506187956,22121215,237.87,0.24618489,0
1506187939,22121192,237.77,1.86630000,1
1506187920,22121179,237.76,1.75796366,1
1506187919,22121178,237.82,0.07856634,1
1506187917,22121174,237.89,0.42153936,0
1506187904,22121168,237.84,0.57725852,1
1506187903,22121167,237.84,0.08274000,1
1506187902,22121165,237.85,0.11152124,0
1506187902,22121164,237.84,0.66000000,0
1506187902,22121160,237.55,0.30268516,1
1506187901,22121159,237.83,0.00000984,1
1506187901,22121158,237.83,0.32888200,0
1506187839,22121076,237.51,0.32888200,1
1506187838,22121075,237.58,0.08274000,1
1506187802,22121029,237.50,1.13275000,1
1506187790,22121014,237.50,1.22363000,1
1506187784,22121009,237.50,0.59970000,1
1506187756,22120959,237.65,0.00752185,0
1506187756,22120958,237.51,1.21110971,0
1506187756,22120957,237.48,0.69862844,0
1506187756,22120956,237.38,0.08274000,0
1506187724,22120946,237.24,0.65325700,0
1506187723,22120943,237.20,1.78971000,1
1506187719,22120937,237.24,3.20000000,0
1506187700,22120909,237.00,1.79346943,0
1506187682,22120896,237.00,0.03106480,0
1506187633,22120885,237.00,0.11729073,0
1506187603,22120880,237.00,0.91340000,0
1506187603,22120879,236.99,0.33660000,0
1506187596,22120875,237.00,0.13312033,0
1506187593,22120874,237.17,1.25000000,1
1506187593,22120873,237.20,0.33660000,1
1506187593,22120872,237.27,1.21110971,1
1506187593,22120871,237.30,0.08274000,1
1506187593,22120870,237.31,0.13120500,1
1506187549,22120851,237.27,0.00122805,1
1506187549,22120850,237.40,1.75407195,1
1506187548,22120849,237.40,1.61126000,1
1506187534,22120818,237.62,2.00000000,0
1506187528,22120815,237.27,0.03835095,1
1506187509,22120799,237.98,0.80743871,1
1506187508,22120797,237.98,0.79000000,1
1506187506,22120795,237.98,7.40000000,1
1506187506,22120794,237.90,1.43763700,0
1506187506,22120793,237.89,13.57200000,0
1506187506,22120792,237.88,0.19000000,0
1506187506,22120791,237.74,3.96528700,0
1506187505,22120790,237.71,1.25000000,0
1506187505,22120789,237.68,0.97000000,0
1506187505,22120788,237.60,1.00000000,0
1506187505,22120787,237.49,1.20999578,0
1506187505,22120786,237.41,0.24065668,0
1506187505,22120785,237.39,0.42000000,0
1506187505,22120784,237.38,3.96528700,0
1506187451,22120760,237.31,0.08274000,1
1506187450,22120759,237.27,0.08274000,0
1506187439,22120752,236.95,0.33680000,0
1506187431,22120750,236.77,0.15600983,1
1506187376,22120742,236.99,0.46076342,0
1506187375,22120741,236.99,0.13322675,1
1506187326,22120736,237.34,0.02098256,0
1506187289,22120723,237.05,1.25000000,1
1506187280,22120721,237.05,0.95364822,1
1506187280,22120720,237.10,1.20999578,1
1506187280,22120719,237.11,0.33680000,1
1506187280,22120718,237.16,0.08274000,1
1506187034,22120656,237.20,0.41681600,0
1506186997,22120627,237.00,0.78672528,0
1506186994,22120624,236.85,0.10756083,1
1506186969,22120617,237.00,2.03537000,0
1506186964,22120615,237.00,2.03741000,0
1506186950,22120611,237.00,0.14049472,0
1506186950,22120610,237.00,0.32131405,0
1506186950,22120609,236.97,1.11063237,0
1506186936,22120605,236.70,1.04898786,0
1506186936,22120604,236.73,1.11063237,1
1506186928,22120602,236.99,1.00041600,0
1506186910,22120589,236.90,5.33977019,0
1506186910,22120588,236.89,0.33670000,0
1506186889,22120579,236.78,4.42130017,1
1506186889,22120578,236.79,0.24199983,1
1506186889,22120577,236.81,0.33670000,1
1506186869,22120573,236.74,4.91726000,1
1506186869,22120572,236.74,0.08274000,1
1506186797,22120540,237.00,0.95540084,0
1506186741,22120522,237.00,2.40470982,0
1506186741,22120521,237.00,0.00288283,0
1506186646,22120480,237.00,2.28957284,0
1506186646,22120479,237.00,3.89096181,0
1506186597,22120463,237.00,0.81158252,0
1506186597,22120462,237.00,2.49841748,0
1506186596,22120459,237.00,6.02514767,0
1506186560,22120437,237.00,3.78090293,0
1506186560,22120436,237.00,0.06605909,0
1506186510,22120426,237.00,0.25253165,0
1506186479,22120411,237.00,4.20928270,0
1506186478,22120410,237.00,0.52635987,0
1506186401,22120390,236.96,0.70658347,0
1506186327,22120347,236.96,0.05000757,0
1506186322,22120344,236.96,0.05003414,0
1506186322,22120341,236.56,6.00000000,1
1506186309,22120332,236.96,0.40294731,0
1506186309,22120331,236.92,0.08274000,0
1506186206,22120273,236.66,0.55924902,0
1506186206,22120272,236.72,1.20957249,1
1506186206,22120271,236.94,0.08274000,1
1506186080,22120215,237.57,3.33451527,0
1506186080,22120214,237.56,0.24000000,0
1506186079,22120213,237.21,3.96951000,0
1506186079,22120212,237.20,0.25000000,0
1506186079,22120211,237.19,1.20000000,0
1506186079,22120210,237.00,3.82534234,0
1506186079,22120209,236.99,0.97916842,0
1506186079,22120208,236.94,0.05274000,0
1506186079,22120207,236.94,0.17634594,0
1506186079,22120206,236.51,1.25000000,0
1506186079,22120204,236.40,13.82537803,0
1506186076,22120202,236.40,1.73805437,0
1506186075,22120201,236.40,5.00000000,0
1506186072,22120199,236.40,1.73896567,0
1506186071,22120198,236.40,1.40945405,0
1506186069,22120192,236.40,0.05000477,0
1506186066,22120186,236.40,0.30824873,0
1506186066,22120185,236.40,1.68880595,0
1506186065,22120181,236.40,0.05004029,0
1506186062,22120176,236.40,4.29560067,0
1506186062,22120174,236.40,0.52157597,0
1506186048,22120155,236.40,1.37696232,0
1506186027,22120139,236.40,0.89283678,0
1506186027,22120138,236.32,8.96543422,0
1506185999,22120111,236.32,5.00000000,0
1506185962,22120099,236.30,3.68142471,0
1506185958,22120098,236.30,5.00000000,0
1506185956,22120094,236.30,5.00000000,0
1506185947,22120084,236.30,2.05690305,0
1506185947,22120083,236.25,0.38738303,0
1506185943,22120080,236.25,0.42222222,0
1506185929,22120074,236.25,3.01854000,0
1506185920,22120069,236.25,2.13121693,0
1506185918,22120067,236.25,4.48914524,0
1506185917,22120066,236.25,2.80338624,0
1506185915,22120060,236.25,2.80338624,0
1506185889,22120043,236.25,3.94472010,0
1506185889,22120042,236.15,0.05527990,0
1506185847,22120022,236.15,0.19472010,0
1506185847,22120020,236.10,0.25000000,0
1506185847,22120018,236.09,0.02527990,0
1506185839,22120011,236.04,0.31362010,0
1506185805,22119974,235.91,0.10768538,0
1506185671,22119906,235.84,0.48482471,1
1506185668,22119904,235.83,0.48666860,0
1506185668,22119903,235.82,0.08274000,0
1506185560,22119859,235.45,0.08276044,0
1506185559,22119851,235.45,4.91723956,0
1506185559,22119850,235.44,0.08274000,0
1506185473,22119810,234.48,0.67424612,1
1506185472,22119809,234.61,0.80885388,1
1506185472,22119808,234.81,2.68000000,1
1506185463,22119805,236.02,0.78788372,0
1506185463,22119804,236.02,0.03500000,0
1506185463,22119803,236.00,0.25000000,0
1506185463,22119802,236.00,0.00125000,0
1506185463,22119801,235.93,0.20723507,0
1506185462,22119800,235.80,0.24707820,0
1506185462,22119799,235.79,3.03000000,0
1506185459,22119791,233.93,0.20723507,1
1506185459,22119789,233.94,0.48694778,1
1506185459,22119788,234.01,0.54000000,1
1506185459,22119787,234.60,0.24707820,1
1506185459,22119786,234.80,0.25000000,1
1506185459,22119785,234.81,2.67000000,1
1506185459,22119784,234.87,0.46000000,1
1506185459,22119783,234.98,4.10822197,1
1506185458,22119782,234.98,0.10608570,1
1506185458,22119781,235.00,3.60000000,1
1506185458,22119780,235.00,5.25951400,1
1506185458,22119779,235.01,0.36848036,1
1506185458,22119778,235.01,0.33890000,1
1506185450,22119777,235.01,0.52035063,1
1506185450,22119776,235.37,0.39663719,1
1506185450,22119775,235.37,0.07336281,1
1506185450,22119774,235.38,0.99266300,1
1506185444,22119772,235.69,0.08274000,1
1506185442,22119771,235.68,0.08274000,1
1506185439,22119768,235.67,0.52647772,1
1506185387,22119736,235.99,1.85156151,0
1506185355,22119722,235.17,0.64618079,1
1506185355,22119721,235.50,0.99243000,1
1506185355,22119718,235.59,0.16851490,1
1506185355,22119717,235.59,1.24999500,1
1506185354,22119716,235.94,0.52189405,1
1506185316,22119703,236.00,0.24875000,0
1506185315,22119701,235.95,0.00125000,0
1506185314,22119700,235.95,0.24875000,0
1506185312,22119693,235.94,0.10179457,0
1506185193,22119652,235.84,1.24998284,0
1506185184,22119650,235.83,0.04003921,0
1506185174,22119644,235.83,0.23387700,0
1506185173,22119643,235.83,0.80756889,0
1506185172,22119638,235.83,0.04003921,0
1506185172,22119634,235.82,10.13776631,1
1506185167,22119626,235.80,0.86648557,0
1506185112,22119600,235.91,0.49000000,0
1506184989,22119511,235.93,1.08773429,0
1506184989,22119510,235.93,0.08274000,1
1506184988,22119509,235.80,0.48672043,0
1506184988,22119507,235.69,0.29719217,0
1506184988,22119506,235.65,0.08612896,0
1506184987,22119505,235.64,0.20575889,0
1506184987,22119504,235.57,0.08274000,1
1506184985,22119495,235.25,1.25000000,0
1506184982,22119489,235.01,5.00000000,1
1506184980,22119485,235.00,5.25951973,0
1506184972,22119481,235.00,1.74227813,0
1506184967,22119479,235.00,5.00000000,0
1506184958,22119473,235.00,5.00000000,0
1506184882,22119430,234.99,0.00330256,1
1506184881,22119429,234.99,0.26605369,1
1506184869,22119427,235.00,0.50153191,0
1506184829,22119416,235.00,0.23769033,0
1506184829,22119415,235.00,3.13282681,0
1506184823,22119413,234.99,0.20534375,1
1506184775,22119382,235.24,0.13366125,0
1506184769,22119376,234.99,0.08274000,0
1506184768,22119374,234.99,0.99344000,1
1506184768,22119373,234.99,0.93041521,1
1506184767,22119372,235.25,0.27000000,1
1506184766,22119371,234.99,4.00209262,1
1506184766,22119370,235.21,0.13427113,1
1506184766,22119369,235.24,0.13363625,1
1506184757,22119367,235.28,0.01285100,1
1506184756,22119366,235.28,0.49000000,1
1506184755,22119363,235.28,0.49000000,1
1506184754,22119361,235.34,0.49000000,0
1506184752,22119360,235.33,0.08274000,1
1506184751,22119354,235.34,0.30272036,0
1506184749,22119350,235.35,0.33900000,1
1506184748,22119344,235.64,4.27000000,1
1506184711,22119330,235.65,0.16387104,0
1506184711,22119328,235.65,0.25000000,0
1506184623,22119310,235.55,0.25000000,0
1506184500,22119270,235.38,0.77828883,0
1506184459,22119256,235.35,0.83648821,0
1506184458,22119255,235.35,0.41351179,0
1506184446,22119244,235.30,1.00000000,0
1506184373,22119218,235.38,0.10570627,1
1506184292,22119183,235.40,0.15012200,0
1506184218,22119121,235.55,0.56246242,1
1506184218,22119120,235.45,0.25000000,0
1506184216,22119119,235.20,1.25000000,0
1506184123,22119096,235.15,0.08274000,1
1506184072,22119055,235.16,0.03535511,1
1506184072,22119054,235.16,1.73692000,1
1506184070,22119053,235.19,0.08274000,1
1506184044,22119038,235.16,2.53308000,1
1506183991,22119027,235.00,2.92360805,0
1506183990,22119025,235.00,4.27000000,0
1506183959,22119006,235.00,0.92427400,0
1506183958,22119005,234.99,4.72000000,0
1506183948,22118996,234.99,0.17191300,0
1506183937,22118987,235.00,0.40484300,0
1506183937,22118985,234.99,1.85501511,0
1506183934,22118978,234.99,3.01057900,0
1506183923,22118965,235.00,11.90780208,0
1506183923,22118964,235.00,0.39666600,0
1506183922,22118962,235.00,0.37000000,0
1506183915,22118956,235.00,4.00126000,0
1506183910,22118949,235.00,2.45757400,0
1506183852,22118912,234.98,0.01726000,1
1506183850,22118911,234.75,0.08274000,0
1506183844,22118906,234.79,0.14099500,0
1506183836,22118902,234.81,1.34487500,0
1506183814,22118898,234.42,0.10563048,1
1506183814,22118897,234.45,0.99413800,1
1506183814,22118896,234.48,2.65868300,1
1506183814,22118895,234.48,0.08274000,1
1506183745,22118869,234.97,0.50091501,0
1506183735,22118864,234.83,0.42477537,0
1506183709,22118851,234.63,2.39112702,1
1506183708,22118849,234.64,1.24999500,0
1506183708,22118848,234.63,1.40953500,0
1506183669,22118822,233.76,2.01155147,0
1506183669,22118821,233.84,0.10775252,1
1506183669,22118820,233.86,0.48507286,1
1506183669,22118819,233.86,3.97538700,0
1506183668,22118818,233.86,3.97538700,0
1506183668,22118817,233.95,5.14000000,1
1506183667,22118816,233.98,4.05957039,1
1506183667,22118815,234.39,0.09879504,1
1506183667,22118814,234.45,1.25000000,1
1506183665,22118813,234.67,3.97235700,1
1506183625,22118804,235.00,0.33126000,0
1506183625,22118803,235.00,3.41458600,0
1506183625,22118802,234.99,1.60000000,0
1506183620,22118800,234.98,0.10000000,0
1506183577,22118750,234.99,0.01726000,0
1506183577,22118749,234.97,0.08274000,0
1506183542,22118742,234.81,0.10000000,0
1506183402,22118698,234.39,0.08274000,0
1506183373,22118680,234.49,3.78946735,0
1506183372,22118679,234.45,0.34050000,0
1506183307,22118614,233.89,0.88873300,1
1506183296,22118593,234.00,0.25000000,1
1506183296,22118592,234.00,20.43052713,1
1506183296,22118591,234.07,0.08274000,1
1506183286,22118583,234.52,1.38360609,0
1506183278,22118563,234.62,1.25000000,0
1506183278,22118562,234.58,0.08274000,0
1506183262,22118498,234.00,7.55676000,1
1506183262,22118496,234.01,0.08274000,0
1506183262,22118495,234.01,0.34050000,1
1506183261,22118492,234.37,1.25000000,1
1506183258,22118477,234.00,3.41458600,1
1506183258,22118476,234.20,0.25000000,1
1506183258,22118475,234.30,0.25000000,1
1506183257,22118473,234.39,1.25000000,1
1506183257,22118471,234.42,0.34100000,1
1506183257,22118469,234.55,0.08274000,1
1506183235,22118448,234.96,2.12270174,0
1506183207,22118430,234.89,0.60752226,0
1506183195,22118422,234.66,0.08274000,0
1506183185,22118408,234.67,0.08274000,0
1506183180,22118401,234.32,0.25708228,0
1506183128,22118375,234.31,0.34000000,1
1506183125,22118370,234.32,0.90390796,0
1506183124,22118368,234.32,0.25699897,1
1506183108,22118356,234.73,0.34000000,1
1506183105,22118353,235.00,0.87085106,1
1506183089,22118346,234.60,0.07490839,1
1506183086,22118344,234.71,0.08274000,1
1506183068,22118339,235.12,0.02163792,0
1506183063,22118336,235.11,0.18151642,0
1506183058,22118325,235.11,0.04215829,0
1506183054,22118319,235.23,0.10000000,1
1506183053,22118318,235.23,0.05141893,0
1506183048,22118315,235.07,1.67787901,0
1506183047,22118314,235.07,0.99270500,0
1506183042,22118310,234.88,0.86400000,1
1506183042,22118308,234.96,0.66121119,1
1506183041,22118306,235.00,0.28480945,1
1506183037,22118304,235.01,0.15800740,0
1506183033,22118299,235.02,0.17344110,0
1506183025,22118290,235.00,2.56328503,1
1506183022,22118287,234.97,0.99309700,0
1506183015,22118284,234.96,0.25851589,0
1506183010,22118279,234.91,0.34000000,0
1506182997,22118271,234.68,0.07084080,0
1506182992,22118270,234.68,0.63756718,0
1506182987,22118269,234.68,0.20539489,0
1506182982,22118265,234.68,0.20755611,0
1506182980,22118263,234.68,0.73925151,0
1506182977,22118261,234.68,0.25047116,0
1506182972,22118259,234.68,0.30543712,0
1506182967,22118250,234.68,0.37245581,0
1506182957,22118244,234.68,0.55372765,0
1506182952,22118242,234.68,0.15478704,0
1506182947,22118237,234.68,1.39308328,0
1506182944,22118234,234.68,2.55930000,0
1506182942,22118232,234.60,0.31895852,0
1506182935,22118230,234.60,0.17997773,0
1506182921,22118224,234.60,0.19606207,0
1506182921,22118223,234.60,1.05614493,0
1506182914,22118221,234.60,0.44982950,0
1506182911,22118220,234.60,0.32041773,0
1506182898,22118211,234.60,1.57024473,0
1506182751,22118156,234.67,1.57088678,0
1506182746,22118154,234.68,1.57158684,0
1506182741,22118151,234.68,0.04653940,0
1506182710,22118124,234.68,0.03637000,0
1506182707,22118123,234.68,0.49776352,0
1506182695,22118118,234.68,0.63764500,0
1506182621,22118075,234.68,0.06140968,0
1506182621,22118074,234.67,0.08274000,0
1506182615,22118072,234.60,2.99076091,0
1506182461,22118009,234.55,0.41000000,1
1506182461,22118008,234.59,0.34000000,1
1506182461,22118007,234.69,1.35000000,1
1506182276,22117909,235.24,1.05751530,0
1506182212,22117890,235.08,0.08274000,1
1506182097,22117874,235.53,0.04282696,0
1506182025,22117862,235.09,3.31389689,0
1506182025,22117861,235.03,0.08274000,0
1506181995,22117853,235.61,1.39041668,0
1506181995,22117852,235.35,0.25000000,0
1506181995,22117851,235.15,0.25000000,0
1506181994,22117850,234.81,1.25000000,0
1506181994,22117849,234.78,0.99422700,0
1506181994,22117848,234.50,2.16051510,0
1506181994,22117847,234.49,0.02263000,0
1506181994,22117846,234.48,0.08274000,0
1506181980,22117845,234.50,1.25000000,0
1506181931,22117813,234.11,4.58764900,1
1506181931,22117812,234.11,0.36235100,0
1506181931,22117811,234.50,1.00000000,1
1506181929,22117806,234.56,1.25000000,1
1506181916,22117772,234.58,0.02263000,1
1506181859,22117737,234.56,4.27000000,0
1506181834,22117732,235.10,5.26125053,0
1506181832,22117730,234.60,3.97441100,0
1506181766,22117670,234.51,3.33000000,0
1506181757,22117669,234.51,0.94000000,1
1506181756,22117668,234.51,4.27000000,1
1506181755,22117667,234.51,4.27000000,1
1506181670,22117649,234.48,0.00843323,1
1506181670,22117648,234.50,0.08274000,1
1506181658,22117645,234.50,0.08274000,1
1506181655,22117643,234.82,3.41051510,0
1506181590,22117570,235.06,0.21820000,0
1506181589,22117569,234.72,0.08274000,0
1506181401,22117482,234.69,1.12500000,0
1506181214,22117432,234.44,0.09992575,0
1506181212,22117431,234.25,0.00007425,0
1506181184,22117413,234.25,0.15501527,0
1506181111,22117403,234.25,0.13399197,0
1506181102,22117401,234.25,0.71091851,0
1506181102,22117400,234.23,0.08253850,0
1506181102,22117399,234.22,0.08274000,0
1506181037,22117379,234.40,0.67422000,0
1506181037,22117378,234.39,0.08274000,0
1506181019,22117373,233.88,3.40147109,1
1506181019,22117372,233.90,0.25000000,1
1506180973,22117348,233.98,3.12687154,1
1506180973,22117347,234.00,0.20575889,1
1506180973,22117346,234.07,0.08274000,1
1506180971,22117345,234.20,0.87236039,1
1506180877,22117269,234.22,0.08177250,1
1506180768,22117238,234.00,2.86666237,1
1506180767,22117237,234.01,0.21225399,1
1506180767,22117236,234.12,0.08274000,1
1506180739,22117215,234.44,1.30333000,0
1506180739,22117214,234.41,0.08274000,0
1506180732,22117210,234.44,0.02146000,0
1506180732,22117209,233.95,1.95000000,1
1506180732,22117208,233.95,1.25000000,0
1506180731,22117207,234.00,0.50000000,1
1506180731,22117206,234.10,0.25000000,1
1506180729,22117205,234.30,0.25000000,1
1506180712,22117197,234.44,4.39000000,1
1506180676,22117165,234.72,0.01726000,0
1506180676,22117163,234.71,0.08274000,0
1506180676,22117162,234.71,0.13900000,0
1506180660,22117142,234.50,0.25000000,1
1506180660,22117141,234.60,0.25000000,1
1506180660,22117140,234.70,0.25000000,1
1506180660,22117139,234.72,0.25000000,1
1506180655,22117126,234.84,0.10000000,0
1506180470,22117069,234.90,0.25000000,1
1506180426,22117035,234.77,0.53944833,1
1506180414,22117025,235.70,0.10000000,0
1506180404,22117007,235.76,0.10000000,1
1506180402,22117004,235.00,0.68200000,1
1506180380,22116975,235.00,1.51690724,0
1506180379,22116968,235.00,13.04409276,0
1506180378,22116966,235.01,7.10000000,1
1506180378,22116965,235.21,0.33900000,1
1506180366,22116938,235.39,0.18725800,0
1506180362,22116928,236.58,2.03187082,1
1506180362,22116927,235.33,1.91726000,0
1506180360,22116923,235.32,0.33860000,0
1506180344,22116908,235.32,0.33900000,0
1506180316,22116881,235.37,0.08274000,1
1506180307,22116877,235.85,0.01726000,1
1506180306,22116875,235.85,0.08274000,0
1506180265,22116779,235.51,1.52504000,1
1506180264,22116778,235.51,0.33860000,1
1506180245,22116761,235.57,0.43429446,0
1506180240,22116755,235.62,0.48058554,1
1506180240,22116753,235.64,0.33900000,1
1506180239,22116752,235.65,1.25388000,1
1506180238,22116751,235.82,1.25387000,1
1506180234,22116747,235.88,0.33830000,1
1506180224,22116725,235.93,0.08274000,1
1506180206,22116696,235.90,0.91257000,1
1506180206,22116695,235.91,0.33830000,1
1506180183,22116684,236.45,0.01726000,0
1506180183,22116683,236.44,0.08274000,0
1506179986,22116617,236.32,1.25000000,1
1506179963,22116607,236.48,6.07463636,0
1506179963,22116606,236.48,6.55140000,0
1506179963,22116605,236.48,6.55140000,0
1506179960,22116603,236.48,1.25000000,1
1506179960,22116602,236.48,1.25000000,1
1506179960,22116601,236.48,1.25000000,1
1506179960,22116600,236.48,1.25000000,1
1506179959,22116599,236.48,1.33270000,1
1506179959,22116598,236.48,1.33270000,1
1506179959,22116597,236.48,1.33270000,1
1506179959,22116596,236.48,1.33270000,1
1506179959,22116594,236.48,1.33270000,1
1506179959,22116593,236.48,0.35000000,1
1506179945,22116589,236.49,0.10190800,1
1506179938,22116577,236.50,0.08274000,1
1506179936,22116576,236.48,0.90000000,1
1506179936,22116575,236.48,0.26726000,1
1506179936,22116574,236.49,0.08274000,1
1506179934,22116573,236.48,0.90000000,1
1506179931,22116570,236.48,0.08274000,1
1506179931,22116569,236.44,1.25000000,0
1506179770,22116520,235.63,0.39822600,1
1506179770,22116519,235.76,0.08274000,1
1506179749,22116494,236.25,0.05803600,0
1506179741,22116489,237.59,0.05803554,1
1506179740,22116485,237.37,0.48062520,0
1506179740,22116482,237.20,1.00000000,0
1506179740,22116481,237.20,3.48526000,1
1506179739,22116480,237.19,0.47000000,0
1506179739,22116479,237.18,0.64000000,0
1506179739,22116477,237.00,0.56128187,0
1506179738,22116476,237.00,0.50000000,0
1506179738,22116475,236.97,0.08274000,0
1506179738,22116474,236.93,3.22000000,0
1506179737,22116473,236.92,5.63194193,0
1506179737,22116472,236.92,1.80000000,1
1506179737,22116471,236.26,0.98944200,1
1506179737,22116470,236.23,1.25000000,0
1506179735,22116469,236.16,0.32064000,0
1506179709,22116464,236.19,0.01726000,0
1506179709,22116463,236.03,0.08274000,0
1506179316,22116293,236.00,0.66615309,1
1506179302,22116291,236.19,0.83364500,0
1506179300,22116288,236.00,3.00000000,1
1506179248,22116272,236.00,1.16217000,1
1506179247,22116271,236.00,5.43636000,1
1506179231,22116269,236.19,2.05454184,1
1506179224,22116266,236.18,6.26667013,1
1506179105,22116222,236.00,0.97915660,1
1506179104,22116220,236.03,0.05986527,1
1506179104,22116219,236.09,5.00000000,1
1506179102,22116217,236.18,1.96097813,1
1506179057,22116202,236.18,1.20067823,1
1506179055,22116200,236.20,0.08274000,1
1506179003,22116185,236.10,0.05998904,1
1506178912,22116108,236.01,3.40035168,1
1506178887,22116083,236.00,7.43706544,1
1506178882,22116079,236.29,0.97244683,0
1506178882,22116078,236.29,0.08274000,0
1506178806,22116035,236.05,0.55151920,1
1506178799,22116032,236.05,1.69710373,0
1506178795,22116031,236.06,0.15191613,1
1506178795,22116030,236.06,0.18598387,1
1506178795,22116029,236.40,0.08274000,1
1506178783,22116020,236.90,0.42432233,0
1506178783,22116019,236.85,1.43194767,0
1506178782,22116018,236.67,1.25000000,0
1506178655,22115940,236.85,0.61672390,0
1506178531,22115905,236.62,18.46517699,0
1506178488,22115900,236.62,1.26481278,0
1506178447,22115886,236.62,25.00000000,0
1506178443,22115885,236.62,0.08126000,0
1506178441,22115884,236.61,3.92000000,0
1506178364,22115864,236.07,0.08274000,0
1506178317,22115852,236.38,0.75704374,0
1506178315,22115850,236.25,0.08274000,0
1506178265,22115821,235.59,2.61777727,1
1506178264,22115819,235.80,1.25000000,1
1506178264,22115818,236.00,1.04948273,1
1506178264,22115817,236.04,0.08274000,1
1506178171,22115787,236.00,0.19995763,1
1506178170,22115785,236.00,1.84997911,1
1506178163,22115782,236.00,0.30093221,1
1506177994,22115708,235.98,0.25658856,0
1506177994,22115707,235.98,0.99152471,0
1506177993,22115705,235.98,0.00847529,0
1506177992,22115704,235.95,0.25000000,0
1506177992,22115703,235.62,1.25000000,0
1506177990,22115700,235.40,0.34150382,0
1506177979,22115696,235.40,0.15849618,0
1506177965,22115684,235.19,0.50000000,0
1506177829,22115652,234.76,0.10173698,0
1506177806,22115636,234.72,0.08274000,0
1506177787,22115623,234.57,0.81036967,1
1506177786,22115622,234.70,0.25000000,1
1506177723,22115600,234.71,0.08274000,1
1506177717,22115596,234.68,1.25000000,0
1506177717,22115595,234.50,0.16205132,0
1506177717,22115594,234.45,0.39926200,0
1506177707,22115582,234.50,6.22827867,0
1506177707,22115581,234.46,0.08472133,0
1506177632,22115565,234.46,0.41527867,0
1506177604,22115537,234.30,0.39619200,1
1506177567,22115525,234.30,0.00307000,1
1506177567,22115524,234.36,4.39000000,1
1506177563,22115523,234.49,1.00000000,0
1506177499,22115504,234.48,4.39000000,0
1506177492,22115503,234.46,1.25000000,0
1506177492,22115502,234.45,0.08274000,0
1506177480,22115500,234.50,2.07278302,0
1506177480,22115499,234.49,0.24500000,0
1506177480,22115498,234.45,1.25000000,0
1506177479,22115497,234.20,0.41000000,0
1506177479,22115496,234.12,0.02221698,0
1506177390,22115479,234.19,0.65970377,1
1506177387,22115474,234.20,0.09000000,0
1506177365,22115469,234.50,4.97688699,0
1506177348,22115467,234.68,2.17794443,1
1506177265,22115446,234.44,1.16689430,1
1506177253,22115439,234.50,0.08274000,1
1506177221,22115410,234.55,0.08273663,0
1506177221,22115405,234.55,0.54072337,1
1506177130,22115368,235.13,1.61436373,0
1506177130,22115367,235.13,0.08274000,0
1506177015,22115333,234.70,0.24500000,0
1506176917,22115283,235.35,12.34132732,0
1506176916,22115282,235.33,4.32000000,0
1506176916,22115280,235.12,1.25000000,0
1506176915,22115279,235.09,0.56506470,1
1506176915,22115278,235.09,0.99269200,0
1506176915,22115277,234.88,0.56503598,0
1506176914,22115276,234.83,0.08274000,0
1506176876,22115267,234.55,0.45927663,1
1506176876,22115266,234.56,0.08274000,1
1506176842,22115244,235.00,0.00000025,1
1506176841,22115243,235.00,3.68778100,1
1506176841,22115241,235.00,13.00176100,1
1506176840,22115240,235.00,0.33986873,1
1506176840,22115239,235.00,0.08274000,1
1506176839,22115238,234.86,0.99273000,0
1506176839,22115237,234.85,2.75311902,0
1506176769,22115201,234.62,0.33986873,1
1506176764,22115197,234.80,0.50000000,1
1506176756,22115185,234.84,11.03712886,0
1506176755,22115183,234.84,0.08274000,0
1506176750,22115181,234.82,0.97356100,1
1506176749,22115180,234.83,0.08274000,1
1506176747,22115177,234.82,0.08274000,1
1506176747,22115176,234.82,0.11095877,1
1506176737,22115172,234.87,0.56506470,1
1506176736,22115170,234.87,0.68493530,1
1506176736,22115169,235.00,0.56506470,1
1506176669,22115148,235.22,0.20623292,0
1506176669,22115145,235.13,0.08434981,0
1506176669,22115143,235.12,0.99202700,0
1506176667,22115141,235.11,0.70000000,0
1506176537,22115074,235.00,0.43493530,1
1506176502,22115048,235.04,0.55866632,1
1506176502,22115046,235.22,0.08274000,1
1506176480,22115039,235.04,0.11095877,1
1506176480,22115038,235.18,0.08274000,1
1506176472,22115030,235.52,2.00126000,0
1506176434,22115023,235.45,0.25419410,0
1506176373,22115010,235.32,0.45992142,0
1506176373,22115008,235.32,0.00000555,0
1506176362,22115003,235.32,0.17654100,0
1506176332,22114986,235.32,0.26292229,0
1506176332,22114985,235.28,0.08274000,0
1506176325,22114981,234.80,0.16958465,0
1506176324,22114978,234.81,0.08274000,1
1506176321,22114977,235.32,0.05053116,0
1506176320,22114976,235.28,0.08274000,0
1506176245,22114943,235.51,0.28028533,0
1506176245,22114942,235.49,0.99163900,0
1506176243,22114941,235.29,0.34000000,0
1506176243,22114940,235.23,0.08274000,0
1506176214,22114933,234.62,0.65026500,1
1506176214,22114932,234.65,0.08274000,1
1506176203,22114925,234.08,0.73300419,0
1506176201,22114924,234.23,1.22873742,1
1506176201,22114923,234.24,2.42825839,1
1506176197,22114922,234.05,0.11526380,1
1506176197,22114920,234.05,1.25000000,0
1506176197,22114918,234.23,0.99058700,0
1506176196,22114917,234.77,1.00000000,1
1506176196,22114916,234.91,1.80043420,1
1506176196,22114915,235.10,0.34000000,1
1506176195,22114914,235.20,1.25000000,1
1506176195,22114913,235.21,0.16097500,1
1506176193,22114911,235.23,0.08274000,1
1506176171,22114896,235.36,0.66547230,1
1506176171,22114894,235.36,0.58452270,0
1506176170,22114893,235.36,0.66547730,0
1506176170,22114892,235.29,0.16098070,0
1506176170,22114890,235.24,0.08274000,0
1506176170,22114889,235.22,0.08274000,0
1506176117,22114879,234.95,0.64708413,0
1506176006,22114842,235.01,0.99186900,0
1506176005,22114840,235.00,10.41113900,1
1506176002,22114838,235.01,0.13000000,0
1506176001,22114837,235.00,0.13523198,1
1506175968,22114826,234.73,2.19772400,1
1506175948,22114820,234.65,0.31827000,0
1506175948,22114817,234.65,0.02173000,0
1506175944,22114807,234.39,0.00008194,0
1506175944,22114806,234.39,3.99991806,0
1506175937,22114805,234.24,2.19772469,0
1506175937,22114804,234.80,3.96151400,1
1506175937,22114803,234.80,1.25000000,0
1506175937,22114802,235.00,0.10254131,1
1506175936,22114801,235.12,0.08274000,1
1506175936,22114799,235.15,0.90000000,0
1506175935,22114798,235.15,0.08274000,0
1506175934,22114796,235.15,0.34000000,1
1506175934,22114795,235.15,0.08274000,1
1506175873,22114763,235.47,0.08274000,1
1506175872,22114761,235.46,0.08274000,0
1506175870,22114759,235.06,0.25147749,1
1506175867,22114758,235.06,0.33008987,1
1506175867,22114757,235.10,2.54971101,1
1506175867,22114756,235.28,0.45000000,1
1506175866,22114754,235.30,2.00000000,1
1506175866,22114753,235.50,1.25000000,1
1506175865,22114751,235.63,2.80000000,1
1506175816,22114723,235.93,0.04225830,0
1506175713,22114689,235.74,2.16144039,1
1506175713,22114688,235.91,0.48230261,1
1506175692,22114683,235.95,0.20241600,0
1506175581,22114596,235.95,0.08274000,0
1506175411,22114511,236.19,1.25000000,1
1506175405,22114509,236.23,0.08274000,0
1506175405,22114507,236.23,1.25000000,1
1506175353,22114471,236.57,1.25000000,1
1506175352,22114469,236.92,2.45770724,1
1506175352,22114467,236.90,0.33760000,0
1506175351,22114466,236.85,0.08274000,1
1506175350,22114465,236.85,1.24993664,0
1506175350,22114464,236.85,0.08274000,0
1506175342,22114456,236.14,0.06538584,1
1506175342,22114455,236.15,0.33760000,1
1506175342,22114454,236.34,0.18318916,1
1506175336,22114448,236.74,0.00014784,1
1506175335,22114443,236.74,1.24985216,1
1506175327,22114436,236.72,1.16726000,1
1506175327,22114435,236.97,0.08274000,1
1506175323,22114429,236.99,0.08274000,1
1506175323,22114428,237.00,0.42973938,1
1506175320,22114423,237.08,1.86014000,0
1506175317,22114410,237.08,0.12503482,0
1506175317,22114409,237.06,0.08327535,0
1506175308,22114403,237.00,0.15000000,1
1506175212,22114355,237.14,1.25396406,1
1506175166,22114334,237.53,3.40159138,0
1506175157,22114332,237.09,7.06936600,0
1506175079,22114306,237.32,0.08274000,0
1506175079,22114305,237.32,0.00625000,1
1506175074,22114292,237.32,1.24375000,1
1506175050,22114272,237.67,0.25232465,0
1506175006,22114246,237.41,0.46999962,0
1506175005,22114245,237.20,0.00000038,0
1506174865,22114140,237.20,0.99999962,0
1506174865,22114139,237.00,0.57973938,0
1506174660,22114030,237.00,0.13475000,0
1506174656,22114028,237.00,0.13459737,0
1506174626,22114017,237.00,0.10000000,0
1506174625,22114015,237.00,1.00000000,1
1506174625,22114014,237.14,0.97916842,1
1506174625,22114013,237.15,0.33560000,1
1506174624,22114012,237.20,0.08274000,1
1506174624,22114011,237.22,14.29797276,1
1506174624,22114010,237.90,3.02243207,1
1506174623,22114006,237.79,0.36751530,0
1506174602,22113990,238.11,0.12248470,1
1506174602,22113988,238.01,2.27725492,0
1506174601,22113987,237.92,1.80000000,0
1506174599,22113985,238.32,0.15932069,0
1506174599,22113984,238.12,1.00000000,0
1506174599,22113983,238.09,0.81580601,0
1506174598,22113982,238.01,0.48243260,0
1506174598,22113981,238.01,2.12838500,1
1506174598,22113980,238.00,0.30000000,0
1506174598,22113979,238.00,0.20000000,0
1506174598,22113978,238.00,0.50000000,0
1506174597,22113977,237.92,0.48000000,0
1506174597,22113976,237.67,1.25272500,0
1506174597,22113975,237.51,0.03000000,0
1506174595,22113974,237.50,0.25000000,0
1506174595,22113973,237.50,0.40133070,0
1506174556,22113960,237.50,0.12631578,0
1506174553,22113957,237.50,1.91637894,0
1506174552,22113956,237.38,0.07641612,0
1506174552,22113955,237.19,0.25000000,0
1506174552,22113954,237.18,1.01058622,0
1506174551,22113953,237.06,2.97333647,0
1506174551,22113951,237.05,0.98621400,0
1506174551,22113950,237.02,0.09408847,0
1506174550,22113949,237.00,2.89190426,0
1506174550,22113947,236.99,0.25000000,0
1506174549,22113945,236.90,0.73815751,0
1506174549,22113944,236.90,0.00005900,0
1506174549,22113943,236.88,4.78195200,0
1506174530,22113927,236.90,0.35888000,0
1506174514,22113916,236.54,4.78195200,1
1506174494,22113905,236.90,0.46470500,0
1506174476,22113897,236.90,0.17635600,0
1506174442,22113890,236.65,0.05000000,0
1506174415,22113882,236.70,2.32796789,0
1506174413,22113881,236.55,0.08274000,0
1506174381,22113849,236.51,0.08274000,1
1506174380,22113848,236.60,0.08274000,1
1506174323,22113801,236.15,0.08434475,1
1506174323,22113800,236.50,1.00000000,1
1506174243,22113734,236.94,1.21368278,1
1506174242,22113733,236.91,0.79000000,1
1506174241,22113732,236.91,1.66770000,0
1506174199,22113715,236.69,0.98147638,0
1506174199,22113714,236.68,9.01852362,0
1506174105,22113674,236.96,8.66660365,0
1506174105,22113673,236.55,1.33339635,0
1506174100,22113670,236.53,0.56128187,1
1506174072,22113662,236.51,2.00000000,0
1506174053,22113652,236.52,0.13555000,0
1506174026,22113636,236.50,3.06612540,1
1506174024,22113634,236.55,0.12491194,0
1506174023,22113632,236.54,1.01090678,0
1506174006,22113623,236.94,1.12034255,1
1506174006,22113622,236.70,0.25000000,0
1506174006,22113621,236.60,0.25000000,0
1506174005,22113620,236.55,0.98700900,0
1506174005,22113619,236.35,0.25000000,0
1506174003,22113617,236.20,1.14390845,0
1506174002,22113607,236.20,2.00000000,0
1506173990,22113593,236.20,6.61502863,0
1506173990,22113591,236.10,0.25000000,0
1506173990,22113590,236.07,0.48270139,0
1506173990,22113589,236.00,0.40061576,0
1506173989,22113588,235.99,1.01058622,0
1506173989,22113587,235.90,1.00000000,0
1506173869,22113435,235.88,2.24220766,0
1506173858,22113433,235.65,0.24278592,0
1506173847,22113427,235.51,1.64538300,0
1506173766,22113401,235.65,0.00721408,0
1506173766,22113400,235.25,0.41543000,0
1506173766,22113399,235.25,0.42164000,0
1506173765,22113397,235.24,0.22000000,0
1506173723,22113379,234.62,0.21370145,0
1506173721,22113378,235.00,0.28629855,1
1506173716,22113375,235.00,0.71370145,0
1506173698,22113358,234.71,1.25000000,0
1506173698,22113357,234.70,0.08830559,0
1506173688,22113338,234.60,1.25000000,0
1506173675,22113327,234.59,1.16726000,0
1506173675,22113326,234.58,0.08274000,0
1506173670,22113323,234.50,0.08274000,0
1506173642,22113294,234.16,1.11722087,1
1506173629,22113279,234.15,0.83368672,1
1506173629,22113278,234.30,0.08830559,1
1506173615,22113268,234.86,70.44014800,0
1506173615,22113267,234.79,0.99105200,0
1506173614,22113266,234.76,3.59000000,0
1506173614,22113265,234.65,1.25000000,0
1506173614,22113264,234.50,0.34080000,0
1506173575,22113225,234.50,0.20916028,1
1506173569,22113223,234.37,1.92106498,1
1506173482,22113193,234.37,0.02493007,1
1506173462,22113178,234.60,3.93295308,1
1506173460,22113177,234.60,4.39000000,1
1506173416,22113163,234.92,0.19582173,0
1506173391,22113158,234.60,1.25000000,1
1506173386,22113157,234.60,0.08804950,0
1506173386,22113156,234.59,1.36939600,0
1506173386,22113155,234.56,1.25000000,0
1506173386,22113154,234.38,0.08274000,0
1506173370,22113150,234.06,0.11760320,1
1506173370,22113149,234.06,0.33916990,1
1506173344,22113139,233.99,4.39000000,1
1506173289,22113129,234.01,0.95014657,1
1506173289,22113128,234.03,0.39093641,0
1506173289,22113127,234.03,0.34080000,0
1506173287,22113126,234.03,2.17311702,1
1506173227,22113082,234.05,0.33890000,1
1506173226,22113081,234.06,0.22263522,0
1506173221,22113077,234.06,0.17000000,0
1506173221,22113075,234.06,0.47376062,0
1506173221,22113074,234.06,3.74544988,0
1506173220,22113073,234.06,0.08804950,0
1506173218,22113072,234.13,0.08274000,1
1506173179,22113049,234.11,1.16735394,1
1506173174,22113032,235.24,0.08274000,0
1506173173,22113030,235.25,0.33890000,1
1506173168,22113023,235.24,1.25672200,1
1506173166,22113020,234.73,1.25000000,0
1506173164,22113017,234.72,1.11426046,1
1506173164,22113016,235.60,2.84853154,1
1506173163,22113015,235.60,0.25000000,0
1506173163,22113014,235.60,0.25000000,0
1506173163,22113013,235.60,0.24072839,0
1506173163,22113011,235.59,0.71000000,0
1506173163,22113009,235.30,0.03000000,0
1506173163,22113007,235.26,1.00000000,0
1506173162,22113005,234.81,3.55000000,0
1506173162,22113004,234.80,0.00000007,0
1506173162,22113003,234.73,1.25000000,0
1506173160,22112991,234.47,3.85947057,0
1506173159,22112990,234.46,0.10273743,0
1506173159,22112988,234.46,1.04998080,0
1506173159,22112985,234.46,3.23728177,0
1506172988,22112924,234.74,0.91832100,1
1506172987,22112923,234.74,1.03536700,0
1506172987,22112921,234.74,1.95463300,0
1506172952,22112914,234.76,0.49024000,0
1506172918,22112873,234.80,0.12349578,0
1506172918,22112871,234.80,1.01058622,0
1506172898,22112863,234.76,1.14046319,0
1506172898,22112862,234.57,1.84953681,0
1506172896,22112861,234.55,4.00000000,0
1506172876,22112859,234.57,0.36991300,0
1506172875,22112857,234.53,0.08274000,0
1506172863,22112855,234.12,1.92699700,0
1506172862,22112854,234.12,0.99026300,1
1506172862,22112853,234.30,0.08274000,1
1506172852,22112848,234.57,0.73291988,0
1506172846,22112846,234.57,0.41692800,0
1506172824,22112832,234.57,0.38500000,1
1506172817,22112827,234.78,0.50001789,0
1506172718,22112788,234.54,4.26127837,1
1506172717,22112787,234.19,0.48872163,0
1506172717,22112786,233.92,1.25000000,0
1506172706,22112782,234.13,0.41970548,0
1506172706,22112780,233.90,0.25000000,0
1506172706,22112779,233.90,0.10100952,0
1506172706,22112778,233.80,0.00000500,0
1506172705,22112775,233.80,0.24999500,0
1506172686,22112767,233.78,0.22800569,0
1506172680,22112760,233.78,1.02199431,0
1506172657,22112753,233.72,0.53622235,0
1506172657,22112752,233.70,0.25000000,0
1506172654,22112749,233.68,0.13493819,0
1506172624,22112742,233.59,0.29996475,0
1506172624,22112741,233.46,0.00000528,0
1506172578,22112724,233.46,0.37468900,0
1506172573,22112719,233.46,2.31424000,0
1506172569,22112714,233.46,2.31655500,0
1506172566,22112706,233.46,0.60653877,0
1506172561,22112696,233.53,0.13497195,1
1506172557,22112695,233.53,0.74153220,0
1506172556,22112693,233.53,0.13497195,0
1506172508,22112667,233.55,0.12349585,1
1506172436,22112642,233.66,0.86872378,0
1506172431,22112639,233.59,0.08786859,0
1506172429,22112638,233.61,0.08274000,0
1506172426,22112636,233.00,0.25999600,1
1506172425,22112635,233.02,0.08274000,1
1506172420,22112631,233.53,0.09000000,0
1506172420,22112630,233.30,0.16668872,0
1506172420,22112629,233.11,1.25000000,0
1506172418,22112628,233.30,0.08331128,0
1506172418,22112627,233.20,0.25000000,0
1506172411,22112623,233.00,0.48087500,0
1506172411,22112622,233.00,1.11912500,0
1506172411,22112621,232.99,0.00000500,0
1506172411,22112620,232.99,0.34279500,0
1506172387,22112610,232.20,3.12825837,0
1506172386,22112609,232.20,2.08000000,1
1506172374,22112605,232.85,0.30384382,0
1506172374,22112604,232.55,0.06978218,0
1506172338,22112560,232.55,0.65445092,0
1506172338,22112559,232.38,1.31978208,0
1506172337,22112557,232.38,0.59444389,0
1506172313,22112531,232.55,4.07786700,0
1506172306,22112525,232.38,1.25000000,0
1506172305,22112524,232.33,0.53374560,0
1506172295,22112516,232.31,1.32993200,0
1506172295,22112514,232.30,11.30000000,0
1506172294,22112513,232.04,1.25000000,0
1506172294,22112511,231.60,0.21241298,0
1506172290,22112507,231.60,0.03758702,0
1506172287,22112495,231.40,0.25000000,0
1506172284,22112484,231.25,0.08274000,1
1506172284,22112474,231.20,0.25000000,0
1506172282,22112471,231.19,0.02631482,0
1506172282,22112469,231.10,0.25000000,0
1506172281,22112467,231.08,2.08000000,0
1506172281,22112463,230.00,22.54173538,0
1506172280,22112462,230.00,0.08274000,0
1506172280,22112461,230.00,0.50000000,0
1506172280,22112460,230.01,10.57000000,0
1506172279,22112459,230.34,0.75000000,0
1506172279,22112456,230.34,2.07089649,0
1506172278,22112455,230.34,0.79741922,0
1506172278,22112454,230.34,0.20819466,0
1506172278,22112452,229.84,40.71859251,0
1506172277,22112450,229.90,0.25000000,1
1506172277,22112449,230.00,3.00000000,1
1506172277,22112448,230.00,0.50000000,1
1506172277,22112447,230.00,0.50000000,1
1506172277,22112446,230.00,0.25000000,1
1506172276,22112444,230.07,9.75837788,1
1506172276,22112443,230.07,0.45000000,0
1506172276,22112442,230.10,5.74700000,1
1506172275,22112440,230.20,0.25000000,1
1506172275,22112439,230.20,2.24000000,0
1506172275,22112438,230.30,0.03000000,1
1506172275,22112437,230.31,1.00000000,1
1506172275,22112436,230.31,6.95021645,0
1506172274,22112435,230.33,0.49198850,1
1506172274,22112434,230.40,0.25000000,1
1506172274,22112433,230.40,0.09000000,0
1506172273,22112431,230.43,1.01058622,1
1506172273,22112430,231.00,1.91422597,1
1506172273,22112429,231.00,0.46000000,0
1506172272,22112428,231.01,1.52257478,0
1506172272,22112427,231.37,1.05679215,1
1506172272,22112426,231.65,0.50000000,1
1506172271,22112425,231.65,1.25000000,1
1506172271,22112424,231.65,1.85466900,0
1506172271,22112423,231.83,2.48000000,1
1506172271,22112422,231.91,4.93250783,1
1506172270,22112421,231.95,4.39000000,1
1506172270,22112420,231.96,33.84800000,0
1506172270,22112419,232.08,0.48000000,1
1506172269,22112418,232.09,32.26000000,0
1506172269,22112416,232.32,0.99265900,1
1506172268,22112415,232.34,0.09000000,0
1506172267,22112414,232.34,0.08274000,0
1506172267,22112413,232.61,1.29764002,0
1506172254,22112392,232.65,2.53287037,0
1506172221,22112364,231.96,0.69459620,0
1506172221,22112363,231.96,0.34280000,1
1506172212,22112351,233.04,1.06990216,0
1506172211,22112350,233.00,1.23979880,0
1506172211,22112349,233.00,0.65601686,0
1506172197,22112337,232.73,2.88000000,0
1506172188,22112324,231.61,3.00847332,1
1506172187,22112323,232.71,4.03471024,0
1506172186,22112320,232.69,0.08274000,0
1506172179,22112312,231.36,1.47015600,0
1506172178,22112306,231.36,1.12483336,0
1506172178,22112305,231.31,0.08274000,0
1506172178,22112304,230.41,6.64634028,0
1506172178,22112303,230.70,0.25000000,1
1506172177,22112302,230.80,0.16668872,1
1506172177,22112301,230.80,2.93697100,0
1506172177,22112300,230.80,0.08331128,1
1506172176,22112298,230.96,0.46000000,1
1506172176,22112297,230.96,0.81000000,0
1506172176,22112296,231.00,0.96668832,0
1506172175,22112295,231.32,0.00721344,1
1506172174,22112293,231.00,0.96670504,0
1506172174,22112292,231.00,0.50000000,1
1506172173,22112291,231.30,1.25000000,1
1506172173,22112290,231.40,0.25000000,1
1506172173,22112289,231.41,0.59000000,1
1506172173,22112288,231.50,0.40880096,1
1506172173,22112287,231.59,1.01058622,1
1506172173,22112286,231.60,0.25000000,1
1506172173,22112285,231.80,0.25000000,1
1506172173,22112284,232.05,0.04293474,1
1506172172,22112283,232.14,1.25000000,1
1506172172,22112282,232.15,2.94000000,1
1506172172,22112280,232.16,0.49073176,1
1506172172,22112279,232.25,0.10100952,1
1506172172,22112276,232.45,1.00000000,1
1506172172,22112275,232.54,4.39000000,1
1506172172,22112274,232.55,3.23189300,1
1506172172,22112273,232.56,7.89735352,1
1506172154,22112259,232.75,0.80000000,0
1506172125,22112242,232.54,2.61000000,1
1506172123,22112239,232.75,1.00000000,1
1506172123,22112238,232.75,3.39000000,1
1506172111,22112232,232.75,1.00000000,1
1506172036,22112157,233.65,0.06402739,0
1506171995,22112115,232.65,1.80181332,1
1506171995,22112114,232.69,1.11917800,1
1506171995,22112113,232.76,1.01058622,1
1506171995,22112112,233.38,1.25000000,1
1506171995,22112111,233.42,0.75606365,1
1506171995,22112110,233.50,0.25000000,1
1506171962,22112094,233.75,0.25000000,1
1506171956,22112092,234.26,0.59987829,0
1506171954,22112091,234.00,3.55923500,0
1506171933,22112047,233.78,1.22656695,1
1506171914,22112009,234.45,0.12435000,0
1506171913,22112008,233.79,2.15663405,1
1506171913,22112007,233.95,0.48409957,1
1506171912,22112005,233.98,1.25000000,1
1506171912,22112001,234.00,0.25000000,1
1506171910,22111995,234.19,0.08274000,1
1506171872,22111934,234.78,1.81235881,0
1506171872,22111933,234.71,0.34100000,0
1506171872,22111932,234.68,0.08274000,0
1506171861,22111927,234.74,3.95125000,0
1506171839,22111911,234.20,0.68086161,1
1506171839,22111910,234.27,0.00927161,1
1506171839,22111909,234.32,0.98744500,1
1506171839,22111908,234.32,0.26893625,1
1506171839,22111907,234.34,1.90386818,1
1506171750,22111855,234.36,1.02033725,1
1506171734,22111849,234.34,2.03266909,0
1506171734,22111848,234.34,0.08274000,1
1506171713,22111840,234.27,0.24072839,1
1506171713,22111839,234.38,0.34100000,0
1506171713,22111838,234.38,0.13553161,0
1506171711,22111836,234.39,0.08274000,1
1506171687,22111824,234.30,0.50000000,1
1506171676,22111817,234.85,1.24652753,0
1506171676,22111816,234.79,0.34000000,0
1506171676,22111815,234.71,0.08274000,0
1506171676,22111814,234.70,0.08274000,0
1506171659,22111805,234.78,0.26212289,0
1506171647,22111796,234.30,0.98000000,0
1506171647,22111794,234.30,0.32224900,0
1506171642,22111787,234.30,0.98775100,1
1506171636,22111779,234.41,1.83000000,0
1506171636,22111778,234.41,1.25000000,1
1506171631,22111775,234.49,0.43070220,0
1506171631,22111773,234.49,2.55763800,0
1506171630,22111771,234.49,0.08274000,0
1506171628,22111768,234.49,0.08274000,0
1506171627,22111765,234.50,0.98688200,1
1506171627,22111763,234.50,0.25000000,1
1506171627,22111761,234.51,0.43000000,1
1506171598,22111746,235.26,8.77618267,0
1506171598,22111745,235.08,0.51581733,0
1506171592,22111744,234.60,0.80753630,0
1506171591,22111743,234.59,1.22824000,1
1506171590,22111742,234.60,9.26000000,0
1506171589,22111741,234.60,0.34000000,0
1506171588,22111739,234.90,1.96212191,1
1506171575,22111736,234.91,0.64902491,1
1506171569,22111713,234.93,0.12748533,0
1506171500,22111677,235.10,0.33939500,0
1506171479,22111666,235.07,3.76764265,0
1506171479,22111665,235.04,0.08274000,0
1506171407,22111613,235.20,1.04765133,0
1506171396,22111607,235.16,0.23929000,0
1506171396,22111606,235.15,0.08274000,0
1506171392,22111605,235.16,0.10011000,0
1506171264,22111576,234.68,0.50000000,0
1506171240,22111570,234.69,0.99167125,1
1506171192,22111558,234.54,1.27401701,1
1506171192,22111557,234.64,3.76060100,1
1506171192,22111556,234.73,0.25000000,1
1506171192,22111555,234.74,1.25000000,1
1506171192,22111554,234.85,0.26832940,1
1506171192,22111553,234.87,3.90434909,1
1506171192,22111552,234.90,0.08274000,1
1506171191,22111551,234.90,0.33940000,1
1506171168,22111544,235.36,0.56435200,0
1506171168,22111542,235.29,0.33900000,0
1506171168,22111541,235.29,0.08274000,0
1506171161,22111539,234.75,2.75000000,0
1506171161,22111538,234.75,0.25000000,1
1506171158,22111537,234.86,8.36615171,0
1506171158,22111536,234.88,0.08274000,0
1506171155,22111535,234.75,0.97919880,0
1506171155,22111534,234.75,1.25000000,0
1506171154,22111533,234.79,0.08484610,1
1506171154,22111532,235.27,0.25000000,1
1506171154,22111531,235.35,1.25000000,1
1506171153,22111529,235.36,4.39000000,1
1506171153,22111528,235.50,0.25000000,1
1506171141,22111525,235.70,0.25000000,1
1506171085,22111481,235.84,3.41173197,1
1506171079,22111478,235.84,3.12500700,1
1506171079,22111477,235.84,0.47499300,1
1506171055,22111466,235.80,3.91500700,0
1506171029,22111444,235.96,0.07579534,1
1506171021,22111427,235.96,0.68215799,1
1506171018,22111426,235.96,0.08274000,0
1506170955,22111398,235.71,0.08274000,1
1506170789,22111322,235.90,0.25000000,1
1506170789,22111321,236.12,0.07654238,1
1506170578,22111273,236.12,2.00000000,1
1506170562,22111271,236.12,8.15273525,1
1506170504,22111258,236.12,5.59752511,1
1506170503,22111257,236.11,10.87000000,0
1506170503,22111256,236.08,3.93660400,0
1506170501,22111254,236.10,0.25000000,1
1506170333,22111173,236.34,0.84412287,1
1506170325,22111168,235.59,1.06966013,0
1506170324,22111166,235.70,5.00000000,1
1506170324,22111164,235.72,0.98379300,1
1506170324,22111162,235.82,0.18439521,1
1506170324,22111160,235.84,0.33900000,1
1506170324,22111159,235.86,0.08274000,1
1506170324,22111158,235.90,0.08274000,1
1506170226,22111116,236.00,0.67986700,0
1506170224,22111114,236.00,4.06762711,1
1506170221,22111111,236.13,0.13498000,0
1506170216,22111107,236.13,0.53000000,0
1506170216,22111105,236.12,1.47000000,0
1506170211,22111103,236.13,9.54842463,0
1506170211,22111102,236.12,0.45157537,0
1506170205,22111099,236.12,0.72421909,0
1506170204,22111098,236.00,4.39000000,1
1506170203,22111097,236.12,0.57420554,0
1506170200,22111095,236.12,1.39290900,0
1506170160,22111065,236.12,0.10647128,0
1506170136,22111046,236.13,6.08889171,0
1506170134,22111045,236.12,2.36000000,0
1506170103,22111023,236.10,8.45404490,0
1506170064,22111008,236.02,1.02033725,0
1506170053,22111006,236.13,15.27784250,0
1506170053,22111005,236.12,2.80000000,0
1506170053,22111004,236.00,8.31392950,0
1506170053,22111003,235.99,1.25000000,0
1506170053,22111002,235.98,0.08274000,0
1506170034,22110999,235.50,0.55752962,1
1506170034,22110997,235.54,0.08274000,1
1506170032,22110995,236.00,1.68607050,0
1506170032,22110994,235.91,1.57592950,0
1506170031,22110993,235.91,0.54376400,0
1506170029,22110992,235.91,0.70623600,0
1506170024,22110984,235.76,4.39000000,0
1506170022,22110983,235.76,3.00000000,0
1506169977,22110966,235.77,4.06148000,0
1506169935,22110949,235.88,1.00695089,1
1506169934,22110948,235.68,4.39000000,0
1506169934,22110947,235.54,3.53304911,0
1506169928,22110945,235.54,0.40607089,0
1506169911,22110926,235.55,0.60822000,0
1506169910,22110922,235.55,1.37601358,0
1506169855,22110843,235.77,2.11540909,0
1506169847,22110841,235.78,3.41173197,0
1506169839,22110839,236.03,1.22420878,0
1506169839,22110835,236.02,2.75000000,0
1506169839,22110831,235.90,0.25000000,0
1506169839,22110830,235.90,0.25000000,0
1506169838,22110829,235.81,0.48378069,0
1506169838,22110828,235.80,0.25000000,0
1506169838,22110827,235.73,1.25000000,0
1506169836,22110826,235.68,2.00000000,0
1506169786,22110799,235.39,1.12914737,0
1506169775,22110786,235.40,0.33960000,0
1506169771,22110781,234.41,0.98507563,1
1506169771,22110780,234.62,0.26859241,1
1506169771,22110779,235.39,0.10384396,1
1506169765,22110778,235.38,0.08274000,0
1506169762,22110773,234.63,3.00000000,1
1506169760,22110770,235.39,4.50730205,0
1506169760,22110769,235.09,0.08274000,0
1506169744,22110751,234.20,2.89130116,1
1506169744,22110750,234.20,0.75613728,1
1506169744,22110749,234.26,0.08274000,1
1506169744,22110748,234.27,5.03552956,1
1506169744,22110746,234.80,5.00000000,1
1506169731,22110744,235.13,5.03552956,0
1506169718,22110722,234.20,0.08274000,0
1506169718,22110721,234.20,0.25000000,1
1506169717,22110720,234.20,3.90000000,1
1506169717,22110719,234.25,0.25000000,1
1506169717,22110718,234.26,0.98511600,1
1506169717,22110717,234.45,0.25000000,1
1506169717,22110716,234.46,1.51643587,1
1506169682,22110692,234.42,3.61421946,1
1506169682,22110691,234.43,0.33960000,1
1506169682,22110690,234.51,2.84068909,1
1506169681,22110689,234.53,1.66265745,1
1506169672,22110687,235.50,2.90425734,0
1506169670,22110686,235.49,3.87931330,0
1506169670,22110685,235.48,3.48000000,0
1506169670,22110684,235.38,1.25000000,0
1506169664,22110682,235.26,1.66265745,0
1506169661,22110681,235.25,0.25000000,0
1506169661,22110680,235.00,0.16196197,0
1506169660,22110678,234.86,0.08274000,0
1506169659,22110677,235.00,0.08100597,0
1506169659,22110676,234.87,0.06133544,0
1506169658,22110673,234.87,1.18866456,0
1506169656,22110666,234.42,0.08274000,1
1506169655,22110665,235.00,0.00703206,0
1506169655,22110664,234.98,0.33940000,0
1506169655,22110663,234.75,0.07676596,0
1506169653,22110655,233.55,2.19369846,1
1506169647,22110640,233.92,0.01783048,1
1506169647,22110639,233.92,3.92634052,1
1506169641,22110631,233.27,0.05204876,1
1506169640,22110625,233.42,0.94795124,0
1506169639,22110622,233.27,1.96060000,1
1506169639,22110620,233.28,0.33940000,1
1506169639,22110619,233.76,0.70000000,1
1506169639,22110618,234.75,0.17323404,0
1506169638,22110617,234.50,0.25000000,0
1506169638,22110616,234.25,0.07676596,0
1506169638,22110615,234.25,0.17323404,0
1506169638,22110614,234.00,0.25000000,0
1506169637,22110613,232.26,27.46234721,0
1506169637,22110612,232.26,3.51000000,0
1506169636,22110610,232.50,0.25000000,1
1506169636,22110609,232.51,0.03000000,1
1506169636,22110608,232.51,0.13522650,0
1506169636,22110605,232.75,0.25000000,1
1506169635,22110603,232.89,0.46000000,1
1506169635,22110601,232.89,7.45855448,0
1506169635,22110600,233.00,3.00000000,1
1506169634,22110599,233.00,0.25000000,1
1506169634,22110596,233.25,0.25000000,1
1506169634,22110592,233.26,200.00000000,1
1506169634,22110591,233.50,0.25000000,1
1506169633,22110590,233.75,0.25000000,1
1506169633,22110589,233.92,0.48603004,1
1506169633,22110588,233.93,0.98996201,1
1506169632,22110587,233.93,1.30778500,0
1506169632,22110586,233.94,0.77000000,1
1506169632,22110585,233.94,7.81649900,0
1506169632,22110583,234.57,0.08274000,1
1506169631,22110582,234.96,1.27957000,1
1506169631,22110581,235.00,53.55621276,1
1506169631,22110580,235.01,3.86000000,1
1506169629,22110579,235.02,0.08274000,1
1506169566,22110525,234.58,3.09796041,1
1506169566,22110524,234.59,0.08274000,1
1506169556,22110522,235.55,0.15133788,0
1506169556,22110521,235.00,4.02492969,0
1506169553,22110516,234.99,0.33890000,0
1506169548,22110505,235.00,0.75543453,0
1506169543,22110499,235.00,0.13511688,0
1506169535,22110490,235.24,0.08274000,0
1506169535,22110489,235.23,0.08274000,0
1506169502,22110464,233.94,5.24214445,1
1506169502,22110463,234.50,0.98303400,0
1506169501,22110461,234.50,0.08274000,0
1506169500,22110459,234.92,4.39000000,1
1506169498,22110453,233.94,6.47707431,0
1506169498,22110452,233.94,0.75541228,0
1506169497,22110451,234.51,0.03000000,1
1506169497,22110449,234.53,0.87000000,1
1506169497,22110448,234.91,3.37462100,1
1506169496,22110446,235.86,2.40151165,1
1506169493,22110442,235.86,0.08274000,0
1506169493,22110441,235.00,0.69644876,0
1506169493,22110437,235.00,8.50635744,1
1506169493,22110436,235.00,6.50000000,1
1506169492,22110435,235.02,0.26813533,1
1506169492,22110433,235.02,0.26813533,1
1506169492,22110432,235.03,0.26812393,1
1506169492,22110431,235.03,11.59400000,1
1506169492,22110430,235.04,4.36000000,1
1506169492,22110429,235.04,11.10000000,1
1506169492,22110428,235.04,0.13511688,1
1506169491,22110427,235.05,3.92763476,1
1506169478,22110424,235.03,0.27110000,0
1506169478,22110423,235.03,4.39000000,1
1506169476,22110419,235.04,0.33890000,1
1506169458,22110409,235.03,0.00000342,0
1506169458,22110406,235.49,0.16941658,1
1506169458,22110405,235.64,1.25000000,1
1506169348,22110356,235.83,0.14058810,1
1506169348,22110355,235.91,0.08274000,1
1506169183,22110144,236.20,3.95058433,1
1506169183,22110143,236.20,4.39000000,1
1506169182,22110142,236.20,4.39000000,1
1506169139,22110103,236.18,0.08274000,0
1506169138,22110102,236.18,1.24307262,1
1506169138,22110101,236.18,0.98122000,1
1506169136,22110099,236.18,1.99918100,0
1506169068,22110073,235.99,6.81516904,0
1506169068,22110072,235.98,8.45000000,0
1506169068,22110071,235.97,0.73000000,0
1506169068,22110070,235.83,0.08274000,0
1506169068,22110069,235.82,0.08274000,0
1506169060,22110066,235.36,0.05325600,0
1506169059,22110065,235.37,3.92763800,1
1506169059,22110064,235.52,1.00000000,1
1506169026,22110061,235.10,4.00000000,1
1506168979,22110029,235.88,7.95956978,1
1506168979,22110028,235.88,0.02132440,1
1506168978,22110027,235.98,2.60853439,0
1506168977,22110026,235.97,0.18000000,0
1506168977,22110025,235.90,0.75375228,0
1506168977,22110024,235.88,0.26715093,0
1506168977,22110023,235.62,0.90000000,0
1506168977,22110022,235.62,0.98299800,0
1506168977,22110021,235.58,2.79691058,0
1506168975,22110020,235.58,1.34463196,0
1506168974,22110017,235.40,1.00000000,1
1506168969,22110016,234.56,1.52767275,1
1506168969,22110013,235.01,4.17373075,0
1506168969,22110012,235.01,4.40000000,0
1506168967,22110011,235.00,1.96336283,0
1506168967,22110010,235.00,1.86259221,0
1506168967,22110009,235.00,3.19231421,0
1506168966,22110008,234.56,0.65304525,0
1506168966,22110007,235.00,0.10000000,1
1506168966,22110006,235.00,2.00000000,1
1506168966,22110004,235.10,4.82503468,0
1506168965,22110003,235.11,0.98996201,1
1506168965,22110002,235.42,1.25000000,1
1506168960,22109999,235.58,0.27604249,0
1506168960,22109998,235.65,0.09952471,1
1506168960,22109997,235.78,0.48289026,1
1506168945,22109989,235.88,0.33800000,0
1506168945,22109987,235.87,0.00157172,0
1506168932,22109967,235.90,0.26713521,1
1506168927,22109963,236.00,0.08451890,0
1506168905,22109912,235.92,1.22861584,1
1506168905,22109911,236.00,1.16187616,1
1506168898,22109901,236.01,2.39049201,1
1506168897,22109898,236.04,0.37878018,1
1506168884,22109886,236.04,0.38188989,0
1506168882,22109884,236.22,0.33800000,1
1506168882,22109882,236.22,1.49585011,1
1506168882,22109879,236.39,0.08274000,1
1506168862,22109806,236.30,2.72126037,1
1506168862,22109804,236.30,2.19599963,1
1506168862,22109802,236.32,0.08274000,1
1506168857,22109794,236.80,2.79856418,0
1506168857,22109793,236.77,0.98979900,0
1506168855,22109792,236.74,0.42430729,0
1506168832,22109780,236.80,0.63158784,0
1506168816,22109763,236.80,2.45167890,0
1506168761,22109644,236.89,1.25000000,0
1506168751,22109603,236.99,1.63085738,0
1506168751,22109602,236.89,0.78293200,0
1506168746,22109593,236.30,0.33700000,1
1506168745,22109589,236.30,0.98044100,0
1506168745,22109588,236.30,3.93966956,0
1506168744,22109579,236.30,8.40186000,0
1506168739,22109574,236.30,8.41027000,0
1506168738,22109570,236.30,2.19599914,0
1506168738,22109569,236.30,3.82761007,0
1506168737,22109567,236.40,2.11325866,1
1506168737,22109566,236.47,1.25000000,1
1506168735,22109560,236.67,0.06146746,0
1506168735,22109559,236.65,1.66545100,0
1506168730,22109553,236.67,0.14657925,0
1506168729,22109549,236.40,0.08274000,1
1506168728,22109547,236.67,5.37727736,0
1506168728,22109544,236.39,0.08274000,0
1506168726,22109539,235.83,6.20855827,1
1506168726,22109537,235.84,1.96000000,0
1506168726,22109536,236.40,0.78293244,0
