date,tid,price,amount,type
1506211256,22134789,286.37,0.03402409,0
1506211255,22134788,286.34,0.27210806,0
1506211255,22134787,286.34,0.01776000,0
1506211255,22134786,286.00,0.61153500,0
1506211255,22134785,286.00,1.24999500,0
1506211255,22134784,286.00,0.90557800,0
1506211255,22134783,286.00,0.30000000,0
1506211253,22134782,285.59,0.04747273,0
1506211228,22134768,285.00,0.00007463,0
1506211217,22134761,285.00,0.36992537,0
1506211216,22134760,285.31,0.23000000,1
1506211149,22134702,285.58,1.26878570,0
1506211138,22134692,285.48,1.16768600,0
1506211123,22134677,285.49,1.26878600,0
1506211120,22134670,285.50,0.39390298,0
1506211120,22134669,285.50,10.96000000,0
1506211120,22134668,285.49,2.64289445,0
1506211120,22134667,283.02,8.64821874,1
1506211120,22134666,283.02,16.46242393,1
1506211120,22134664,283.02,1.16768600,0
1506211119,22134663,283.39,0.05000000,1
1506211119,22134662,283.62,0.45000000,1
1506211119,22134660,283.67,6.05202500,1
1506211118,22134659,283.89,0.05000000,1
1506211118,22134658,284.00,0.60000000,1
1506211118,22134657,284.01,1.92000000,1
1506211118,22134656,284.01,0.26277986,0
1506211117,22134655,284.34,0.05000000,1
1506211117,22134654,284.35,8.89000000,1
1506211117,22134653,284.74,0.05000000,1
1506211117,22134652,284.82,6.05202500,1
1506211116,22134651,284.82,0.04747273,0
1506211116,22134650,284.85,0.27773500,1
1506211116,22134649,284.85,0.15163400,1
1506211116,22134648,285.00,0.30000000,1
1506211115,22134647,285.09,0.05000000,1
1506211115,22134646,285.39,2.20408468,1
1506211115,22134645,285.40,5.28559049,1
1506211114,22134644,285.51,0.23000000,0
1506211113,22134643,285.40,0.03483660,1
1506211113,22134642,286.00,0.74382840,1
1506211106,22134636,286.00,0.61996500,1
1506211106,22134635,286.01,0.23000000,1
1506211100,22134625,286.00,0.22812591,1
1506211100,22134624,286.01,2.25850000,1
1506211100,22134623,286.01,0.03402409,1
1506211096,22134621,286.01,1.01999500,1
1506211096,22134620,286.01,0.23000000,1
1506211084,22134607,286.17,0.15864000,0
1506211077,22134599,286.28,2.00005276,0
1506211077,22134598,286.23,0.28998063,0
1506211077,22134597,286.18,2.29404011,0
1506211076,22134596,286.13,0.05000000,0
1506211076,22134595,286.01,0.35978786,0
1506211076,22134594,286.00,0.30000000,0
1506211073,22134593,285.39,0.78493000,1
1506211053,22134582,285.34,0.93432500,1
1506211053,22134581,285.39,0.05000000,1
1506211053,22134580,285.64,0.05000000,1
1506211053,22134579,285.84,0.05000000,1
1506211053,22134578,285.99,0.05000000,1
1506211038,22134567,285.30,1.63501400,0
1506211026,22134558,286.01,0.89347476,0
1506211026,22134557,286.00,0.30087600,0
1506210990,22134541,286.01,0.41666667,0
1506210990,22134539,286.00,0.98970154,0
1506210990,22134538,286.00,0.30000000,0
1506210990,22134537,286.00,0.05000000,0
1506210990,22134536,286.00,0.84000000,0
1506210990,22134535,285.88,0.22999955,0
1506210990,22134534,285.79,0.21385000,0
1506210990,22134533,285.79,1.30455636,0
1506210985,22134531,285.56,0.23000000,0
1506210981,22134527,285.57,3.78090100,1
1506210981,22134526,285.57,0.22999212,1
1506210981,22134525,285.57,0.00000400,1
1506210980,22134520,285.57,0.22999600,1
1506210974,22134517,285.56,0.27101740,0
1506210974,22134516,285.56,0.55440423,0
1506210974,22134515,285.55,0.17369927,0
1506210931,22134489,285.55,4.35902288,0
1506210891,22134462,285.37,0.31869939,0
1506210891,22134461,285.37,0.23000045,0
1506210891,22134460,285.37,0.23000000,0
1506210880,22134455,285.36,0.35223709,0
1506210852,22134451,285.30,5.83217164,0
1506210852,22134450,285.30,1.65182200,0
1506210841,22134447,285.36,7.35992352,0
1506210840,22134446,285.33,2.64007648,0
1506210831,22134444,285.35,0.18855600,0
1506210830,22134443,285.34,0.23000000,0
1506210819,22134441,285.32,0.70992243,0
1506210819,22134440,285.32,0.02040338,0
1506210792,22134437,284.99,2.73413652,0
1506210792,22134436,285.00,10.71000000,1
1506210791,22134435,285.00,0.30000000,1
1506210791,22134434,285.01,8.92160000,1
1506210791,22134433,285.01,2.82863248,1
1506210791,22134432,285.10,0.05000000,1
1506210791,22134431,285.25,0.05000000,1
1506210791,22134430,285.27,0.27101740,1
1506210669,22134382,285.27,0.55440423,1
1506210669,22134381,285.29,0.23000000,1
1506210667,22134377,285.79,2.85251164,0
1506210667,22134375,285.79,0.28233162,0
1506210667,22134374,285.79,0.26386700,0
1506210667,22134373,285.77,0.10864120,0
1506210667,22134372,285.76,2.82125845,0
1506210628,22134367,285.38,0.23000000,1
1506210624,22134364,285.38,0.02000000,1
1506210614,22134361,285.27,0.22999955,1
1506210614,22134360,285.36,0.00000045,1
1506210611,22134350,285.36,2.59125800,1
1506210611,22134349,285.36,0.23000000,1
1506210595,22134344,285.93,1.27183500,0
1506210595,22134343,285.93,0.66270588,0
1506210566,22134335,285.99,0.04709058,0
1506210566,22134334,285.98,0.23000000,0
1506210566,22134333,285.97,7.91000000,0
1506210566,22134332,285.33,2.10325580,0
1506210563,22134330,285.40,0.02134285,0
1506210563,22134329,285.31,0.10864120,1
1506210562,22134328,285.33,2.10325580,1
1506210562,22134327,285.34,0.23000000,1
1506210547,22134315,285.39,0.00000021,0
1506210544,22134313,285.79,0.52774479,1
1506210534,22134308,285.79,4.45794400,1
1506210523,22134302,285.95,0.12371600,0
1506210517,22134300,285.30,0.02040338,1
1506210517,22134299,285.29,0.04435499,1
1506210510,22134296,286.00,0.19500000,0
1506210510,22134295,286.00,0.19000000,0
1506210510,22134294,285.99,0.27960000,0
1506210503,22134288,286.00,0.11940545,0
1506210502,22134287,285.85,0.86409857,0
1506210502,22134286,285.81,0.18922991,0
1506210502,22134285,285.80,0.23000000,0
1506210455,22134246,285.22,0.00273559,0
1506210452,22134241,285.22,0.27960000,1
1506210452,22134240,285.63,0.00000379,1
1506210452,22134239,285.79,0.00000062,1
1506210452,22134238,285.79,0.28233100,1
1506210450,22134234,285.79,1.00999500,1
1506210443,22134226,285.75,0.89040081,0
1506210443,22134225,285.75,2.81727257,0
1506210437,22134221,285.76,2.18913895,0
1506210436,22134220,285.76,2.09966405,0
1506210412,22134205,285.63,2.68345000,1
1506210411,22134204,285.42,0.18922991,0
1506210411,22134203,285.41,2.12731630,0
1506210410,22134202,285.39,3.64934465,1
1506210409,22134201,285.41,0.54996518,1
1506210409,22134200,285.41,1.84733500,1
1506210409,22134199,285.41,0.13999065,1
1506210409,22134198,285.41,0.13999065,1
1506210399,22134191,285.41,0.00000009,1
1506210399,22134190,285.42,0.18922991,1
1506210385,22134173,285.41,0.13999100,1
1506210376,22134167,285.59,0.45674000,1
1506210376,22134166,285.59,1.18550700,1
1506210376,22134163,285.59,1.43729276,1
1506210376,22134161,285.59,0.42981424,1
1506210375,22134157,285.59,0.13998400,1
1506210374,22134152,285.53,0.27960000,0
1506210374,22134151,285.50,2.33420250,0
1506210374,22134150,285.50,2.81639926,0
1506210362,22134136,285.51,0.26662577,0
1506210362,22134135,285.51,0.18915223,0
1506210353,22134120,285.40,2.60082827,1
1506210352,22134119,285.41,2.81639926,1
1506210342,22134116,285.31,1.53316941,0
1506210342,22134115,285.30,0.81748594,0
1506210330,22134111,285.30,1.00000000,0
1506210325,22134107,285.21,3.00000000,1
1506210319,22134105,285.30,1.00000000,0
1506210307,22134100,285.31,3.09482736,0
1506210307,22134099,285.25,1.90517264,0
1506210282,22134080,285.22,4.62799677,1
1506210282,22134079,285.22,0.18915223,1
1506210279,22134070,285.25,0.45674000,1
1506210276,22134060,285.84,1.74610017,0
1506210276,22134058,285.84,0.23000000,0
1506210276,22134055,285.25,2.36074594,1
1506210272,22134047,285.21,0.06418597,1
1506210266,22134041,285.85,0.18838713,0
1506210266,22134040,285.85,2.81161287,0
1506210265,22134039,285.84,0.23000000,0
1506210265,22134038,285.84,0.11000000,0
1506210265,22134037,285.84,0.30396638,0
1506210256,22134024,285.03,0.12999997,0
1506210256,22134023,284.98,0.11000765,0
1506210256,22134022,284.95,0.68807600,0
1506210255,22134020,284.95,0.13761084,0
1506210227,22133987,284.95,1.10205000,0
1506210218,22133972,284.93,13.30635030,0
1506210218,22133971,284.93,1.23966100,0
1506210217,22133970,284.93,9.48116300,0
1506210215,22133966,284.93,1.05248570,0
1506210214,22133965,284.96,0.27960000,1
1506210214,22133964,285.02,2.81161287,1
1506210214,22133959,286.00,0.79980304,0
1506210214,22133958,285.94,0.10000000,0
1506210214,22133955,285.90,0.01765000,0
1506210213,22133953,285.87,1.51697800,0
1506210213,22133950,285.87,0.01770000,0
1506210213,22133949,285.86,2.54786896,0
1506210209,22133936,285.00,2.54786896,1
1506210205,22133911,284.99,0.92956782,0
1506210205,22133907,285.83,3.39746172,1
1506210204,22133900,285.83,0.11000000,1
1506210203,22133899,285.83,3.54555234,1
1506210203,22133898,285.76,0.28000000,0
1506210203,22133897,285.70,0.04710036,0
1506210203,22133896,285.50,1.42194991,0
1506210203,22133895,285.49,11.09843597,0
1506210202,22133894,285.00,0.09564800,0
1506210202,22133893,285.00,6.79469900,0
1506210202,22133892,285.00,1.32122200,0
1506210202,22133891,285.00,1.28009000,0
1506210201,22133890,285.00,0.15000000,0
1506210200,22133887,284.99,0.11000000,1
1506210194,22133867,285.00,0.15000000,1
1506210189,22133851,285.00,3.54555234,1
1506210188,22133848,285.00,0.88872538,1
1506210185,22133828,285.00,4.43170171,1
1506210180,22133821,285.01,4.42928266,1
1506210175,22133802,284.98,0.30396697,1
1506210172,22133788,284.93,4.42675996,1
1506210168,22133780,284.91,0.17854030,1
1506210167,22133777,284.91,2.75526403,0
1506210166,22133773,284.91,1.67150125,0
1506210166,22133772,284.89,0.15163938,0
1506210166,22133771,284.87,0.27774076,0
1506210163,22133761,284.87,0.27774079,1
1506210158,22133742,285.60,1.39202086,0
1506210158,22133738,285.00,0.37423883,0
1506210158,22133737,284.96,4.42474031,0
1506210156,22133732,284.90,0.30397500,1
1506210153,22133725,284.98,3.95000000,1
1506210149,22133715,284.95,4.42165214,1
1506210147,22133711,284.93,4.42040515,1
1506210143,22133704,284.91,4.41946873,1
1506210141,22133696,284.90,0.45560700,1
1506210139,22133689,284.88,2.37774407,1
1506210136,22133685,284.86,1.32400000,0
1506210136,22133683,284.84,0.78244572,0
1506210133,22133671,284.86,1.32400000,1
1506210131,22133667,285.00,0.67833914,0
1506210131,22133666,284.93,8.90910000,0
1506210131,22133665,284.92,2.37735909,0
1506210131,22133663,284.87,1.46547100,0
1506210131,22133662,284.87,2.14735905,0
1506210130,22133661,284.86,4.41852002,0
1506210115,22133650,284.85,5.00000000,0
1506210106,22133644,284.72,1.05257797,1
1506210104,22133639,284.86,16.77717032,1
1506210104,22133638,284.87,0.23000000,0
1506210103,22133634,284.86,0.45594448,1
1506210103,22133633,284.86,0.45594324,1
1506210101,22133627,284.86,0.45594196,1
1506210101,22133626,284.87,0.00000004,1
1506210101,22133622,284.87,2.37735905,1
1506210097,22133603,284.89,0.23000000,1
1506210094,22133601,284.87,3.05066754,1
1506210094,22133598,284.88,4.31978446,1
1506210094,22133597,284.88,0.17229860,1
1506210094,22133594,284.88,4.41701694,1
1506210091,22133583,284.88,4.41623624,1
1506210086,22133580,284.87,0.82913211,1
1506210085,22133578,284.86,2.37000000,1
1506210084,22133575,285.59,2.37000000,0
1506210084,22133574,284.81,0.59743900,1
1506210084,22133573,284.81,0.17229852,1
1506210082,22133569,284.85,0.28000000,0
1506210078,22133562,284.85,0.28000000,1
1506210076,22133556,284.87,0.05000000,1
1506210076,22133554,284.88,0.23000000,1
1506210075,22133553,284.87,2.03107533,0
1506210073,22133549,284.87,0.76870892,1
1506210071,22133546,284.87,0.82912100,1
1506210070,22133544,284.85,1.20195434,0
1506210067,22133537,284.85,0.28000000,1
1506210066,22133535,285.62,4.73172914,0
1506210066,22133534,285.62,0.09896703,0
1506210066,22133533,285.50,0.00000017,0
1506210066,22133532,285.47,0.10827066,0
1506210064,22133530,285.47,1.39606901,0
1506210064,22133529,285.47,2.79393099,0
1506210060,22133518,285.50,3.53319300,0
1506210059,22133517,285.49,0.01800000,0
1506210058,22133516,285.47,2.79393065,0
1506210052,22133511,284.80,1.50433967,1
1506210052,22133510,284.80,0.14410033,1
1506210051,22133507,284.80,1.64773385,1
1506210051,22133506,284.80,1.00209647,1
1506210049,22133504,285.42,4.19498400,0
1506210049,22133502,285.39,0.20000000,0
1506210043,22133499,284.78,0.64517300,1
1506210041,22133495,284.76,0.64501630,1
1506210038,22133491,285.27,0.03000000,0
1506210038,22133490,285.07,0.03000000,0
1506210038,22133489,285.00,0.00000001,0
1506210028,22133479,284.92,0.03000000,0
1506210025,22133475,284.90,1.18821970,0
1506210015,22133448,284.88,2.79315503,0
1506209999,22133431,284.56,1.21091770,1
1506209965,22133414,284.53,1.42747205,0
1506209964,22133413,284.53,0.00001971,1
1506209961,22133405,284.53,2.79313532,1
1506209876,22133343,285.00,2.99999999,0
1506209876,22133342,285.00,0.30000000,0
1506209875,22133341,284.97,1.52043700,0
1506209875,22133340,284.65,0.00000001,0
1506209874,22133339,284.65,4.17596068,0
1506209874,22133338,284.64,0.32410000,0
1506209874,22133337,284.45,0.25000032,0
1506209854,22133327,284.45,1.60188100,0
1506209854,22133326,284.44,0.25000000,0
1506209839,22133318,284.08,0.25000000,0
1506209837,22133316,284.10,0.23000000,1
1506209805,22133294,284.45,0.50000000,0
1506209804,22133291,284.45,1.69304145,0
1506209804,22133290,284.42,0.24196638,0
1506209804,22133289,284.41,2.35188117,0
1506209752,22133229,283.78,0.24196638,1
1506209752,22133227,283.91,0.05000000,1
1506209751,22133226,284.06,0.05000000,1
1506209710,22133184,284.08,1.05311600,0
1506209710,22133183,284.07,0.03000000,0
1506209710,22133182,284.06,10.29424070,0
1506209700,22133175,284.05,10.29435500,0
1506209694,22133171,283.74,1.44000000,0
1506209694,22133170,283.46,0.17246150,0
1506209631,22133131,283.45,1.04829900,0
1506209448,22132973,283.42,0.18177013,1
1506209445,22132972,283.02,1.04829900,1
1506209444,22132970,283.00,4.76986100,1
1506209438,22132960,283.81,1.31225115,1
1506209437,22132959,283.46,1.52793700,1
1506209435,22132953,283.82,18.64130362,0
1506209435,22132952,283.78,0.03000000,0
1506209435,22132951,283.72,0.03000000,0
1506209435,22132950,283.66,0.03000000,0
1506209435,22132948,283.55,0.03000000,0
1506209435,22132947,283.53,1.52759800,0
1506209434,22132946,283.48,0.03000000,0
1506209434,22132945,283.47,0.04781426,0
1506209434,22132944,283.42,0.03000000,0
1506209434,22132943,283.42,0.03000000,0
1506209434,22132942,283.36,0.03000000,0
1506209434,22132941,283.27,0.03000000,0
1506209434,22132940,283.25,0.03000000,0
1506209434,22132939,283.23,0.03000000,0
1506209433,22132938,283.17,0.03000000,0
1506209433,22132936,283.11,0.03000000,0
1506209433,22132934,283.00,0.03000000,0
1506209433,22132932,282.99,0.23000000,0
1506209417,22132900,282.80,0.03000000,0
1506209414,22132899,282.65,1.69834900,0
1506209414,22132898,282.65,0.03000000,0
1506209386,22132890,282.50,1.00000000,0
1506209342,22132846,282.45,1.69834900,1
1506209340,22132844,282.40,1.00000000,0
1506209340,22132843,282.35,2.81278900,0
1506209335,22132838,282.36,9.40557328,0
1506209202,22132786,282.28,2.81278900,1
1506209060,22132746,282.26,3.15832861,0
1506209060,22132745,282.25,0.28260000,0
1506209049,22132739,282.26,0.05000000,1
1506209007,22132734,282.51,0.05000000,1
1506208951,22132694,282.71,0.05000000,1
1506208939,22132689,282.72,0.05000000,0
1506208632,22132531,282.88,2.67010208,1
1506208631,22132529,282.88,0.13422653,1
1506208629,22132528,282.86,0.23000000,0
1506208629,22132527,282.85,0.27400000,0
1506208493,22132490,282.33,2.75815572,0
1506208491,22132489,282.33,0.28260000,1
1506208491,22132488,282.34,0.27400000,1
1506208487,22132487,282.96,0.77000100,0
1506208487,22132486,282.61,0.23000000,0
1506208477,22132485,283.06,0.03000000,0
1506208477,22132484,283.03,0.03000000,0
1506208477,22132483,283.00,0.40300000,0
1506208476,22132482,282.98,2.80582542,0
1506208476,22132481,282.86,0.03000000,0
1506208476,22132480,282.71,0.03000000,0
1506208476,22132479,282.63,0.23000000,0
1506208476,22132478,282.62,0.09120511,0
1506208204,22132405,282.32,0.09120511,1
1506208204,22132404,282.32,0.05000000,1
1506208204,22132403,282.47,0.05000000,1
1506208198,22132400,283.00,0.59700000,0
1506208198,22132399,282.97,0.03000000,0
1506208198,22132398,282.86,0.23000000,0
1506208187,22132397,282.91,0.03000000,0
1506208187,22132396,282.88,0.03000000,0
1506208187,22132395,282.87,0.17300000,0
1506208179,22132389,282.82,0.03000000,0
1506208179,22132388,282.81,0.15000000,0
1506208179,22132387,282.76,0.03000000,0
1506208179,22132386,282.72,0.03000000,0
1506208179,22132385,282.57,0.03000000,0
1506207852,22132272,282.49,0.41269389,0
1506207795,22132268,282.38,0.00000004,0
1506207795,22132267,282.25,6.10921693,0
1506207794,22132266,282.38,1.53075096,0
1506207794,22132265,282.25,0.08953104,0
1506207520,22132147,281.75,0.05000000,1
1506207520,22132146,281.95,0.05000000,1
1506207520,22132145,282.10,0.05000000,1
1506207352,22132079,282.12,1.53154800,0
1506207350,22132078,282.06,2.87961772,0
1506207350,22132077,282.06,0.43513800,0
1506207331,22132072,281.68,0.02476200,1
1506207331,22132071,281.68,0.20513800,1
1506207331,22132069,281.68,0.23000000,1
1506207231,22132016,281.59,1.70720000,1
1506207231,22132015,281.65,0.23000000,1
1506207109,22131974,281.47,6.85042535,1
1506207109,22131973,281.69,0.08953104,1
1506207109,22131972,281.75,0.05000000,1
1506207109,22131971,282.00,0.05000000,1
1506207108,22131970,282.01,0.00004361,1
1506207090,22131965,282.01,0.22995639,1
1506206989,22131953,282.01,0.17300000,0
1506206988,22131951,282.20,0.05000000,1
1506206988,22131949,282.35,0.05000000,1
1506206655,22131812,282.37,0.08700000,0
1506206655,22131811,282.37,1.53056400,0
1506206655,22131809,282.37,0.87538232,0
1506206655,22131808,282.34,1.84495349,0
1506206654,22131807,282.34,0.25109500,0
1506206639,22131800,282.35,0.02190500,0
1506206588,22131793,281.69,0.47638559,1
1506206588,22131792,281.70,0.23000000,1
1506206520,22131773,281.81,0.05000000,1
1506206519,22131772,281.83,0.27300000,1
1506206518,22131771,281.84,1.92284779,0
1506206517,22131770,281.84,0.23000000,0
1506206515,22131769,281.99,0.10658905,1
1506206509,22131760,281.99,0.12341095,1
1506206471,22131721,282.37,0.07800000,0
1506206471,22131720,282.35,0.27200000,0
1506206471,22131719,282.34,0.15000000,0
1506206456,22131700,282.37,1.92661768,0
1506206448,22131687,282.35,0.04437495,0
1506206435,22131674,281.87,0.18735879,1
1506206425,22131673,281.94,0.23000000,1
1506206425,22131672,282.01,0.05000000,1
1506206425,22131671,282.16,0.05000000,1
1506206420,22131669,281.91,0.78936874,1
1506206408,22131657,281.90,0.27200000,1
1506206408,22131656,281.92,0.48000000,1
1506206408,22131655,281.96,0.10079443,1
1506206408,22131654,282.12,0.23000000,1
1506206262,22131598,282.18,3.31322489,1
1506206240,22131588,282.18,0.13140000,1
1506206173,22131569,282.26,0.05000000,1
1506206157,22131560,282.28,0.05000000,0
1506206040,22131541,282.43,0.05000000,1
1506205944,22131480,282.63,0.05000000,1
1506205944,22131478,282.78,0.05000000,1
1506205720,22131387,282.80,1.40424489,1
1506205695,22131374,282.80,0.59598000,1
1506205632,22131346,282.80,1.00000000,0
1506205632,22131345,282.70,0.31300000,0
1506205628,22131344,282.70,0.68700000,0
1506205595,22131317,282.50,8.00980000,1
1506205539,22131291,283.18,0.00000026,1
1506205429,22131254,283.18,0.21746000,1
1506205423,22131245,283.18,7.50253974,1
1506205422,22131244,283.18,5.22900000,1
1506205408,22131234,283.18,0.27100000,0
1506205403,22131232,283.37,3.61000000,0
1506205403,22131231,283.19,0.23000000,0
1506205400,22131228,283.20,1.00000000,0
1506205384,22131217,283.20,0.23000000,1
1506205382,22131216,283.20,1.00000000,0
1506205381,22131215,282.31,5.50891305,1
1506205381,22131214,282.32,0.08700000,1
1506205381,22131213,282.32,0.27100000,1
1506205376,22131209,282.30,2.56012251,1
1506205375,22131208,282.30,1.87017833,1
1506205371,22131207,282.97,0.04781426,1
1506205370,22131206,282.29,1.84495349,1
1506205370,22131205,282.97,2.11368395,1
1506205364,22131196,283.16,2.08975333,1
1506205359,22131187,283.15,0.28140000,1
1506205359,22131186,283.65,2.25871578,1
1506205358,22131184,283.65,0.19452000,1
1506205357,22131179,283.65,0.35258964,1
1506205354,22131174,284.16,1.05311600,0
1506205354,22131167,283.63,0.53168048,1
1506205351,22131133,285.15,25.00993336,0
1506205351,22131131,285.15,14.85000000,1
1506205351,22131130,285.14,0.01780000,0
1506205351,22131129,285.14,23.36708400,1
1506205350,22131128,285.14,8.95030000,1
1506205350,22131127,285.00,15.87636042,0
1506205350,22131126,285.00,0.38783568,0
1506205350,22131125,285.00,0.30000000,0
1506205350,22131124,285.00,2.00000000,0
1506205349,22131121,284.99,28.45000000,0
1506205349,22131120,284.95,0.09971611,0
1506205349,22131119,284.65,1.12037288,0
1506205348,22131118,284.65,11.52483477,1
1506205348,22131117,284.64,0.78000000,0
1506205348,22131116,284.41,0.01780000,0
1506205348,22131115,284.00,0.60000000,0
1506205347,22131114,283.90,0.50000000,0
1506205347,22131113,283.78,1.05637574,0
1506205347,22131112,283.77,0.44000000,0
1506205346,22131111,283.70,11.94444364,0
1506205346,22131110,283.68,0.01790000,0
1506205346,22131109,283.55,5.50000000,0
1506205345,22131108,283.51,4.84000000,0
1506205345,22131107,283.50,0.14000000,0
1506205345,22131106,283.50,13.64630496,1
1506205345,22131103,283.37,1.52843100,0
1506205344,22131102,283.25,2.11827008,0
1506205344,22131101,283.23,2.22000000,0
1506205344,22131100,283.13,8.96620000,1
1506205343,22131099,283.13,75.83500000,1
1506205343,22131098,282.96,0.01790000,0
1506205343,22131096,282.95,0.23000000,0
1506205341,22131095,282.90,1.00000000,0
1506205311,22131054,282.74,1.52967100,0
1506205311,22131053,282.73,0.28260000,0
1506205311,22131052,282.50,0.08927431,0
1506205311,22131051,282.20,0.00000558,0
1506205304,22131026,282.20,0.99999442,0
1506204944,22130838,282.13,1.54323377,1
1506204944,22130837,282.14,0.28260000,1
1506204944,22130836,282.17,0.18808402,1
1506204938,22130832,282.17,3.59822094,1
1506204894,22130816,282.20,1.00000000,0
1506204894,22130815,282.19,2.82033751,0
1506204882,22130808,282.03,0.14666667,1
1506204833,22130781,282.10,1.00000000,1
1506204730,22130731,282.10,7.70000000,1
1506204705,22130724,282.10,0.12627000,1
1506204692,22130695,282.10,1.57493987,1
1506204692,22130694,282.11,0.23552262,1
1506204692,22130693,282.12,8.96620000,1
1506204692,22130692,282.12,2.82033751,1
1506204621,22130643,282.34,1.53069900,0
1506204621,22130642,282.20,1.00000200,0
1506204621,22130641,282.10,1.00000000,0
1506204621,22130640,282.00,1.00000000,0
1506204621,22130639,281.99,0.23000000,0
1506204390,22130509,281.99,2.82166412,1
1506204307,22130478,281.92,2.82000000,0
1506204307,22130477,281.92,4.21833588,0
1506204304,22130473,281.92,2.82166412,1
1506204283,22130458,281.86,9.67900000,0
1506204282,22130457,281.83,2.82253974,0
1506204282,22130456,281.83,0.23000000,0
1506204131,22130399,281.79,0.01457727,0
1506204131,22130397,281.78,0.55977100,0
1506204111,22130386,281.33,0.55977100,1
1506204106,22130382,281.80,3.71439051,0
1506204084,22130369,281.82,25.24220917,0
1506204084,22130368,281.82,0.27812296,0
1506204080,22130363,281.82,1.91487474,0
1506204071,22130361,281.83,7.97633532,0
1506204071,22130360,281.83,0.23000000,0
1506204051,22130344,281.87,4.87984592,0
1506204035,22130335,281.92,1.39142500,0
1506204035,22130334,281.65,1.53363800,0
1506204023,22130331,281.56,0.72064172,0
1506204023,22130330,281.56,17.35398446,0
1506204005,22130307,281.56,0.08170267,0
1506204004,22130304,281.56,0.02131287,0
1506203996,22130301,281.52,1.44643898,0
1506203996,22130300,281.51,9.06224202,0
1506203996,22130299,281.49,2.94000000,0
1506203994,22130296,281.46,4.30000000,0
1506203972,22130288,281.59,1.47239200,0
1506203941,22130262,281.72,2.73135138,0
1506203941,22130261,281.35,0.72006100,0
1506203904,22130229,280.83,0.23000000,0
1506203903,22130228,280.85,1.93510000,1
1506203902,22130226,280.85,7.04000000,1
1506203901,22130224,280.86,7.04000000,1
1506203873,22130222,281.36,5.51125410,0
1506203873,22130221,281.29,14.48500000,0
1506203845,22130213,281.17,0.22989651,1
1506203825,22130200,281.43,19.00000000,0
1506203784,22130165,281.68,6.19507066,0
1506203773,22130160,281.64,1.64173000,0
1506203773,22130159,281.63,17.15500000,0
1506203753,22130143,281.68,1.20327000,0
1506203710,22130104,281.72,0.22910731,0
1506203673,22130091,281.81,3.05504100,0
1506203673,22130090,281.80,1.53295900,0
1506203673,22130089,281.80,3.50000000,0
1506203673,22130088,281.78,1.91200000,0
1506203671,22130087,281.76,3.43714684,0
1506203497,22130011,281.48,7.04000000,0
1506203495,22130007,281.48,3.11724100,0
1506203495,22130006,281.48,3.92275900,0
1506203471,22129997,281.50,2.35607370,0
1506203471,22129996,281.40,0.99999800,0
1506203471,22129995,281.38,0.16382520,0
1506203415,22129941,280.58,0.01014984,1
1506203415,22129940,281.00,5.00000000,1
1506203259,22129831,281.13,0.00243564,1
1506203258,22129829,281.13,3.93000000,0
1506203258,22129828,281.13,0.05063269,0
1506203199,22129810,280.91,0.18000000,1
1506203167,22129801,280.90,0.20366479,1
1506203167,22129800,281.20,0.00000200,1
1506203161,22129794,281.21,0.22997049,1
1506202806,22129691,281.21,0.22989937,1
1506202800,22129686,281.21,0.23000000,1
1506202764,22129667,281.38,1.98657200,0
1506202739,22129652,281.22,0.22989119,1
1506202736,22129649,281.21,0.23000000,1
1506202663,22129614,281.20,0.46244200,1
1506202662,22129613,281.23,0.06587800,1
1506202644,22129604,281.23,0.16412200,1
1506202635,22129589,281.20,0.17155600,1
1506202635,22129588,281.22,0.06587400,1
1506202633,22129586,281.22,0.16412600,1
1506202609,22129549,281.20,9.36600000,1
1506202609,22129548,281.21,0.23000000,1
1506202417,22129492,281.21,0.18418917,1
1506202415,22129491,281.23,0.23000000,1
1506202286,22129451,281.72,0.12926200,0
1506202284,22129448,281.72,0.27000000,0
1506202176,22129387,280.65,0.04827414,0
1506202174,22129385,280.01,15.46625671,1
1506202174,22129384,280.01,0.44844826,1
1506202174,22129383,280.01,0.04827414,0
1506202173,22129382,280.02,3.23000000,0
1506202173,22129381,280.02,6.27000000,1
1506202173,22129380,280.03,2.13555500,1
1506202172,22129379,280.15,0.01799036,1
1506202172,22129378,280.74,0.49000000,1
1506202172,22129377,280.87,0.10000000,1
1506202172,22129376,281.00,0.60000000,1
1506202171,22129375,281.02,0.17575562,1
1506202171,22129373,281.05,0.33865860,1
1506202169,22129372,281.61,4.59362200,1
1506202167,22129371,281.72,0.23000000,0
1506202166,22129369,281.72,0.23000000,1
1506202100,22129318,281.81,0.05209400,1
1506202100,22129317,281.81,0.40790600,1
1506202100,22129316,281.83,0.23000000,1
1506202087,22129308,281.82,0.05063269,1
1506202087,22129306,281.94,0.08927431,1
1506202087,22129305,282.04,0.13000000,1
1506201992,22129259,282.27,2.88000000,0
1506201868,22129197,282.30,0.21573291,1
1506201867,22129196,282.30,3.31746026,1
1506201866,22129195,282.32,2.82253974,1
1506201711,22129150,282.75,0.74720446,0
1506201711,22129149,282.74,0.21356307,0
1506201681,22129133,282.74,0.01643693,0
1506201681,22129132,282.73,9.10000000,0
1506201667,22129130,283.19,0.65090575,1
1506201665,22129128,282.77,0.23000000,0
1506201651,22129124,282.83,8.95200000,0
1506201651,22129122,282.83,3.18034952,0
1506201651,22129121,282.82,2.30000000,0
1506201651,22129120,282.77,2.12186583,0
1506201651,22129119,282.76,0.23000000,0
1506201650,22129118,282.76,9.53300000,0
1506201631,22129112,282.89,15.77462472,0
1506201631,22129111,282.88,2.73000000,0
1506201631,22129110,282.86,1.26170000,0
1506201631,22129109,282.44,0.23000000,0
1506201612,22129102,283.11,0.45239820,1
1506201612,22129101,283.11,0.23000000,1
1506201611,22129100,283.00,0.60000000,0
1506201611,22129099,282.94,3.24000000,0
1506201611,22129098,282.82,1.82421200,0
1506201610,22129097,282.79,6.89615188,0
1506201610,22129096,282.44,4.86803965,0
1506201601,22129094,282.44,1.25175035,0
1506201601,22129093,282.37,0.63377264,0
1506201561,22129086,282.37,2.24622736,0
1506201417,22129048,281.94,1.47251000,1
1506201094,22128900,282.48,0.79707605,1
1506201094,22128899,282.48,2.82095793,0
1506201094,22128898,282.40,0.23000000,0
1506201094,22128897,282.15,1.88000000,0
1506201094,22128896,282.11,0.60000000,0
1506201093,22128895,282.11,0.28280000,0
1506201093,22128894,282.11,1.52953600,0
1506201093,22128893,282.11,0.27200000,0
1506201053,22128875,281.82,4.77000000,0
1506201052,22128870,281.82,0.23000000,1
1506200869,22128723,281.95,1.52953600,1
1506200869,22128722,282.00,0.60000000,1
1506200868,22128721,282.01,0.23000000,1
1506200853,22128690,282.39,0.23000000,1
1506200837,22128648,282.38,2.30200972,1
1506200836,22128644,282.38,0.51894800,1
1506200829,22128623,282.35,4.13223100,1
1506200829,22128622,282.36,2.65300000,1
1506200829,22128621,282.37,0.27200000,1
1506200829,22128619,282.43,0.23000000,1
1506200727,22128582,282.93,1.40603682,1
1506200725,22128579,282.93,2.63888595,1
1506200714,22128576,282.95,1.88000000,0
1506200713,22128575,282.85,1.00959276,0
1506200713,22128574,282.84,0.24494414,0
1506200685,22128569,282.94,11.59999790,0
1506200682,22128567,282.74,0.05241200,1
1506200662,22128560,282.59,0.40121546,1
1506200662,22128559,282.73,0.23000000,1
1506200662,22128558,282.77,0.25000954,1
1506200602,22128528,283.00,0.15733800,1
1506200582,22128519,283.01,0.04000000,1
1506200576,22128516,283.01,0.16000000,1
1506200564,22128513,283.00,0.09000000,1
1506200564,22128512,283.01,0.15000000,1
1506200555,22128504,283.01,0.08000000,1
1506200494,22128494,283.17,1.69029400,1
1506200494,22128493,283.16,7.84000000,0
1506200494,22128492,283.16,0.27100000,0
1506200461,22128481,283.00,0.35266200,1
1506200314,22128446,282.91,0.23000000,1
1506200193,22128422,282.94,0.23000000,1
1506200107,22128386,282.94,0.27100000,0
1506200106,22128385,283.04,0.23000000,1
1506200045,22128365,283.60,0.95373727,0
1506200045,22128364,283.32,0.02072265,0
1506200044,22128363,283.02,0.17504171,0
1506200041,22128359,283.32,1.68927735,0
1506200040,22128357,283.32,0.05000000,0
1506200039,22128352,283.02,3.11100400,1
1506200038,22128351,283.02,0.27100000,1
1506200037,22128348,283.93,1.27929144,0
1506200037,22128347,283.76,0.05000000,0
1506200036,22128346,283.64,1.65000000,0
1506200035,22128342,282.62,0.00000160,0
1506200034,22128340,282.62,0.04790000,0
1506200034,22128338,281.01,1.69437848,1
1506200033,22128336,281.01,1.00376421,0
1506200033,22128335,281.01,1.86281579,0
1506200033,22128334,281.01,1.06753968,0
1506200033,22128333,281.01,0.35584656,0
1506200033,22128332,281.01,0.04790000,0
1506200032,22128323,281.02,0.16843899,0
1506200028,22128321,280.21,1.00959276,0
1506200028,22128320,280.87,0.01794424,1
1506200027,22128319,281.01,0.05000000,1
1506200027,22128318,281.59,0.01789836,1
1506200027,22128317,281.59,0.04790160,0
1506200027,22128316,282.11,0.46000000,1
1506200026,22128315,282.11,13.04244904,0
1506200026,22128313,282.12,1.08000000,1
1506200026,22128312,282.96,0.93212200,0
1506200025,22128311,283.21,0.27100000,1
1506200025,22128309,283.25,69.85200000,1
1506200024,22128304,283.26,5.39000000,1
1506200024,22128303,283.26,6.10739200,0
1506200024,22128302,283.33,1.26170000,1
1506200024,22128301,283.33,0.23000000,0
1506200022,22128300,283.47,0.23000000,1
1506200011,22128296,283.46,0.23000000,1
1506199932,22128244,283.58,1.26058326,0
1506199931,22128243,283.19,66.74875200,0
1506199931,22128242,283.48,6.10124800,1
1506199929,22128240,283.63,3.15000000,1
1506199906,22128229,283.63,0.87000000,0
1506199892,22128226,283.63,1.04000000,0
1506199889,22128224,283.62,23.76867212,1
1506199885,22128213,283.64,19.99639500,0
1506199862,22128208,283.64,2.00000000,0
1506199852,22128199,283.64,0.03000000,0
1506199845,22128197,283.60,0.15839278,1
1506199825,22128186,283.63,1.24000000,0
1506199812,22128178,283.63,1.47000000,0
1506199796,22128174,283.64,1.67844300,0
1506199796,22128173,283.63,1.75000000,0
1506199761,22128159,283.56,0.06148300,1
1506199756,22128154,283.56,0.65490993,1
1506199756,22128153,283.62,0.05000000,1
1506199753,22128152,283.63,2.00000000,1
1506199741,22128146,283.82,0.05000000,1
1506199741,22128145,283.97,0.05000000,1
1506199638,22128103,283.99,1.45067543,1
1506199637,22128101,283.99,18.90018200,1
1506199520,22128058,284.23,5.83988300,0
1506199520,22128057,284.21,0.03000000,0
1506199519,22128056,284.06,0.03000000,0
1506199454,22128034,284.05,2.81239000,0
1506199432,22128032,283.90,1.00000000,0
1506199432,22128031,283.80,0.32146369,0
1506199390,22128014,283.67,4.03423740,1
1506199334,22127991,283.88,0.57853631,1
1506199322,22127987,283.53,3.81373600,1
1506199274,22127943,283.89,4.03423740,0
1506199263,22127940,283.49,0.87232000,0
1506199253,22127935,283.48,5.23424900,1
1506199249,22127932,283.58,0.23000000,1
1506199224,22127924,283.56,6.10091300,1
1506199224,22127923,283.57,0.23000000,1
1506199207,22127917,283.64,0.05000000,1
1506199207,22127916,283.65,0.11907099,1
1506199207,22127915,283.84,0.05000000,1
1506199207,22127914,283.99,0.05000000,1
1506199129,22127888,284.01,0.16997200,0
1506199111,22127880,283.63,23.23668472,1
1506199111,22127879,283.95,0.03970154,1
1506198910,22127848,283.96,0.14640859,0
1506198896,22127840,283.96,1.94582800,1
1506198896,22127838,283.96,2.07977200,1
1506198879,22127829,283.95,0.01029846,1
1506198879,22127828,283.96,0.98970154,1
1506198853,22127821,283.98,2.69331922,1
1506198744,22127781,284.29,0.70000000,0
1506198658,22127723,284.30,0.10000000,0
1506198651,22127721,284.29,0.03000000,0
1506198651,22127720,284.27,0.03000000,0
1506198651,22127719,284.22,0.05000000,0
1506198651,22127718,284.12,0.03000000,0
1506198651,22127717,284.10,0.00000010,0
1506198650,22127716,284.00,0.19675330,0
1506198632,22127708,284.00,0.80324670,0
1506198631,22127707,283.95,1.00000000,0
1506198631,22127706,283.90,0.08590798,0
1506198626,22127705,283.90,0.91409202,0
1506198470,22127656,284.10,0.98159990,0
1506198470,22127655,284.09,0.76720010,0
1506198470,22127654,283.92,0.05000000,0
1506198403,22127598,283.66,0.76720010,1
1506198403,22127597,283.72,0.05000000,1
1506198403,22127596,283.92,0.05000000,1
1506198400,22127592,284.07,0.05000000,1
1506198385,22127582,284.09,0.08860938,0
1506198382,22127581,284.08,1.07489753,0
1506198220,22127483,284.09,0.07685543,1
1506198218,22127480,284.09,0.07161769,0
1506198200,22127475,284.09,0.41418917,0
1506198175,22127463,284.09,1.00000000,0
1506198174,22127462,284.00,1.00000000,0
1506198159,22127461,284.09,0.63522300,0
1506198150,22127458,284.07,0.00265107,0
1506198150,22127457,284.05,0.07864805,0
1506198150,22127456,284.00,0.18380757,0
1506198150,22127455,283.98,0.18380757,0
1506198144,22127451,283.73,1.13946398,1
1506198143,22127448,283.74,1.08413696,0
1506198140,22127439,283.73,2.06599869,1
1506198140,22127437,283.73,1.15319653,1
1506198138,22127431,283.72,1.92431082,1
1506198137,22127429,283.72,0.05000000,1
1506198127,22127416,284.00,0.21080734,1
1506198124,22127414,284.00,0.18380758,1
1506198120,22127411,284.00,0.18365409,1
1506198086,22127392,283.73,2.12102986,1
1506198067,22127379,284.10,0.01840000,0
1506198046,22127351,284.09,2.79930388,0
1506197975,22127260,283.81,0.08860938,0
1506197957,22127242,283.72,1.26058326,1
1506197957,22127241,283.81,1.05637574,1
1506197955,22127234,283.83,2.79930388,1
1506197948,22127229,283.81,0.13497100,1
1506197945,22127215,284.86,19.85746301,1
1506197944,22127214,284.86,3.18304811,1
1506197944,22127211,284.83,0.03000000,0
1506197944,22127209,284.76,0.03000000,0
1506197943,22127208,284.75,0.03000000,0
1506197943,22127206,284.73,0.03000000,0
1506197942,22127204,284.68,0.03000000,0
1506197942,22127202,284.67,0.03000000,0
1506197942,22127201,284.65,0.03000000,0
1506197942,22127200,284.65,0.33522621,1
1506197941,22127199,284.63,1.52421700,1
1506197941,22127198,284.63,0.03000000,0
1506197941,22127195,284.57,0.03000000,0
1506197940,22127193,284.57,7.58700000,1
1506197940,22127188,284.56,0.46000000,0
1506197940,22127183,284.48,0.03000000,0
1506197940,22127181,284.48,22.37166300,1
1506197939,22127178,284.46,1.57562258,0
1506197939,22127177,284.45,19.98300000,0
1506197938,22127176,284.44,8.92410000,1
1506197938,22127175,284.44,3.18151445,1
1506197938,22127174,284.44,0.33522621,1
1506197938,22127173,284.44,2.07206300,1
1506197938,22127171,284.40,0.03000000,0
1506197937,22127169,284.39,22.37267800,1
1506197937,22127168,284.39,1.00111900,1
1506197937,22127167,284.38,0.03000000,0
1506197936,22127166,284.35,0.03000000,0
1506197936,22127165,284.33,0.03000000,0
1506197936,22127164,284.28,0.03000000,0
1506197935,22127162,284.27,0.03000000,0
1506197935,22127160,284.10,0.03000000,0
1506197935,22127159,284.10,0.03000000,0
1506197934,22127155,284.08,0.03000000,0
1506197934,22127154,284.08,4.31001286,1
1506197934,22127153,284.08,1.92075520,1
1506197934,22127150,284.02,0.03000000,0
1506197933,22127149,283.98,0.03000000,0
1506197933,22127148,283.98,0.08854424,0
1506197933,22127146,283.95,1.05583363,0
1506197933,22127144,283.92,0.50000000,0
1506197932,22127143,283.92,0.05000000,0
1506197932,22127142,283.77,0.05000000,0
1506197932,22127141,283.77,4.10139842,1
1506197932,22127140,283.77,6.85858400,1
1506197931,22127136,283.70,4.10141600,1
1506197930,22127134,283.70,1.00000000,0
1506197930,22127133,283.70,0.99998464,0
1506197908,22127122,283.70,1.00000000,0
1506197862,22127101,283.77,0.05000000,1
1506197857,22127096,283.92,0.05000000,1
1506197851,22127090,283.94,7.16999400,0
1506197844,22127088,283.94,0.95516604,0
1506197844,22127087,283.92,0.07066796,0
1506197844,22127086,283.90,0.03000000,0
1506197844,22127085,283.88,0.03000000,0
1506197833,22127080,283.85,0.03000000,0
1506197833,22127079,283.83,0.03000000,0
1506197833,22127078,283.82,0.03000000,0
1506197833,22127077,283.75,0.03000000,0
1506197833,22127076,283.74,0.08854421,0
1506197832,22127075,283.74,2.84192200,0
1506197832,22127074,283.73,22.40209200,0
1506197832,22127073,283.73,0.03000000,0
1506197822,22127064,283.70,0.08854423,0
1506197811,22127056,283.67,0.03000000,0
1506197811,22127054,283.65,0.03000000,0
1506197811,22127052,283.63,0.03000000,0
1506197811,22127050,283.34,1.52959981,0
1506197807,22127048,283.53,0.03000000,0
1506197807,22127047,283.50,0.03000000,0
1506197807,22127046,283.48,0.03000000,0
1506197807,22127045,283.38,0.03000000,0
1506197805,22127043,283.35,1.27427700,0
1506197801,22127041,283.32,1.52960000,0
1506197797,22127040,283.37,0.08273998,0
1506197797,22127039,283.36,0.28140000,0
1506197795,22127038,283.28,0.50000000,0
1506197795,22127037,283.18,0.17450686,0
1506197795,22127036,283.10,1.00000000,0
1506197794,22127035,283.09,9.68000000,0
1506197728,22127008,283.09,1.29964600,0
1506197651,22126979,283.18,0.10689314,0
1506197643,22126972,283.16,2.11894300,0
1506197635,22126971,282.86,0.23140000,0
1506197594,22126954,282.91,0.05000000,0
1506197438,22126897,282.99,0.04999997,1
1506197438,22126896,283.01,0.00620784,1
1506197438,22126895,283.10,0.00000010,1
1506197378,22126856,283.10,0.28516419,1
1506197373,22126850,283.10,0.41974564,1
1506197368,22126845,283.19,0.05000000,1
1506197333,22126793,283.34,0.05000000,1
1506197226,22126755,283.36,2.80387681,0
1506197225,22126753,283.36,13.48904472,1
1506197224,22126743,283.36,3.54487200,1
1506197223,22126739,283.37,4.20000000,1
1506197223,22126738,283.37,0.28140000,1
1506197221,22126734,283.36,0.08273998,1
1506197220,22126732,283.36,3.06874648,1
1506197220,22126731,283.36,26.76665500,1
1506197220,22126730,283.37,10.98000000,1
1506197218,22126729,283.35,0.14708553,0
1506197218,22126728,283.34,2.80428222,0
1506197218,22126727,283.34,66.30300000,0
1506197217,22126726,283.33,31.06100000,0
1506197217,22126725,283.32,22.80813500,0
1506197217,22126724,283.29,0.00620784,0
1506197203,22126720,283.00,9.20540297,1
1506197179,22126695,283.00,0.28230000,1
1506197177,22126690,282.83,0.28229998,0
1506197177,22126689,282.82,0.22999705,0
1506197167,22126680,282.83,0.00001035,1
1506197166,22126679,282.83,0.28228965,1
1506197072,22126529,282.72,0.04999784,1
1506197072,22126528,282.92,0.05000000,1
1506197071,22126527,283.01,0.04379216,1
1506197071,22126526,283.07,0.05000000,1
1506197067,22126514,283.29,0.04379216,0
1506197066,22126513,283.27,0.05000000,0
1506196986,22126464,283.09,0.04999997,1
1506196986,22126462,283.09,0.03160500,1
1506196648,22126228,283.11,0.01839500,1
1506196648,22126227,283.26,0.05000000,1
1506196619,22126189,283.30,1.14356980,1
1506196572,22126137,283.30,0.47000000,1
1506196496,22126056,283.28,2.19571777,1
1506196495,22126054,283.29,5.00000000,0
1506196495,22126053,283.30,2.80428222,0
1506196493,22126052,283.70,0.00000001,1
1506196492,22126049,283.70,0.08854423,1
1506196475,22126008,283.74,0.02255000,0
1506196463,22125980,283.54,5.88000000,1
1506196460,22125973,283.70,1.01785863,1
1506196458,22125972,283.70,0.03797500,1
1506196453,22125971,283.74,2.10598379,0
1506196357,22125893,284.46,0.28998063,0
1506196357,22125892,284.46,6.49165914,1
1506196357,22125891,284.46,1.16457495,1
1506196355,22125887,284.46,2.00000000,1
1506196355,22125885,284.43,0.03000000,0
1506196355,22125884,284.42,0.03000000,0
1506196355,22125883,284.41,0.01780000,0
1506196355,22125882,284.41,0.01780000,0
1506196354,22125881,284.36,0.03000000,0
1506196354,22125880,284.36,0.03000000,0
1506196354,22125879,284.33,0.03000000,0
1506196354,22125878,284.26,0.03000000,0
1506196354,22125877,284.22,0.03000000,0
1506196354,22125876,284.19,0.03000000,0
1506196354,22125875,284.13,0.03000000,0
1506196354,22125874,284.07,0.03000000,0
1506196350,22125873,283.63,0.20000000,1
1506196330,22125866,283.66,0.05000000,1
1506196330,22125863,284.05,0.77595913,1
1506196329,22125860,284.05,1.14888000,1
1506196328,22125858,284.05,1.61551000,1
1506196327,22125852,284.05,0.39975300,1
1506196326,22125838,284.03,0.03000000,0
1506196325,22125837,284.00,3.50278497,0
1506196325,22125836,284.00,10.52350790,0
1506196325,22125835,283.99,2.00000000,0
1506196288,22125798,284.00,20.55357875,0
1506196288,22125796,284.00,5.16095725,0
1506196279,22125782,284.00,3.89410000,0
1506196279,22125781,284.00,0.60000000,0
1506196279,22125780,284.00,3.00000000,0
1506196279,22125779,284.00,1.00000000,0
1506196278,22125777,284.00,0.30000000,0
1506196278,22125776,284.00,0.13000000,0
1506196278,22125774,284.00,10.00000000,0
1506196277,22125773,283.91,0.03000000,0
1506196277,22125772,283.88,0.03000000,0
1506196269,22125767,283.86,0.03000000,0
1506196269,22125766,283.81,0.03000000,0
1506196269,22125765,283.69,2.00000000,0
1506196269,22125764,283.69,0.03000000,0
1506196269,22125763,283.68,0.00000033,0
1506196249,22125740,283.68,0.02999967,0
1506196249,22125739,283.68,3.14035933,0
1506196243,22125737,283.68,0.21339500,0
1506196243,22125736,283.65,19.78300000,0
1506196222,22125714,283.68,6.64624567,0
1506196222,22125713,283.67,1.61000000,0
1506196222,22125712,283.63,0.03000000,0
1506196222,22125711,283.51,4.04250000,0
1506196222,22125710,283.51,0.03000000,0
1506196222,22125709,283.48,0.03000000,0
1506196222,22125708,283.47,1.29900000,0
1506196222,22125707,283.46,3.47624933,0
1506196221,22125706,283.43,2.83240000,0
1506196182,22125651,282.93,6.72583000,0
1506196182,22125649,282.92,0.23000000,0
1506196172,22125637,283.45,19.76639500,0
1506196172,22125636,283.45,0.23000000,0
1506196166,22125621,283.46,2.80341769,1
1506196165,22125620,283.46,1.23908231,1
1506196162,22125615,283.46,8.55890548,1
1506196162,22125614,283.46,4.04253857,1
1506196161,22125613,283.46,1.53191700,1
1506196160,22125612,283.45,1.91000000,0
1506196160,22125611,283.41,0.03000000,0
1506196160,22125610,283.41,0.03000000,0
1506196160,22125609,283.38,0.03000000,0
1506196160,22125608,283.34,0.03000000,0
1506196160,22125607,283.24,0.03000000,0
1506196160,22125606,283.18,0.03000000,0
1506196159,22125605,283.16,0.03000000,0
1506196159,22125604,283.13,0.03000000,0
1506196159,22125603,283.13,0.03000000,0
1506196159,22125602,283.10,0.03000000,0
1506196159,22125601,283.06,0.03000000,0
1506196159,22125599,283.01,0.03000000,0
1506196159,22125598,283.00,0.60000000,0
1506196159,22125597,282.96,0.01790000,0
1506196158,22125596,282.93,0.03000000,0
1506196158,22125595,282.91,0.03000000,0
1506196158,22125594,282.86,0.03000000,0
1506196158,22125593,282.85,0.03000000,0
1506196158,22125592,282.84,0.03000000,0
1506196158,22125591,282.84,0.03000000,0
1506196158,22125590,282.83,0.03000000,0
1506196158,22125589,282.79,1.05924380,0
1506196157,22125588,282.78,0.03000000,0
1506196157,22125587,282.78,0.03000000,0
1506196157,22125586,282.76,0.03000000,0
1506196157,22125585,282.72,0.03000000,0
1506196157,22125584,282.71,0.03000000,0
1506196157,22125582,282.70,0.08887473,0
1506196157,22125581,282.66,0.03000000,0
1506196157,22125580,282.61,0.03000000,0
1506196156,22125579,282.60,0.03000000,0
1506196156,22125578,282.58,0.03000000,0
1506196156,22125577,282.51,0.03000000,0
1506196156,22125576,282.49,0.03000000,0
1506196156,22125575,282.45,1.28701542,0
1506196146,22125562,282.44,1.76141585,0
1506196145,22125560,282.44,9.21510646,0
1506196142,22125558,282.44,0.79889291,0
1506196142,22125557,282.43,4.91590000,0
1506196142,22125555,282.43,0.03000000,0
1506196142,22125554,282.41,0.03000000,0
1506196142,22125552,282.40,0.18237978,0
1506196141,22125551,282.39,1.69670000,0
1506196141,22125550,282.38,0.03000000,0
1506196141,22125549,282.38,1.10600000,0
1506196141,22125548,282.37,0.23000000,0
1506196136,22125545,282.38,3.89400000,0
1506196136,22125544,282.38,5.00000000,0
1506196135,22125543,282.36,0.03000000,0
1506196135,22125542,282.31,0.03000000,0
1506196135,22125541,282.26,0.03000000,0
1506196135,22125540,282.23,0.03000000,0
1506196135,22125539,282.22,0.23000000,0
1506196117,22125507,282.22,3.51339500,1
1506196115,22125504,282.22,0.05000000,0
1506196115,22125503,282.19,0.03000000,0
1506196114,22125502,282.16,0.03000000,0
1506196114,22125501,282.11,0.03000000,0
1506196114,22125500,282.08,6.53714926,0
1506196114,22125499,282.08,9.46585074,0
1506196113,22125498,281.94,0.03000000,0
1506196113,22125497,281.91,0.03000000,0
1506196113,22125496,281.80,0.05000000,0
1506196113,22125495,281.78,0.23000000,0
1506196061,22125453,281.06,0.24763000,1
1506196060,22125452,281.25,0.05000000,1
1506196060,22125451,281.50,0.05000000,1
1506196060,22125450,281.70,0.05000000,1
1506196030,22125415,281.80,27.73000000,0
1506196030,22125414,281.79,2.27000000,0
1506196016,22125404,281.80,0.05000000,0
1506196011,22125403,281.80,3.36010000,0
1506196010,22125402,281.79,0.23000000,0
1506195962,22125386,281.87,3.50278497,0
1506195951,22125379,281.79,2.45790000,0
1506195951,22125378,281.79,12.58239849,0
1506195950,22125377,281.78,2.45800000,0
1506195950,22125376,281.78,0.23000000,0
1506195926,22125372,281.35,0.23000000,0
1506195917,22125371,281.84,14.14244325,0
1506195917,22125370,281.83,2.70000000,0
1506195917,22125369,281.76,0.03000000,0
1506195916,22125368,281.74,0.03000000,0
1506195916,22125367,281.59,0.03000000,0
1506195916,22125366,281.48,2.13159017,0
1506195916,22125365,281.48,7.65300000,0
1506195916,22125364,281.40,0.22933700,0
1506195916,22125363,281.36,2.82362958,0
1506195916,22125362,281.36,0.23000000,0
1506195782,22125310,280.64,0.26888492,1
1506195782,22125309,280.83,0.05000000,1
1506195782,22125308,281.03,0.05000000,1
1506195780,22125307,281.18,0.05000000,1
1506195748,22125296,281.20,3.58202751,0
1506195697,22125255,281.20,0.24559032,0
1506195696,22125251,281.20,0.24537695,0
1506195598,22125193,281.11,0.23340000,1
1506195531,22125171,281.20,0.05000000,1
1506195488,22125151,281.26,0.05000000,0
1506195372,22125042,281.37,1.25695703,0
1506195309,22125017,281.47,2.45800000,1
1506195308,22125016,281.47,0.05000000,1
1506195227,22124981,281.60,0.05000000,0
1506195226,22124980,281.60,0.05000000,0
1506195132,22124933,281.84,2.49532270,0
1506195131,22124932,281.84,0.60877933,0
1506195131,22124931,281.83,0.23000000,0
1506195072,22124903,281.97,18.69540669,0
1506195065,22124900,281.99,0.91342790,0
1506195065,22124899,281.67,0.23000000,0
1506195025,22124864,280.87,3.30752260,0
1506195025,22124862,281.21,0.03826912,1
1506195019,22124857,281.03,1.67476955,0
1506195019,22124856,281.15,0.05000000,1
1506195018,22124855,281.30,0.28340000,1
1506195018,22124854,281.31,2.82362958,1
1506195018,22124853,281.40,0.05000000,1
1506195017,22124851,281.60,0.05000000,1
1506195017,22124848,281.75,0.05000000,1
1506195016,22124847,282.10,0.01820087,1
1506195000,22124821,282.10,0.15760000,0
1506194984,22124810,282.11,1.55940475,0
1506194984,22124809,281.83,2.82195979,0
1506194984,22124808,281.81,15.60400000,0
1506194702,22124726,281.77,0.05000000,1
1506194702,22124725,282.02,0.05000000,1
1506194702,22124724,282.22,0.05000000,1
1506194699,22124718,282.25,0.05000000,0
1506194661,22124692,282.39,0.16856780,1
1506194659,22124683,282.39,1.24331082,1
1506194659,22124680,282.39,1.56612712,1
1506194658,22124670,282.39,0.35498622,1
1506194657,22124666,282.39,3.16754661,1
1506194657,22124665,282.42,2.86658168,0
1506194657,22124664,282.42,59.09772678,1
1506194656,22124663,282.41,0.03000000,0
1506194656,22124662,282.41,0.65000000,1
1506194656,22124658,282.39,0.03000000,0
1506194655,22124656,282.35,0.03000000,0
1506194655,22124655,282.35,35.61253300,1
1506194655,22124653,282.23,0.01800000,0
1506194655,22124651,282.22,0.03000000,0
1506194654,22124649,282.21,0.03000000,0
1506194654,22124648,282.15,0.03000000,0
1506194654,22124647,282.15,7.92350900,1
1506194653,22124644,282.13,0.03000000,0
1506194653,22124639,282.00,0.60000000,0
1506194653,22124637,282.00,4.62843400,1
1506194653,22124636,282.00,6.59850000,1
1506194653,22124635,282.00,13.00000000,1
1506194652,22124634,281.99,0.03000000,0
1506194652,22124633,281.96,0.03000000,0
1506194652,22124632,281.96,9.36693000,1
1506194652,22124631,281.96,26.99143600,1
1506194651,22124630,281.90,0.03000000,0
1506194651,22124629,281.88,0.03000000,0
1506194651,22124628,281.88,12.69574700,1
1506194651,22124627,281.88,5.28407900,1
1506194650,22124623,281.77,0.03000000,0
1506194650,22124621,281.76,0.03000000,0
1506194650,22124620,281.76,12.35403900,1
1506194649,22124618,281.75,0.03000000,0
1506194649,22124617,281.74,1.53955900,0
1506194648,22124614,281.68,0.03000000,0
1506194648,22124610,281.64,0.03000000,0
1506194648,22124608,281.64,15.12748700,1
1506194648,22124607,281.56,0.03000000,0
1506194647,22124606,281.56,1.20034831,1
1506194647,22124605,281.53,0.03000000,0
1506194647,22124604,281.50,0.03000000,0
1506194647,22124603,281.40,0.03000000,0
1506194646,22124601,281.37,0.03000000,0
1506194646,22124600,281.36,65.18300000,0
1506194646,22124599,281.36,9.55000000,0
1506194646,22124598,281.36,0.03000000,0
1506194645,22124597,281.34,0.03000000,0
1506194645,22124596,281.16,7.28503482,0
1506194643,22124594,281.10,0.23000000,1
1506194643,22124592,281.10,0.54532700,0
1506194621,22124589,281.16,0.32530000,0
1506194621,22124588,281.15,0.23000000,0
1506194611,22124581,281.16,19.40536454,0
1506194610,22124580,281.15,0.23000000,0
1506194610,22124579,281.14,0.35000000,0
1506194596,22124571,280.56,0.34897500,1
1506194591,22124569,281.16,1.66886965,0
1506194591,22124568,281.16,18.08649489,0
1506194591,22124567,281.15,0.23000000,0
1506194553,22124552,281.16,10.87360829,0
1506194553,22124551,281.15,3.00000000,0
1506194553,22124550,281.15,0.23000000,0
1506194551,22124549,280.77,0.05000000,1
1506194526,22124537,281.16,13.29532781,0
1506194526,22124535,281.12,4.80663063,0
1506194526,22124534,281.11,0.23000000,0
1506194470,22124510,281.21,4.55731265,0
1506194470,22124509,281.20,0.23000000,0
1506194470,22124508,280.85,0.54532700,1
1506194470,22124507,280.97,0.05000000,1
1506194465,22124505,281.21,11.73680000,0
1506194451,22124503,281.23,15.81437481,0
1506194451,22124502,281.22,3.56000000,0
1506194451,22124501,281.12,0.19487898,0
1506194439,22124496,281.12,0.05000000,0
1506194434,22124493,281.25,0.16710000,0
1506194434,22124492,281.21,0.03000000,0
1506194434,22124491,281.13,0.23000000,0
1506194372,22124464,281.14,0.10270000,0
1506194371,22124463,281.14,1.67712468,0
1506194371,22124462,280.83,0.23000000,0
1506194355,22124453,281.17,11.74258336,0
1506194355,22124452,281.15,0.03000000,0
1506194355,22124451,281.10,0.03000000,0
1506194355,22124450,281.09,0.03000000,0
1506194355,22124449,281.02,0.03000000,0
1506194354,22124448,281.01,0.03000000,0
1506194354,22124447,281.00,7.15000000,0
1506194354,22124446,281.00,0.60000000,0
1506194354,22124445,280.91,0.03000000,0
1506194354,22124444,280.89,0.03000000,0
1506194354,22124443,280.85,0.03000000,0
1506194354,22124442,280.85,0.03000000,0
1506194354,22124441,280.84,0.23000000,0
1506194293,22124410,280.74,0.03000000,0
1506194293,22124409,280.72,0.03000000,0
1506194293,22124408,280.71,0.03000000,0
1506194293,22124407,280.66,0.03000000,0
1506194293,22124406,280.65,0.03000000,0
1506194282,22124400,280.40,3.34579172,1
1506194278,22124399,280.60,19.78448505,0
1506194278,22124398,280.60,0.03000000,0
1506194278,22124397,280.50,0.03000000,0
1506194278,22124396,280.47,0.03000000,0
1506194278,22124395,280.46,0.03000000,0
1506194278,22124394,280.46,0.03000000,0
1506194278,22124393,280.40,0.03000000,0
1506194103,22124347,280.35,0.03547948,0
1506194065,22124344,280.36,3.01466395,0
1506194065,22124343,280.30,1.54413600,0
1506194065,22124342,280.29,0.22400000,0
1506194061,22124339,280.36,1.47826851,0
1506194061,22124338,280.35,10.74000000,0
1506194061,22124337,280.31,0.03000000,0
1506194061,22124336,280.27,0.03000000,0
1506194061,22124335,280.26,0.03000000,0
1506194061,22124334,280.25,0.03000000,0
1506194060,22124333,280.12,0.45811863,0
1506194060,22124332,280.00,2.41343174,0
1506194060,22124331,280.00,15.32166500,0
1506193963,22124311,280.12,0.54188137,0
1506193963,22124310,280.12,0.03000000,0
1506193963,22124309,280.04,0.84904817,0
1506193963,22124308,280.03,11.26142498,0
1506193915,22124298,280.09,0.05000000,1
1506193896,22124290,280.05,1.03000000,0
1506193890,22124287,280.11,0.03000000,0
1506193890,22124286,280.08,1.00000000,0
1506193890,22124285,280.08,0.15122468,0
1506193867,22124280,279.89,0.11000100,0
1506193770,22124258,279.35,6.45774047,0
1506193769,22124257,279.35,0.05000000,1
1506193769,22124255,279.47,0.27400000,1
1506193769,22124254,279.54,0.03825953,1
1506193769,22124253,279.55,0.05000000,1
1506193769,22124252,279.70,0.05000000,1
1506193769,22124251,279.71,0.23000000,1
1506193548,22124185,279.72,0.04000000,0
1506193538,22124181,279.69,0.04000000,0
1506193527,22124177,279.72,0.04000000,0
1506193519,22124170,279.63,0.96000000,0
1506193448,22124126,279.75,0.05000000,1
1506193408,22124110,279.90,0.05000000,1
1506193336,22124078,279.92,8.18006726,0
1506193336,22124077,279.84,0.05000000,0
1506193336,22124076,279.57,0.36893274,0
1506193223,22124046,279.57,0.09418000,0
1506193187,22124015,279.57,0.23000000,1
1506193164,22124009,279.73,0.24487898,1
1506193153,22124007,279.71,0.05000000,1
1506193081,22123971,279.73,6.56568278,0
1506192958,22123918,279.74,19.89292800,0
1506192957,22123917,279.74,15.47785430,0
1506192957,22123916,279.73,0.28480000,0
1506192957,22123915,279.73,4.23000000,0
1506192939,22123907,279.77,0.28480000,1
1506192939,22123906,279.78,13.64630496,1
1506192857,22123868,279.79,0.05000000,0
1506192835,22123863,279.86,7.18617837,0
1506192835,22123862,279.85,12.80647593,0
1506192769,22123813,279.21,2.17000000,1
1506192769,22123812,279.32,0.23000000,1
1506192715,22123794,279.33,2.63588676,1
1506192693,22123790,279.28,1.46400000,1
1506192693,22123789,279.29,0.47000000,1
1506192693,22123788,279.31,15.96600000,1
1506192689,22123787,279.30,2.17881131,0
1506192689,22123786,279.43,0.01803672,1
1506192687,22123785,280.00,0.30000000,1
1506192687,22123784,280.00,0.39998287,1
1506192686,22123783,280.00,0.57710400,1
1506192686,22123782,280.00,0.60000000,1
1506192666,22123775,280.01,1.10625899,1
1506192666,22123774,280.01,2.37624122,1
1506192666,22123773,280.02,1.10625878,1
1506192666,22123772,280.02,1.87708700,1
1506192665,22123771,280.02,1.08964900,1
1506192619,22123758,280.17,0.10689938,0
1506192608,22123757,280.01,2.71303200,1
1506192608,22123756,280.08,0.23000000,1
1506192559,22123741,280.01,1.87708700,1
1506192559,22123740,280.01,11.92738079,1
1506192558,22123739,280.07,8.07261921,1
1506192555,22123737,280.07,8.95907258,1
1506192555,22123736,280.14,0.03768506,1
1506192554,22123735,280.15,0.01799036,1
1506192554,22123734,280.16,7.84261900,1
1506192554,22123733,280.17,0.23000000,1
1506192551,22123732,280.16,12.15738100,1
1506192547,22123730,280.18,3.75999981,1
1506192547,22123729,280.18,58.88216600,1
1506192547,22123728,280.39,0.23000000,1
1506192540,22123721,280.18,3.53000000,1
1506192540,22123720,280.38,0.23000000,1
1506192353,22123676,280.18,0.80000000,1
1506192352,22123675,280.18,7.33757410,1
1506192352,22123674,280.41,1.72194490,1
1506192351,22123673,280.41,15.04000000,1
1506192351,22123672,280.42,0.23000000,1
1506192331,22123668,280.41,0.12092400,1
1506192193,22123613,281.22,11.28658621,0
1506192193,22123612,280.90,1.54007200,0
1506192193,22123611,280.69,1.00000000,0
1506192193,22123610,280.67,0.27200000,0
1506192162,22123605,280.69,0.23000000,1
1506192161,22123604,280.15,0.31000000,0
1506192161,22123603,280.41,0.46000000,1
1506192159,22123602,280.68,0.23000000,1
1506192003,22123545,281.11,0.18345670,0
1506191996,22123540,281.14,0.88230479,0
1506191931,22123498,280.16,1.47643123,1
1506191930,22123497,280.17,2.00954407,0
1506191929,22123496,280.17,0.23000000,1
1506191905,22123480,280.58,7.15000000,1
1506191905,22123479,280.58,0.14620000,1
1506191905,22123478,280.99,0.05000000,1
1506191905,22123477,281.00,0.55649000,1
1506191891,22123472,281.00,0.04351000,1
1506191887,22123471,281.08,2.74100000,0
1506191854,22123455,281.00,0.89806394,1
1506191853,22123454,281.00,0.34000000,1
1506191853,22123453,281.00,69.99907273,1
1506191852,22123452,281.00,0.17702800,1
1506191844,22123435,281.00,1.59145200,1
1506191836,22123432,281.00,2.37570100,1
1506191828,22123431,281.00,0.05460700,1
1506191821,22123423,281.00,0.11289200,1
1506191821,22123422,281.14,0.02000000,1
1506191815,22123420,281.14,0.03000000,1
1506191803,22123414,281.00,1.33971400,1
1506191803,22123413,281.01,3.41000000,1
1506191803,22123412,281.01,0.23000000,1
1506191792,22123410,281.16,7.40454116,0
1506191792,22123409,281.00,0.02480100,1
1506191785,22123404,281.00,3.40358100,1
1506191785,22123403,281.01,3.77000000,1
1506191774,22123389,281.00,9.84000000,1
1506191774,22123388,281.01,4.16000000,1
1506191770,22123384,281.00,0.14034200,1
1506191769,22123382,281.00,15.04949700,1
1506191767,22123380,281.00,1.72659300,1
1506191767,22123378,281.00,33.52615100,1
1506191767,22123377,281.01,4.60000000,1
1506191747,22123364,281.01,3.29365050,1
1506191747,22123363,281.01,1.00000000,1
1506191747,22123362,281.10,1.16770800,1
1506191746,22123360,281.10,0.20000000,1
1506191732,22123356,281.10,0.06576400,1
1506191691,22123351,281.10,0.02084900,1
1506191664,22123338,281.10,5.00000000,1
1506191657,22123335,281.10,0.49450300,1
1506191654,22123334,281.10,0.57420000,1
1506191622,22123326,281.11,0.02975300,1
1506191611,22123321,281.11,0.20024700,1
1506191605,22123320,281.10,0.62241200,1
1506191602,22123316,281.10,0.03290200,1
1506191600,22123315,281.10,7.13499600,1
1506191600,22123314,281.11,0.23000000,1
1506191566,22123300,281.10,0.87065500,1
1506191566,22123299,281.11,0.02175500,1
1506191566,22123297,281.11,0.20824500,1
1506191548,22123285,281.10,0.13100000,1
1506191546,22123282,281.10,48.68501100,1
1506191546,22123281,281.13,0.23000000,1
1506191546,22123280,281.18,0.05000000,1
1506191534,22123263,281.11,4.77000000,1
1506191534,22123261,281.12,0.23000000,1
1506191523,22123257,281.20,0.03667615,1
1506191523,22123256,281.21,0.27200000,1
1506191523,22123255,281.30,0.23000000,1
1506191512,22123252,281.31,0.85100818,1
1506191512,22123250,281.33,13.64630496,1
1506191511,22123244,281.88,0.51374423,0
1506191500,22123242,281.47,0.23000000,1
1506191399,22123182,281.87,5.71560000,1
1506191399,22123181,281.87,0.23000000,1
1506191377,22123176,281.86,0.92635900,1
1506191366,22123173,281.85,0.23000000,1
1506191360,22123170,281.86,0.99092300,1
1506191360,22123169,281.86,0.23000000,1
1506191307,22123137,282.35,6.69517411,0
1506191307,22123136,282.34,0.27091819,0
1506191301,22123129,281.81,0.00190000,1
1506191301,22123128,281.94,0.23000000,1
1506191300,22123126,282.36,2.89256876,0
1506191298,22123122,281.93,0.18181819,1
1506191293,22123115,281.93,0.08910000,1
1506191293,22123114,282.01,1.49260000,1
1506191293,22123113,282.01,0.05000000,1
1506191292,22123112,282.16,0.08995606,1
1506191291,22123111,282.16,0.05000000,1
1506191283,22123098,282.41,1.58037932,0
1506191277,22123097,282.43,3.00677533,0
1506191269,22123092,282.26,0.65807695,0
1506191260,22123088,282.18,0.81265443,0
1506191250,22123083,282.18,2.25140986,0
1506191235,22123075,281.91,3.47610000,1
1506191234,22123074,282.11,1.76959342,0
1506191234,22123073,281.92,19.51000000,1
1506191234,22123072,281.92,0.71133655,0
1506191233,22123071,281.91,13.40856649,0
1506191228,22123066,281.51,4.62190580,1
1506191228,22123064,281.51,0.23000000,1
1506191196,22123048,281.51,0.12628400,1
1506191194,22123044,281.51,8.22700000,0
1506191194,22123043,281.51,0.08000000,0
1506191181,22123041,281.20,3.04938104,1
1506191180,22123040,281.21,0.05000000,1
1506191180,22123039,281.22,0.23000000,1
1506191178,22123038,281.41,0.15661600,0
1506191091,22123009,281.51,0.05000000,1
1506191019,22122989,281.72,0.05000000,0
1506191018,22122988,281.72,0.05000000,0
1506191018,22122987,281.71,0.05000000,0
1506190954,22122961,282.13,1.74418000,0
1506190909,22122922,281.20,0.87650400,1
1506190909,22122921,281.41,0.05000000,1
1506190898,22122913,281.44,0.23000000,1
1506190898,22122911,281.45,2.39211200,1
1506190898,22122910,281.45,8.66788800,1
1506190895,22122904,281.44,2.34173700,1
1506190809,22122876,281.64,0.18000945,1
1506190809,22122875,281.65,0.03621233,1
1506190809,22122874,281.67,0.03621233,1
1506190809,22122873,281.68,0.23000000,1
1506190799,22122863,281.69,0.05000000,1
1506190799,22122862,281.72,0.23000000,1
1506190790,22122856,281.69,0.03621233,1
1506190790,22122855,281.71,0.05000000,1
1506190790,22122854,281.72,0.23000000,1
1506190777,22122843,281.72,0.23000000,1
1506190760,22122833,281.72,10.75135100,0
1506190760,22122832,281.96,0.05000000,1
1506190759,22122831,282.16,0.05000000,1
1506190755,22122826,282.18,0.05000000,0
1506190686,22122791,282.33,4.61406864,1
1506190684,22122790,281.61,0.27200000,0
1506190673,22122775,281.03,4.97954713,0
1506190673,22122774,281.13,0.05000000,1
1506190673,22122773,281.46,0.47000000,1
1506190672,22122772,281.53,0.05000000,1
1506190672,22122771,281.59,0.01789836,1
1506190672,22122770,281.88,0.05000000,1
1506190671,22122769,282.00,0.18237978,1
1506190671,22122768,282.00,0.60000000,1
1506190671,22122767,282.01,0.28290000,1
1506190669,22122766,282.42,0.08887473,1
1506190590,22122736,282.15,0.27200000,1
1506190584,22122735,282.18,0.05000000,1
1506190574,22122734,282.42,1.50247739,0
1506190574,22122733,282.43,0.05000000,1
1506190573,22122732,282.48,2.12006660,1
1506190573,22122731,282.63,0.05000000,1
1506190573,22122730,282.78,0.05000000,1
1506190355,22122679,282.80,2.62646304,1
1506190355,22122678,282.80,0.70291800,1
1506190355,22122677,283.17,1.49494760,0
1506190354,22122676,283.17,0.23000000,0
1506190313,22122664,282.79,2.81443000,1
1506190313,22122663,283.02,0.05000000,1
1506190313,22122662,283.22,0.05000000,1
1506190231,22122638,283.25,0.05000000,0
1506190191,22122609,283.39,2.80059124,0
1506190191,22122608,283.34,0.03000000,0
1506190191,22122607,283.29,0.03000000,0
1506190191,22122606,283.26,0.03000000,0
1506190190,22122605,283.26,0.03000000,0
1506190190,22122604,283.26,6.45640876,0
1506190190,22122603,283.25,0.23000000,0
1506190161,22122588,283.26,3.54359124,0
1506190161,22122587,283.25,7.15000000,0
1506190161,22122586,283.24,0.08274496,0
1506190161,22122584,283.12,6.23000000,0
1506190161,22122583,283.11,0.23000000,0
1506190161,22122582,283.10,2.76000000,0
1506190146,22122527,282.63,2.76344263,0
1506190000,22122483,283.20,0.05597300,0
1506189973,22122470,282.78,0.05000000,1
1506189973,22122469,283.24,5.45841742,1
1506189972,22122468,283.23,1.15000000,0
1506189972,22122467,283.21,0.03000000,0
1506189972,22122466,283.00,0.60000000,0
1506189972,22122465,282.99,0.03000000,0
1506189971,22122464,282.87,8.58000000,0
1506189971,22122463,282.86,3.54592378,0
1506189971,22122462,282.85,0.42199500,0
1506189971,22122461,282.85,0.18000000,0
1506189966,22122457,282.85,0.05000000,0
1506189960,22122448,282.11,0.42199500,1
1506189923,22122439,282.95,8.63765287,0
1506189923,22122438,282.93,1.37000000,0
1506189923,22122437,282.51,2.12381863,0
1506189923,22122436,282.50,7.86486470,0
1506189873,22122414,282.58,0.62289091,0
1506189871,22122412,282.98,10.51085833,0
1506189871,22122411,282.91,0.03000000,0
1506189871,22122410,282.91,0.03000000,0
1506189871,22122409,282.91,0.03000000,0
1506189871,22122408,282.74,0.03000000,0
1506189871,22122407,282.73,1.62000000,0
1506189871,22122406,282.63,2.81493609,0
1506189870,22122405,282.61,4.03565087,0
1506189870,22122404,281.93,0.27200000,0
1506189867,22122403,281.79,0.93192900,0
1506189825,22122391,282.61,0.62655471,0
1506189820,22122382,281.69,0.94273400,1
1506189818,22122381,281.71,1.00157886,1
1506189818,22122380,281.72,0.27200000,1
1506189811,22122374,282.62,6.40665764,0
1506189796,22122368,281.65,13.64630496,1
1506189767,22122355,282.03,1.00063804,0
1506189753,22122346,282.70,0.38361006,1
1506189752,22122345,282.66,0.03000000,0
1506189752,22122344,282.62,0.08879365,0
1506189752,22122343,282.61,0.03000000,0
1506189752,22122342,282.61,0.03000000,0
1506189752,22122341,282.54,0.03000000,0
1506189752,22122340,282.46,0.03000000,0
1506189752,22122339,282.39,0.03000000,0
1506189752,22122338,282.36,0.03000000,0
1506189752,22122337,282.36,0.03000000,0
1506189751,22122336,282.31,0.03000000,0
1506189751,22122335,282.30,0.18216755,0
1506189751,22122334,282.16,0.03000000,0
1506189751,22122332,282.16,0.03000000,0
1506189751,22122328,282.06,0.17200000,0
1506189733,22122313,282.06,0.41888492,0
1506189715,22122295,282.13,0.82960000,0
1506189715,22122294,282.01,0.03000000,0
1506189693,22122283,282.06,5.97084327,0
1506189692,22122281,282.05,7.35000000,0
1506189692,22122279,282.01,0.03000000,0
1506189692,22122278,282.00,1.00000000,0
1506189692,22122277,281.62,0.07483067,0
1506189692,22122276,281.62,5.57066226,0
1506189630,22122229,281.62,0.23892900,0
1506189624,22122219,281.62,4.03565087,0
1506189612,22122204,281.62,0.02155557,0
1506189612,22122203,281.60,0.97854843,0
1506189548,22122185,281.25,0.05000000,1
1506189547,22122184,281.45,0.05000000,1
1506189442,22122104,281.57,0.05000000,0
1506189352,22122075,281.62,0.23000000,1
1506189326,22122067,281.61,0.17200000,0
1506189326,22122066,281.75,0.05000000,1
1506189326,22122065,281.90,0.05000000,1
1506189322,22122062,282.03,0.00112842,0
1506189321,22122061,282.03,0.28220000,0
1506189311,22122049,282.04,3.68641131,0
1506189310,22122048,282.03,5.56278869,0
1506189268,22122029,282.08,3.53781700,0
1506189181,22121998,282.03,0.02516933,0
1506189160,22121992,281.92,4.54569927,0
1506189072,22121964,281.64,2.35485670,1
1506189072,22121963,281.64,0.76507228,1
1506189071,22121960,281.66,0.23000000,1
1506189067,22121959,281.64,2.14492772,1
1506189067,22121958,281.64,0.21037850,1
1506189067,22121957,281.65,0.23000000,1
1506189042,22121945,281.64,3.81962150,1
1506189042,22121944,281.64,0.21083782,1
1506189042,22121943,281.65,0.23000000,1
1506189036,22121942,281.64,2.91405664,1
1506189036,22121941,281.67,0.23000000,1
1506189020,22121934,281.64,2.06510554,1
1506189020,22121933,281.64,1.96277247,1
1506189019,22121932,281.66,0.23000000,1
1506189000,22121918,281.64,5.18722753,1
1506189000,22121917,281.65,0.23000000,1
1506188986,22121907,281.64,7.15000000,1
1506188986,22121906,281.83,0.05000000,1
1506188986,22121905,281.84,0.23000000,1
1506188975,22121901,281.98,0.05000000,1
1506188922,22121879,282.00,4.97373870,1
1506188922,22121878,282.07,8.66505725,1
1506188921,22121877,282.07,0.39000000,1
1506188908,22121873,282.12,1.53248000,0
1506188901,22121870,282.00,2.06518000,1
1506188901,22121869,282.00,0.49999900,1
1506188893,22121867,282.00,2.20438700,1
1506188851,22121842,282.00,8.36361861,1
1506188851,22121841,282.04,0.88025940,0
1506188850,22121839,282.00,7.22942200,1
1506188837,22121811,282.00,1.02286400,1
1506188836,22121809,282.00,2.71848900,1
1506188836,22121807,282.00,1.26957700,1
1506188836,22121806,282.00,4.06210200,1
1506188836,22121805,282.00,77.70000000,1
1506188836,22121804,282.00,0.02499121,1
1506188836,22121803,282.00,0.18216755,1
1506188836,22121802,282.00,0.60000000,1
1506188835,22121800,282.01,3.19284124,1
1506188835,22121799,282.01,7.00715876,1
1506188835,22121798,282.01,6.30000000,1
1506188835,22121797,282.05,0.11590424,1
1506188834,22121788,282.05,0.16629576,1
1506188834,22121786,282.27,0.05000000,1
1506188834,22121784,282.34,0.08879365,1
1506188833,22121781,282.50,0.05038323,1
1506188816,22121750,282.57,0.83207296,0
1506188815,22121749,282.58,2.06875304,1
1506188809,22121747,282.52,2.90082620,0
1506188807,22121746,282.73,1.05924380,1
1506188788,22121739,282.79,9.48606800,0
1506188788,22121738,282.78,1.57143691,0
1506188788,22121737,282.81,1.24379209,1
1506188788,22121736,282.81,1.57114400,1
1506188741,22121687,283.97,10.80760905,0
1506188741,22121686,283.96,0.23000000,0
1506188741,22121685,283.82,6.15000000,0
1506188741,22121684,283.43,2.80876240,0
1506188737,22121681,282.34,0.30000000,0
1506188732,22121678,282.34,0.48004701,1
1506188723,22121668,283.33,0.20000000,1
1506188721,22121663,282.67,0.05000000,1
1506188721,22121661,283.01,0.10000000,1
1506188721,22121659,283.02,0.05000000,1
1506188721,22121658,283.32,0.01843100,1
1506188718,22121641,283.32,0.03156900,1
1506188717,22121637,283.47,2.81835868,1
1506188715,22121631,283.37,6.19994132,0
1506188714,22121628,283.37,2.80876240,1
1506188714,22121626,283.57,0.05000000,1
1506188714,22121625,283.77,0.46882628,1
1506188714,22121624,283.77,0.05000000,1
1506188652,22121591,283.97,1.45068507,0
1506188652,22121589,283.96,0.27000000,0
1506188651,22121587,283.88,0.05000000,0
1506188604,22121572,283.94,0.09186763,0
1506188604,22121571,283.86,2.00000000,0
1506188604,22121570,283.84,0.36773293,0
1506188585,22121560,283.84,0.68736573,0
1506188561,22121551,283.31,1.05509866,1
1506188560,22121549,283.96,4.22323566,0
1506188559,22121548,283.95,0.38000000,0
1506188559,22121547,283.95,3.38708000,0
1506188559,22121546,283.86,0.03000000,0
1506188559,22121545,283.85,1.01159300,1
1506188559,22121544,283.85,1.86693800,1
1506188557,22121543,283.85,13.57900000,1
1506188557,22121542,283.85,1.22326500,0
1506188490,22121528,283.33,1.22326500,1
1506188410,22121494,283.59,0.15810200,0
1506188399,22121482,283.59,1.59334500,1
1506188399,22121481,283.59,1.79373500,1
1506188396,22121480,283.82,0.44232085,0
1506188396,22121479,283.81,1.47800604,0
1506188396,22121477,283.69,0.29465258,0
1506188396,22121475,283.66,0.03000000,0
1506188396,22121474,283.51,0.03000000,0
1506188396,22121473,283.50,0.18120662,0
1506188396,22121472,283.49,2.80535326,0
1506188306,22121442,283.12,1.81348300,0
1506188273,22121435,283.02,2.19464674,1
1506188272,22121434,283.11,2.80535326,1
1506188103,22121332,282.95,0.04000000,1
1506188068,22121326,282.77,1.00000000,1
1506188062,22121324,283.46,1.05452362,0
1506188062,22121323,283.41,0.69671619,0
1506188062,22121322,283.11,1.36432000,0
1506188050,22121315,282.79,2.70949638,0
1506188050,22121314,282.95,0.05000000,1
1506188050,22121313,283.00,0.04966362,1
1506188049,22121312,283.00,0.25033638,1
1506188049,22121311,283.00,0.18120662,1
1506188048,22121310,283.10,0.05000000,1
1506188048,22121308,283.42,2.10560085,1
1506188047,22121307,283.42,0.23000000,0
1506188047,22121306,283.42,0.55000000,0
1506188047,22121305,283.11,0.63567500,0
1506188030,22121297,283.11,0.54836722,0
1506188018,22121291,283.41,0.06833400,0
1506188018,22121290,283.41,2.98000000,0
1506188010,22121289,283.18,1.05452362,1
1506188010,22121288,283.19,0.23000000,1
1506187997,22121286,283.29,0.34928600,1
1506187997,22121283,283.29,0.60129684,1
1506187997,22121282,283.29,1.00623704,1
1506187989,22121274,283.29,1.79608000,1
1506187989,22121273,283.72,0.26462709,0
1506187989,22121271,283.69,0.03000000,0
1506187988,22121270,283.68,0.01790000,0
1506187988,22121269,283.66,0.03000000,0
1506187988,22121266,283.64,0.03000000,0
1506187987,22121264,283.61,0.03000000,0
1506187987,22121263,283.61,0.03000000,0
1506187987,22121261,283.56,0.72604396,0
1506187987,22121260,283.56,0.63540655,1
1506187985,22121256,283.46,0.24641456,0
1506187965,22121242,283.21,0.75295200,1
1506187964,22121241,283.20,2.34221600,0
1506187964,22121240,283.20,0.63604400,0
1506187963,22121237,283.20,2.97826000,0
1506187959,22121229,283.46,1.24081891,1
1506187958,22121227,283.46,0.05950413,1
1506187958,22121225,283.46,0.18678449,1
1506187956,22121218,283.46,0.24620465,1
1506187956,22121217,283.46,2.49256130,1
1506187955,22121212,283.46,0.24607871,1
1506187953,22121203,283.55,0.03000000,0
1506187953,22121202,283.51,0.03000000,0
1506187953,22121201,283.51,0.03000000,0
1506187947,22121199,283.46,0.95141340,0
1506187947,22121198,283.45,2.72000000,0
1506187946,22121197,283.45,8.00093400,0
1506187946,22121196,283.44,1.51439460,0
1506187944,22121195,283.42,2.78160000,0
1506187938,22121190,283.15,1.86708000,1
1506187930,22121187,283.43,1.70000000,0
1506187920,22121180,283.17,2.61452000,1
1506187918,22121176,283.48,0.41189200,0
1506187918,22121175,283.46,0.03000000,0
1506187917,22121173,283.14,0.74943600,1
1506187913,22121171,283.44,0.42144021,0
1506187913,22121170,283.44,0.07855979,0
1506187901,22121157,283.44,0.24601700,1
1506187897,22121155,283.44,1.52657300,0
1506187897,22121154,283.42,0.03000000,0
1506187897,22121153,283.40,0.03000000,0
1506187897,22121152,283.34,0.03000000,0
1506187896,22121151,283.30,1.73000000,0
1506187896,22121150,283.26,0.03000000,0
1506187886,22121141,283.25,1.76000200,0
1506187886,22121140,283.25,0.03000000,0
1506187885,22121139,283.24,1.52789400,0
1506187885,22121138,283.24,0.03000000,0
1506187885,22121137,283.21,0.03000000,0
1506187885,22121136,283.16,0.03000000,0
1506187885,22121135,283.14,0.03000000,0
1506187885,22121134,283.12,3.66727700,1
1506187884,22121133,283.12,8.23001159,0
1506187883,22121132,283.12,1.76998841,0
1506187882,22121131,283.10,0.03000000,0
1506187882,22121130,283.07,0.03000000,0
1506187882,22121129,283.07,0.03000000,0
1506187882,22121128,283.04,0.03000000,0
1506187882,22121127,283.01,0.03000000,0
1506187882,22121126,283.00,0.19073100,0
1506187869,22121117,283.00,0.40926900,0
1506187869,22121116,283.00,0.03000000,0
1506187869,22121115,283.00,1.00000000,0
1506187862,22121106,283.00,0.07800000,0
1506187862,22121105,283.00,0.50000000,0
1506187862,22121104,283.00,0.70000000,0
1506187862,22121103,283.00,0.60000000,0
1506187859,22121102,282.95,9.01150000,0
1506187858,22121100,283.00,0.07400000,0
1506187858,22121099,283.00,0.03883080,0
1506187858,22121098,282.96,0.03000000,0
1506187858,22121097,282.96,0.01790000,0
1506187858,22121096,282.91,0.03000000,0
1506187849,22121090,282.86,0.03000000,0
1506187849,22121089,282.85,0.03000000,0
1506187849,22121087,282.80,0.03000000,0
1506187849,22121086,282.79,0.03000000,0
1506187849,22121085,282.77,0.03000000,0
1506187837,22121074,282.74,0.03000000,0
1506187837,22121073,282.71,0.03000000,0
1506187837,22121072,282.71,0.03000000,0
1506187814,22121048,282.63,0.17829983,0
1506187813,22121047,282.63,1.98125800,0
1506187808,22121042,282.63,0.08830000,0
1506187807,22121040,282.69,0.03000000,0
1506187807,22121039,282.65,0.03000000,0
1506187807,22121038,282.65,0.03000000,0
1506187803,22121033,282.59,0.03000000,0
1506187801,22121028,282.57,0.03000000,0
1506187801,22121027,282.56,0.03000000,0
1506187794,22121025,282.56,0.03000000,0
1506187794,22121024,282.56,0.03000000,0
1506187794,22121023,282.52,0.03000000,0
1506187793,22121022,282.51,0.03000000,0
1506187793,22121021,282.50,0.00000036,0
1506187783,22121008,282.36,12.67877700,1
1506187763,22120975,282.50,0.02999964,0
1506187763,22120974,282.50,0.39363015,0
1506187763,22120972,282.49,0.55617836,0
1506187762,22120971,282.47,0.11223985,0
1506187751,22120952,282.18,2.24785783,1
1506187715,22120932,282.30,0.17402684,0
1506187715,22120931,282.30,1.81756949,0
1506187714,22120930,282.30,0.14219680,0
1506187714,22120929,282.30,1.38275585,0
1506187714,22120928,282.30,0.37120617,0
1506187713,22120927,282.48,0.79073809,0
1506187713,22120926,282.47,0.50098576,0
1506187713,22120925,282.44,0.03000000,0
1506187713,22120924,282.36,0.03000000,0
1506187713,22120923,282.35,0.10000000,0
1506187713,22120922,282.31,0.91391653,0
1506187712,22120921,282.27,1.09818382,0
1506187712,22120920,282.27,1.72207056,0
1506187712,22120918,282.31,1.89041411,0
1506187711,22120917,282.31,0.03000000,0
1506187711,22120916,282.20,0.00000046,0
1506187711,22120915,282.13,1.59961000,0
1506187670,22120891,282.12,1.92449961,0
1506187644,22120887,282.12,0.29578484,0
1506187630,22120884,281.55,3.32201389,0
1506187629,22120883,281.55,0.05000000,1
1506187613,22120881,282.11,2.24460000,0
1506187582,22120860,282.12,3.93470000,0
1506187576,22120859,282.12,0.16461221,0
1506187510,22120804,282.13,3.37201389,0
1506187509,22120802,282.13,1.59664037,0
1506187509,22120801,282.13,1.24905138,0
1506187498,22120780,282.15,0.05000000,1
1506187498,22120779,282.15,21.21088389,1
1506187468,22120769,282.15,2.92106700,1
1506187455,22120764,282.15,0.52385642,1
1506187455,22120763,282.16,0.43316782,1
1506187455,22120762,282.17,0.50098576,1
1506187290,22120726,282.17,0.55617836,1
1506187290,22120725,282.18,1.67570000,1
1506187290,22120724,282.18,2.80433064,1
1506187257,22120711,282.20,1.05703700,0
1506187251,22120706,282.16,0.07534000,1
1506187217,22120699,282.16,0.05000000,1
1506187142,22120688,282.15,3.55171516,1
1506187142,22120687,282.11,0.03000000,0
1506187142,22120686,282.09,2.80956418,0
1506187142,22120685,281.96,0.03000000,0
1506187088,22120673,281.57,2.31251837,1
1506187086,22120672,281.92,1.05703746,1
1506187027,22120652,281.98,0.53110400,1
1506187024,22120651,281.96,0.67993400,1
1506187024,22120650,281.96,0.67993400,1
1506187021,22120649,281.96,0.40843900,1
1506187020,22120643,282.32,2.34125948,0
1506187019,22120642,281.97,0.37992800,1
1506187019,22120641,282.00,0.30000000,1
1506187000,22120629,282.25,6.00000000,0
1506186974,22120620,282.03,1.34898718,1
1506186974,22120619,282.03,0.05000000,1
1506186922,22120593,282.06,11.89297464,1
1506186610,22120470,282.05,1.94880700,1
1506186606,22120469,282.03,1.46057700,1
1506186596,22120461,282.02,3.30994565,1
1506186595,22120457,282.02,6.02500947,1
1506186581,22120455,282.50,9.60636985,0
1506186581,22120454,282.41,0.20000000,0
1506186581,22120453,282.32,0.03000000,0
1506186581,22120452,282.29,0.03000000,0
1506186581,22120451,282.29,0.03000000,0
1506186581,22120450,282.26,6.36526752,0
1506186581,22120449,282.25,0.10173122,0
1506186580,22120448,282.25,2.80303810,0
1506186580,22120447,282.20,0.60000000,0
1506186580,22120446,282.19,0.23000000,0
1506186560,22120434,281.97,1.04358467,1
1506186560,22120433,281.99,0.00001426,1
1506186559,22120432,281.99,2.80302384,1
1506186495,22120420,281.92,0.10173122,1
1506186422,22120397,282.26,3.09809313,0
1506186421,22120396,282.25,2.89891502,0
1506186421,22120395,282.25,0.23000000,0
1506186327,22120346,282.09,0.05000000,1
1506186322,22120342,282.24,0.05000000,1
1506186301,22120325,282.26,5.53663935,0
1506186301,22120324,282.22,0.23000000,0
1506186297,22120323,282.25,4.80108498,0
1506186297,22120322,282.23,0.01800000,0
1506186281,22120311,282.22,0.90475970,0
1506186281,22120310,282.17,0.03000000,0
1506186281,22120309,282.16,0.03000000,0
1506186281,22120308,282.12,0.03000000,0
1506186281,22120307,282.10,0.33536541,0
1506186281,22120306,282.00,0.64495700,0
1506186280,22120305,281.98,0.11000000,0
1506186280,22120304,281.97,2.68491789,0
1506186280,22120303,281.96,0.23000000,0
1506186173,22120247,281.97,0.11834992,0
1506186173,22120246,281.65,0.52107911,0
1506186068,22120190,281.41,0.05000000,1
1506186064,22120179,281.61,0.05000000,1
1506186061,22120170,281.65,0.00000254,1
1506186061,22120169,281.65,4.28939457,1
1506186059,22120164,281.65,2.13037921,1
1506186058,22120162,281.65,0.05000000,0
1506186058,22120161,281.65,7.70000000,0
1506186057,22120160,281.64,3.12495841,0
1506186001,22120113,281.78,0.99858045,0
1506185985,22120109,281.81,0.50000000,0
1506185920,22120068,281.07,2.13117640,1
1506185916,22120064,281.08,2.80320441,0
1506185916,22120063,281.08,0.00003151,1
1506185914,22120059,281.08,2.80323592,1
1506185912,22120056,281.98,2.57769182,0
1506185885,22120038,281.01,3.13081385,1
1506185875,22120035,282.00,2.35504300,0
1506185874,22120034,282.00,0.50000000,0
1506185874,22120033,282.00,0.30000000,0
1506185874,22120032,282.00,0.60000000,0
1506185864,22120029,281.94,0.03000000,0
1506185864,22120028,281.89,0.03000000,0
1506185863,22120027,281.88,6.82023500,0
1506185858,22120026,281.88,2.17976500,0
1506185847,22120025,281.81,0.03000000,0
1506185847,22120024,281.79,0.31362010,0
1506185847,22120023,281.72,0.03000000,0
1506185847,22120021,281.64,0.03000000,0
1506185847,22120019,281.61,0.25607135,0
1506185846,22120017,281.57,0.39305368,0
1506185846,22120016,281.57,0.10415620,0
1506185846,22120015,281.54,0.03000000,0
1506185846,22120014,281.51,0.03000000,0
1506185846,22120013,281.51,0.30508792,0
1506185838,22120010,281.50,0.01800000,0
1506185838,22120009,281.49,1.14000000,0
1506185836,22120007,281.47,2.13166590,0
1506185836,22120006,281.39,0.03000000,0
1506185836,22120005,281.37,0.03000000,0
1506185836,22120003,281.26,0.03000000,0
1506185836,22120002,281.24,0.03000000,0
1506185825,22119994,281.19,0.03000000,0
1506185825,22119993,281.06,0.03000000,0
1506185825,22119992,281.04,0.03000000,0
1506185825,22119991,280.99,0.03000000,0
1506185824,22119990,280.91,0.03000000,0
1506185813,22119987,280.79,0.03000000,0
1506185813,22119986,280.71,1.53823900,0
1506185812,22119985,280.66,0.22999356,0
1506185805,22119977,280.65,1.01998928,0
1506185805,22119976,280.64,0.03000000,0
1506185805,22119975,280.62,3.51831820,0
1506185804,22119973,280.58,0.18278758,0
1506185795,22119969,280.53,0.08938448,0
1506185785,22119960,280.52,0.66115153,1
1506185785,22119959,280.52,1.14165665,1
1506185760,22119933,280.52,2.80890269,0
1506185760,22119932,280.27,0.00000031,0
1506185651,22119901,280.27,0.90067401,0
1506185651,22119900,280.27,1.24538798,0
1506185651,22119899,280.27,0.52283323,0
1506185651,22119898,280.27,1.25069978,0
1506185639,22119896,279.42,1.26721242,0
1506185638,22119894,279.57,0.18278758,1
1506185638,22119893,279.63,0.05000000,1
1506185638,22119892,279.88,0.05000000,1
1506185636,22119891,279.89,0.23000000,1
1506185609,22119880,280.00,9.35000000,0
1506185594,22119876,280.00,0.60000000,1
1506185594,22119875,280.08,0.05000000,1
1506185560,22119858,280.23,0.05000000,1
1506185560,22119856,280.25,1.15600000,1
1506185560,22119855,280.25,0.08938448,1
1506185560,22119853,280.27,0.30783300,1
1506185559,22119852,280.27,1.25069243,1
1506185558,22119848,280.27,1.25037764,1
1506185460,22119793,280.25,3.85141423,1
1506185460,22119792,280.38,1.15598577,1
1506185441,22119769,280.48,0.04975000,1
1506185358,22119727,280.63,0.00025000,1
1506185356,22119723,280.63,0.04975000,1
1506185313,22119697,280.88,1.24883571,1
1506185313,22119696,280.88,0.52181143,1
1506185312,22119695,280.88,1.24879881,1
1506185310,22119692,280.87,1.00336350,0
1506185309,22119691,280.87,0.01661909,0
1506185309,22119690,280.86,5.30380800,0
1506185194,22119658,280.65,0.16846959,1
1506185194,22119657,280.65,0.85151300,1
1506185194,22119656,280.66,0.23000000,1
1506185184,22119649,280.98,0.04000000,1
1506185176,22119646,280.64,1.04144600,1
1506185173,22119641,280.64,5.30380800,1
1506185172,22119635,280.98,0.04000000,1
1506185157,22119617,280.98,1.15109500,0
1506185156,22119616,280.90,1.91716600,0
1506185151,22119613,281.07,0.03000000,0
1506185150,22119612,281.00,0.60000000,0
1506185150,22119611,280.99,6.64114901,0
1506185108,22119598,280.98,1.53793800,0
1506185108,22119597,280.97,2.48561753,0
1506185108,22119596,280.82,0.03000000,0
1506185100,22119592,280.62,0.03000000,0
1506185100,22119591,280.47,0.03000000,0
1506185008,22119555,280.77,7.17270397,1
1506185008,22119553,280.77,0.01810000,0
1506185008,22119552,280.76,2.80919603,0
1506184994,22119524,280.67,1.90943100,0
1506184986,22119501,280.08,9.04470000,0
1506184986,22119499,280.08,3.24296091,0
1506184986,22119498,280.07,0.28490000,0
1506184945,22119460,279.57,4.10798183,1
1506184769,22119375,280.08,0.04455900,0
1506184755,22119365,279.58,1.41299924,0
1506184755,22119364,279.58,0.41435442,0
1506184752,22119358,279.56,0.27000000,1
1506184751,22119356,279.58,0.23000000,0
1506184751,22119355,279.58,0.04074558,0
1506184750,22119353,280.05,0.00490000,1
1506184750,22119352,279.58,0.28000000,0
1506184749,22119351,279.58,6.17818214,0
1506184748,22119349,279.59,0.44180000,1
1506184748,22119348,279.88,0.05000000,1
1506184748,22119347,279.90,0.20001786,1
1506184748,22119346,280.03,0.05000000,1
1506184748,22119345,280.04,0.23000000,1
1506184456,22119252,280.05,0.41346600,0
1506184448,22119249,280.68,1.00797400,0
1506184448,22119248,280.53,0.03000000,0
1506184447,22119247,280.53,0.03000000,0
1506184447,22119246,280.38,0.03000000,0
1506184447,22119245,280.38,0.03000000,0
1506184434,22119241,280.05,0.01810000,0
1506184434,22119240,280.00,1.01500494,0
1506184433,22119239,280.00,8.60290000,0
1506184432,22119235,280.00,15.38209506,0
1506184432,22119233,280.00,0.48211145,0
1506184432,22119232,279.99,0.44123549,0
1506184379,22119219,279.99,0.23000000,0
1506184301,22119196,280.00,0.11788855,0
1506184301,22119195,279.99,0.08274000,0
1506184301,22119194,279.97,0.04185666,0
1506184296,22119185,279.97,0.18814334,0
1506184198,22119117,279.98,0.06739767,0
1506184185,22119115,279.40,0.44123500,1
1506184120,22119093,279.99,7.00000000,0
1506184120,22119092,279.94,0.80000000,0
1506184120,22119091,279.92,2.56979000,0
1506184119,22119089,279.85,0.23000000,0
1506183900,22118940,279.34,0.23000000,0
1506183894,22118936,279.35,3.75187000,0
1506183894,22118935,279.35,0.45639900,0
1506183894,22118934,279.35,1.32892100,0
1506183894,22118933,279.35,11.37521900,0
1506183883,22118927,279.28,0.08967742,0
1506183882,22118926,279.27,1.54470200,0
1506183882,22118925,279.05,0.21014300,0
1506183882,22118924,279.04,0.23000000,0
1506183770,22118883,279.05,0.44265700,0
1506183770,22118882,278.84,0.23000000,0
1506183725,22118860,279.00,0.60000000,0
1506183725,22118859,278.86,0.23000000,0
1506183725,22118858,278.85,0.27400000,0
1506183657,22118812,278.54,0.05000000,1
1506183456,22118719,278.71,0.84694473,0
1506183451,22118716,278.03,2.29000000,0
1506183451,22118715,277.94,0.02110878,0
1506183402,22118697,277.91,1.13926965,0
1506183358,22118676,277.94,0.20889122,0
1506183351,22118674,277.96,0.29573160,0
1506183351,22118672,277.96,0.47533099,0
1506183349,22118671,277.86,0.00456623,0
1506183348,22118670,277.86,0.21479496,0
1506183346,22118668,277.86,0.79308746,0
1506183345,22118667,277.86,0.23585078,0
1506183345,22118666,277.86,0.30167357,0
1506183342,22118662,277.78,0.34135556,1
1506183340,22118660,277.76,0.18861608,0
1506183340,22118659,277.76,0.14723216,0
1506183339,22118658,277.76,0.18861608,0
1506183338,22118657,277.75,0.04138392,0
1506183338,22118655,277.75,0.18861608,0
1506183332,22118649,277.77,0.18864932,0
1506183330,22118648,277.76,0.00938231,0
1506183328,22118647,277.76,0.22061769,0
1506183326,22118643,277.77,0.04859942,0
1506183325,22118642,277.77,0.23000000,0
1506183319,22118632,277.20,0.36268900,1
1506183318,22118628,277.76,0.19123511,0
1506183312,22118622,277.76,0.22773826,1
1506183310,22118615,277.77,0.16702015,0
1506183306,22118612,277.78,0.17847189,0
1506183305,22118611,277.78,0.47449221,0
1506183303,22118608,277.78,0.16755999,0
1506183299,22118601,277.79,0.17197618,1
1506183297,22118594,277.80,0.23000000,0
1506183295,22118590,277.80,0.23000000,0
1506183294,22118589,277.79,0.23000000,0
1506183288,22118585,277.80,0.26696339,0
1506183285,22118582,277.80,0.44200765,0
1506183284,22118580,277.80,0.20921410,0
1506183284,22118578,277.80,0.29868866,1
1506183283,22118577,277.80,0.47579137,0
1506183283,22118576,277.80,0.42761025,0
1506183282,22118573,277.79,0.02736365,0
1506183281,22118571,277.79,0.20684205,1
1506183280,22118568,277.79,0.23422827,1
1506183279,22118564,277.79,0.19154758,0
1506183278,22118560,277.80,0.19164032,0
1506183276,22118558,277.79,0.03531269,0
1506183275,22118557,277.79,0.19468731,0
1506183272,22118551,277.80,0.51407398,0
1506183271,22118550,277.80,0.10358309,0
1506183271,22118548,277.79,0.12505686,0
1506183269,22118540,277.80,0.18771589,0
1506183268,22118532,277.80,0.44143000,0
1506183268,22118531,277.80,0.44143000,0
1506183267,22118530,277.80,0.70955789,0
1506183267,22118528,277.80,0.44143000,0
1506183267,22118526,277.80,0.12505686,0
1506183267,22118521,277.80,0.18406136,0
1506183266,22118512,277.80,0.40668578,0
1506183266,22118509,277.80,0.70827034,0
1506183265,22118508,277.79,0.07751294,0
1506183265,22118506,277.79,0.36391706,0
1506183264,22118505,277.80,0.02789703,0
1506183264,22118504,277.79,0.44134059,0
1506183264,22118503,277.78,0.23000000,0
1506183263,22118502,277.80,0.16651207,0
1506183263,22118501,277.80,0.44143215,0
1506183263,22118500,277.80,0.25647630,0
1506183262,22118497,277.80,0.23366994,0
1506183262,22118494,277.79,0.03075155,0
1506183261,22118493,277.79,0.83181864,0
1506183261,22118491,277.79,0.37736751,0
1506183260,22118488,277.79,0.17356227,0
1506183260,22118486,277.79,0.23000000,0
1506183257,22118468,277.79,0.83419921,0
1506183256,22118465,277.79,0.05560082,0
1506183256,22118464,277.79,0.23000000,0
1506183255,22118460,277.78,0.66531777,0
1506183254,22118457,277.80,0.73537739,0
1506183250,22118453,277.80,0.55731500,0
1506183250,22118452,277.80,0.61983120,0
1506183249,22118451,277.81,0.67741392,0
1506183215,22118437,277.97,0.61883416,0
1506183215,22118436,277.97,0.41692728,1
1506183215,22118435,277.97,0.77370188,1
1506183214,22118434,277.97,0.05950050,1
1506183213,22118432,277.83,0.28720000,0
1506183212,22118431,277.82,0.84101368,0
1506183101,22118350,277.09,0.42668883,1
1506183054,22118322,277.59,2.53330000,1
1506183054,22118320,277.60,0.28720000,1
1506183052,22118317,277.61,2.82050000,1
1506183052,22118316,277.87,0.27400000,1
1506182969,22118253,278.55,0.90212676,0
1506182969,22118252,278.54,0.95271931,0
1506182968,22118251,278.54,1.59760869,0
1506182941,22118231,278.34,2.15563699,0
1506182933,22118228,278.25,2.95098500,0
1506182885,22118209,278.32,1.54760519,0
1506182854,22118200,278.12,11.50234457,0
1506182842,22118193,278.15,1.26633464,0
1506182841,22118192,278.15,1.36560823,0
1506182797,22118163,278.01,0.04340000,1
1506182797,22118162,278.07,0.95660000,1
1506182741,22118150,278.06,0.19367623,1
1506182719,22118135,278.02,0.77679053,1
1506182718,22118134,278.02,0.31526646,1
1506182718,22118133,278.05,0.19363000,1
1506182715,22118128,278.05,0.03637000,1
1506182622,22118077,278.02,6.92000000,1
1506182622,22118076,278.13,0.23000000,1
1506182575,22118052,278.02,0.11669031,1
1506182575,22118051,278.12,0.23000000,1
1506182256,22117905,278.63,0.09911720,0
1506182243,22117903,278.65,0.02945115,0
1506182072,22117868,278.03,4.55847203,0
1506182000,22117854,278.03,13.21351600,0
1506181957,22117843,278.03,0.09520000,0
1506181951,22117835,278.03,10.29036000,0
1506181948,22117829,278.03,21.74584900,0
1506181945,22117826,278.03,21.74297200,0
1506181942,22117820,278.03,25.71230600,0
1506181942,22117819,278.02,2.53000000,0
1506181930,22117808,278.03,4.24888700,0
1506181928,22117803,278.03,2.27303800,0
1506181928,22117801,278.02,11.14000000,0
1506181925,22117795,278.03,9.36351100,0
1506181924,22117791,278.03,0.78738800,0
1506181924,22117790,278.02,3.70000000,0
1506181923,22117786,278.03,4.56870984,0
1506181922,22117784,278.03,11.23263316,0
1506181922,22117783,278.02,3.70000000,0
1506181922,22117781,278.01,3.06859082,0
1506181922,22117780,278.01,3.09999500,0
1506181921,22117779,278.00,0.60000000,0
1506181919,22117774,277.95,0.28770000,0
1506181862,22117740,277.96,2.91801000,0
1506181862,22117739,277.93,0.27400000,0
1506181859,22117738,277.93,0.63802300,0
1506181822,22117721,277.56,0.24092927,0
1506181819,22117718,276.57,6.11689473,1
1506181819,22117717,276.57,0.23000000,0
1506181818,22117716,276.58,9.07000000,1
1506181818,22117715,276.69,0.20100000,1
1506181818,22117714,276.69,0.19482210,0
1506181818,22117713,276.75,0.05000000,1
1506181817,22117712,276.87,6.19389400,0
1506181817,22117711,276.87,0.24003612,0
1506181817,22117710,277.00,0.60000000,1
1506181817,22117709,277.15,0.05000000,1
1506181816,22117708,277.26,6.19389400,0
1506181816,22117707,277.27,0.01821329,1
1506181816,22117706,277.32,0.28770000,1
1506181814,22117705,277.50,0.00984576,1
1506181811,22117704,277.50,0.04015424,1
1506181811,22117703,277.51,0.23000000,1
1506181800,22117688,277.55,0.98926319,1
1506181800,22117687,277.56,5.00081707,1
1506181800,22117686,278.00,0.60000000,1
1506181796,22117685,278.03,0.23000000,1
1506181625,22117623,277.59,0.22364522,1
1506181613,22117589,277.55,4.20680000,1
1506181607,22117586,278.40,0.75552974,0
1506181606,22117585,277.52,2.19595682,1
1506181606,22117584,277.80,0.05000000,1
1506181603,22117583,278.51,2.14864115,1
1506181602,22117580,278.05,0.05000000,1
1506181602,22117579,278.25,0.05000000,1
1506181602,22117578,278.40,0.05000000,1
1506181601,22117577,278.50,0.27400000,1
1506181590,22117571,279.00,5.18854588,0
1506181588,22117566,279.05,5.22446229,1
1506181587,22117565,279.05,7.15000000,1
1506181586,22117563,279.05,7.15000000,1
1506181585,22117560,279.05,0.93587029,1
1506181585,22117559,279.07,6.21412971,1
1506181584,22117558,279.06,2.82651856,1
1506181583,22117554,279.05,2.79000000,0
1506181582,22117553,279.00,0.60000000,0
1506181582,22117551,278.99,0.28076276,0
1506181578,22117544,278.50,0.42578900,1
1506181577,22117542,278.50,2.25805000,1
1506181574,22117538,278.50,5.78744088,1
1506181574,22117537,278.50,1.95430125,0
1506181569,22117534,278.41,3.31000000,0
1506181430,22117490,278.50,1.04569875,0
1506181429,22117489,278.49,3.94000000,0
1506181429,22117488,278.38,5.94545026,0
1506181429,22117487,278.35,2.71000000,0
1506181343,22117468,278.23,0.16834000,0
1506181324,22117464,278.28,3.04386800,0
1506181279,22117450,278.34,0.42668883,0
1506181259,22117448,278.15,13.64630496,1
1506181259,22117447,278.29,0.05000000,1
1506181207,22117428,278.39,1.97809385,0
1506181195,22117421,278.38,1.48406264,0
1506181189,22117420,278.04,1.54806500,0
1506181169,22117412,277.87,2.15928312,0
1506181162,22117409,277.87,2.21927436,0
1506181065,22117389,277.89,0.08024800,0
1506181065,22117388,277.89,0.21203000,0
1506181046,22117384,277.50,1.00000000,1
1506181046,22117383,277.56,0.05000000,1
1506181039,22117381,277.71,0.05000000,1
1506181039,22117380,277.83,0.02560003,1
1506180916,22117289,277.83,1.00205400,1
1506180912,22117286,277.72,0.12780000,1
1506180860,22117264,277.81,0.25017098,1
1506180859,22117263,277.82,3.36955583,1
1506180859,22117262,277.88,0.23000000,1
1506180679,22117180,277.82,0.62093300,1
1506180665,22117147,278.18,0.06297000,0
1506180502,22117073,277.81,0.05000000,1
1506180431,22117047,277.83,0.08240400,0
1506180430,22117043,277.83,0.34000000,1
1506180430,22117041,277.83,6.72929700,1
1506180430,22117039,277.83,0.08240300,1
1506180424,22117033,277.82,0.33830000,0
1506180404,22117006,278.80,0.06200000,1
1506180389,22116994,277.76,0.49000000,1
1506180389,22116993,278.00,0.60000000,1
1506180386,22116987,278.44,7.15000000,1
1506180384,22116979,278.45,3.00000000,1
1506180379,22116969,278.65,0.49000000,1
1506180377,22116963,278.71,0.23225252,1
1506180377,22116962,278.71,2.98123300,1
1506180376,22116960,278.71,3.66000300,1
1506180376,22116959,278.72,0.23000000,1
1506180349,22116918,278.71,0.50876400,1
1506180349,22116917,278.77,0.05000000,1
1506180348,22116915,279.00,0.08967742,1
1506180347,22116914,279.00,0.14032258,1
1506180345,22116909,279.00,0.14771028,1
1506180344,22116907,279.01,0.23000000,1
1506180338,22116900,279.10,0.23000000,1
1506180284,22116809,279.09,0.19434591,1
1506180283,22116807,279.09,0.33614536,1
1506180283,22116806,279.17,0.23000000,1
1506180281,22116802,279.00,0.27811250,1
1506180280,22116801,279.07,0.05000000,1
1506180280,22116799,279.12,0.27500000,1
1506180280,22116798,279.15,2.52055300,1
1506180279,22116796,279.15,11.46384700,1
1506180278,22116795,279.16,0.23000000,1
1506180256,22116769,279.20,2.74999500,0
1506180226,22116732,279.09,0.05000000,1
1506180226,22116730,279.32,0.05000000,1
1506180226,22116729,279.36,0.10000000,1
1506180226,22116728,279.37,0.23000000,1
1506180209,22116705,279.36,1.65138026,1
1506180209,22116704,279.52,0.05000000,1
1506180209,22116703,279.67,0.05000000,1
1506180180,22116681,279.69,0.23000000,1
1506180177,22116677,279.38,0.08879800,1
1506180177,22116676,279.68,0.05269600,1
1506180138,22116652,279.68,0.17730400,1
1506179931,22116571,280.18,3.35366550,0
1506179826,22116544,279.36,0.28517274,1
1506179826,22116543,279.36,0.95013838,1
1506179826,22116542,279.37,0.23000000,1
1506179804,22116531,279.36,0.83865096,1
1506179804,22116530,279.54,0.00007200,1
1506179804,22116529,279.55,0.23000000,1
1506179773,22116523,279.54,0.39992800,1
1506179741,22116490,280.01,0.01009900,1
1506179741,22116488,280.01,0.03000000,0
1506179740,22116487,279.76,0.03000000,0
1506179740,22116486,279.65,1.54142100,0
1506179740,22116484,279.56,0.03000000,0
1506179740,22116483,279.41,0.03000000,0
1506179623,22116443,279.02,3.36782226,1
1506179621,22116441,279.00,0.03385464,1
1506179621,22116440,279.12,0.04010000,1
1506179621,22116439,279.33,0.23000000,1
1506179581,22116401,280.41,0.99355205,0
1506179581,22116400,280.36,0.04000027,0
1506179496,22116358,280.58,1.04875615,0
1506179466,22116350,280.63,0.66728338,0
1506179466,22116349,280.62,0.03000000,0
1506179466,22116348,280.51,0.08921243,0
1506179466,22116347,280.20,0.05278820,0
1506179460,22116345,279.29,0.22459873,1
1506179460,22116344,279.58,0.05000000,1
1506179459,22116343,279.83,0.05000000,1
1506179459,22116342,280.03,0.05000000,1
1506179457,22116341,280.18,0.05000000,1
1506179420,22116333,280.20,13.94721180,1
1506179298,22116282,280.20,1.54041300,1
1506179297,22116281,280.00,4.51237520,0
1506179144,22116240,280.00,0.05000000,0
1506179144,22116238,280.00,0.05000000,0
1506178990,22116182,280.23,0.08921243,1
1506178990,22116181,280.23,5.29841237,1
1506178983,22116175,280.23,0.95597099,1
1506178980,22116174,280.23,3.24336441,1
1506178939,22116127,280.23,0.28471600,1
1506178903,22116102,280.23,0.21753623,1
1506178903,22116100,280.28,0.05000000,1
1506178903,22116099,280.28,0.05002435,1
1506178902,22116098,280.28,0.05730698,1
1506178902,22116097,280.53,0.05000000,1
1506178902,22116095,280.73,0.05000000,1
1506178880,22116074,280.88,0.05000000,1
1506178786,22116025,280.90,0.10000000,0
1506178778,22115998,280.94,0.22591300,0
1506178778,22115997,280.94,0.74056287,0
1506178778,22115996,280.93,0.03000000,0
1506178777,22115995,280.88,0.24096713,0
1506178717,22115969,280.88,0.10000000,0
1506178706,22115964,280.88,0.63000000,0
1506178706,22115961,280.84,0.03000000,0
1506178706,22115960,280.78,0.03000000,0
1506178705,22115959,280.64,0.02000000,0
1506178689,22115956,280.55,1.53705300,0
1506178688,22115955,280.54,1.68560000,0
1506178688,22115954,280.54,2.01000000,0
1506178687,22115953,280.54,0.10000000,0
1506178672,22115943,280.54,5.04471789,1
1506178672,22115942,280.54,2.10528211,1
1506178613,22115929,280.54,0.28914837,0
1506178612,22115928,280.54,4.68982363,0
1506178593,22115924,280.53,0.10000000,0
1506178531,22115906,280.61,0.60762121,0
1506178486,22115898,280.64,0.01000000,0
1506178486,22115897,280.52,0.03000000,0
1506178486,22115896,280.49,0.03000000,0
1506178484,22115894,280.37,0.03000000,0
1506178414,22115880,280.00,0.60000000,0
1506178406,22115878,279.98,0.04000000,0
1506178405,22115877,279.98,0.10000000,0
1506178375,22115868,279.98,0.05000000,0
1506178373,22115867,279.93,0.05000000,0
1506178355,22115861,279.93,0.05000000,0
1506178155,22115778,279.98,0.01000000,0
1506178154,22115777,279.94,0.03000000,0
1506178154,22115776,279.64,0.03000000,0
1506178152,22115775,279.59,0.03000000,0
1506178117,22115757,279.34,0.03000000,0
1506178085,22115735,279.29,0.03000000,0
1506177967,22115685,279.26,0.03000000,0
1506177865,22115664,279.15,1.62505584,0
1506177865,22115663,279.12,0.06258996,0
1506177865,22115662,279.11,0.23000000,0
1506177834,22115655,279.15,1.97494416,0
1506177833,22115654,279.11,0.03000000,0
1506177833,22115653,279.00,0.01844000,0
1506177822,22115650,279.11,0.03000000,0
1506177822,22115649,279.09,0.03000000,0
1506177822,22115648,279.08,3.10635200,0
1506177822,22115647,279.04,0.03000000,0
1506177822,22115646,279.01,0.23000000,0
1506177810,22115641,279.00,0.60000000,0
1506177810,22115640,278.89,0.03000000,0
1506177810,22115639,278.84,0.03000000,0
1506177810,22115638,278.81,0.03000000,0
1506177809,22115637,278.80,0.23000000,0
1506177799,22115632,278.74,0.03000000,0
1506177799,22115631,278.66,0.07147554,0
1506177799,22115630,278.65,0.23000000,0
1506177758,22115611,278.66,0.01822200,0
1506177715,22115592,278.57,9.13359973,0
1506177715,22115590,278.56,0.03000000,0
1506177715,22115589,278.50,0.57540127,0
1506177654,22115569,278.50,0.42459873,0
1506177639,22115566,278.49,0.01824000,0
1506177530,22115508,278.46,0.01824000,0
1506177454,22115491,278.34,4.00000000,0
