date,tid,price,amount,type
1506211258,22134799,1.19248,462.01574,0
1506211112,22134641,1.19248,178.20843,0
1506211104,22134629,1.19248,326.72000,0
1506211094,22134616,1.19249,299.06000,0
1506211090,22134614,1.19248,603.47325,0
1506211072,22134591,1.19248,187.65000,0
1506211071,22134589,1.19248,28.31525,0
1506211050,22134572,1.19248,689.49000,0
1506210980,22134524,1.19249,992.42760,0
1506210980,22134521,1.19248,744.55870,0
1506210668,22134379,1.19249,1759.16890,0
1506210667,22134376,1.19248,0.00110,0
1506210667,22134371,1.19248,798.13000,0
1506210627,22134365,1.19248,54.97000,0
1506210612,22134353,1.19248,54.97000,1
1506210610,22134347,1.19248,674.28000,0
1506210562,22134323,1.19249,2854.88520,0
1506210561,22134322,1.19248,0.00480,0
1506210561,22134321,1.19248,964.23000,0
1506210543,22134311,1.19249,126.12745,0
1506210543,22134310,1.19248,0.00255,0
1506210533,22134306,1.19248,1065.45000,1
1506210457,22134248,1.19248,67.66456,0
1506210451,22134235,1.19248,67.48000,0
1506210427,22134217,1.19248,85.94008,0
1506210417,22134206,1.19248,642.75164,0
1506210408,22134196,1.19249,809.58775,0
1506210408,22134195,1.19248,0.00225,0
1506210407,22134194,1.19248,1255.95000,0
1506210397,22134188,1.19248,45.22000,0
1506210384,22134169,1.19248,33.45000,0
1506210376,22134164,1.19248,458.18124,0
1506210376,22134162,1.19248,260.44178,0
1506210376,22134160,1.19241,6.19000,0
1506210375,22134159,1.19240,6.76075,0
1506210375,22134158,1.19220,6.76075,0
1506210375,22134155,1.19200,134.20519,0
1506210364,22134139,1.19200,865.79481,0
1506210364,22134138,1.19200,6.32519,0
1506210354,22134128,1.19200,0.43671,0
1506210354,22134127,1.19180,6.76304,0
1506210354,22134126,1.19170,6.76361,0
1506210354,22134125,1.19160,6.76418,0
1506210354,22134124,1.19150,6.76476,0
1506210354,22134123,1.19140,6.76533,0
1506210354,22134122,1.19130,6.76590,0
1506210354,22134121,1.19120,6.76647,0
1506210280,22134072,1.19104,0.00347,0
1506210279,22134066,1.19104,3435.30000,0
1506210276,22134059,1.19104,564.69653,0
1506210276,22134057,1.19100,0.04986,0
1506210273,22134051,1.19100,6.71776,0
1506210273,22134050,1.19080,6.76876,0
1506210273,22134048,1.19073,1.86880,0
1506210228,22133988,1.19073,1691.99995,0
1506210226,22133985,1.19073,235.33461,0
1506210225,22133982,1.19073,2070.79664,0
1506210224,22133979,1.19060,6.76991,0
1506210224,22133978,1.19040,6.77105,0
1506210224,22133977,1.19020,6.77220,0
1506210214,22133960,1.19000,150.00000,0
1506210214,22133957,1.19000,6.77335,0
1506210213,22133954,1.18999,0.00714,0
1506210212,22133946,1.18999,610.69000,0
1506210212,22133944,1.18999,677.81241,0
1506210209,22133938,1.18999,609.59928,0
1506210208,22133933,1.18999,30.00024,0
1506210208,22133932,1.18999,679.54822,0
1506210208,22133929,1.18999,478.17918,0
1506210208,22133927,1.18999,968.50554,0
1506210207,22133925,1.18999,261.25669,0
1506210207,22133924,1.18999,141.70825,0
1506210207,22133923,1.18999,126.83128,0
1506210207,22133922,1.18999,254.98549,0
1506210207,22133921,1.18999,44.94985,0
1506210207,22133920,1.18999,283.21559,0
1506210207,22133919,1.18999,2760.85857,0
1506210206,22133918,1.18999,611.36208,0
1506210206,22133917,1.18999,209.84999,0
1506210206,22133916,1.18999,89.91999,0
1506210206,22133915,1.18999,48.75353,0
1506210206,22133913,1.18999,75.35664,0
1506210205,22133910,1.18999,185.21932,0
1506210205,22133909,1.18999,279.84482,0
1506210205,22133906,1.18999,271.43313,0
1506210205,22133905,1.18999,63.80071,0
1506210204,22133904,1.18999,1003.80005,0
1506210204,22133901,1.18999,286.46353,0
1506210201,22133889,1.18999,26.31751,0
1506210198,22133882,1.18999,35.88877,0
1506210197,22133880,1.18999,498.10018,0
1506210197,22133879,1.18999,97.75000,0
1506210197,22133878,1.18999,541.37743,0
1506210197,22133876,1.18999,169.74999,0
1506210196,22133875,1.18999,135.64258,0
1506210196,22133872,1.18999,50.07595,0
1506210196,22133871,1.18999,596.36484,0
1506210194,22133868,1.18999,35.88877,0
1506210190,22133861,1.18999,31.10109,0
1506210190,22133860,1.18999,1060.93860,0
1506210189,22133857,1.18999,289.39075,0
1506210189,22133856,1.18999,50.08000,0
1506210189,22133855,1.18999,48.78996,0
1506210189,22133854,1.18999,281.28166,0
1506210189,22133850,1.18999,417.27726,0
1506210188,22133847,1.18999,51.97000,0
1506210188,22133846,1.18999,202.51851,0
1506210188,22133845,1.18999,67.41999,0
1506210188,22133844,1.18999,876.99150,0
1506210188,22133843,1.18999,55.43037,0
1506210185,22133832,1.18999,214.50810,0
1506210185,22133830,1.18999,845.81417,0
1506210181,22133823,1.18999,89.67670,0
1506210181,22133822,1.18999,970.02960,0
1506210179,22133819,1.18999,660.91555,0
1506210179,22133817,1.18999,2207.13081,0
1506210179,22133815,1.18999,15.14557,0
1506210178,22133814,1.18999,52.77000,0
1506210178,22133813,1.18999,731.27431,0
1506210178,22133812,1.18999,194.95569,0
1506210178,22133811,1.18999,176.73000,0
1506210178,22133810,1.18999,225.50419,0
1506210177,22133808,1.18999,371.68581,0
1506210177,22133806,1.18999,139.53000,0
1506210177,22133805,1.18999,90.61436,0
1506210175,22133803,1.18999,72.71647,0
1506210173,22133797,1.18999,40.40917,0
1506210173,22133795,1.18999,188.59418,0
1506210172,22133794,1.18999,15.09582,0
1506210172,22133792,1.18999,188.59417,0
1506210172,22133787,1.18999,626.11210,0
1506210165,22133769,1.18999,66.42152,0
1506210163,22133759,1.18999,519.77637,0
1506210163,22133758,1.18999,419.40584,0
1506210162,22133757,1.18999,119.62451,0
1506210159,22133749,1.18999,495.60352,0
1506210158,22133743,1.18999,191.58554,0
1506210158,22133739,1.18999,301.59491,0
1506210158,22133736,1.18999,178.11894,0
1506210157,22133735,1.18997,387.22651,0
1506210157,22133734,1.18997,108.96912,0
1506210156,22133730,1.18997,4864.42865,0
1506210153,22133726,1.18997,944.88796,0
1506210151,22133722,1.18997,2155.65931,0
1506210150,22133716,1.18997,1057.67576,0
1506210147,22133712,1.18997,1057.30325,0
1506210143,22133703,1.18997,1057.00507,0
1506210143,22133700,1.18997,164.60027,0
1506210139,22133690,1.18997,568.64552,0
1506210135,22133678,1.18997,316.62795,0
1506210107,22133647,1.18997,1056.66688,0
1506210105,22133640,1.18997,251.57000,0
1506210103,22133635,1.18997,568.55344,0
1506210103,22133632,1.18997,4009.74000,0
1506210102,22133630,1.18997,218.07271,0
1506210101,22133628,1.18997,568.55344,0
1506210100,22133621,1.18997,568.19000,0
1506210097,22133604,1.18997,55.00913,0
1506210094,22133593,1.18997,1056.38159,0
1506210092,22133588,1.18997,1782.94000,0
1506210091,22133584,1.18997,1056.19488,0
1506210084,22133576,1.18997,566.75370,0
1506210083,22133571,1.18997,183.97000,0
1506210079,22133563,1.18997,66.95824,0
1506210077,22133560,1.18997,66.92000,0
1506210077,22133558,1.18997,66.95824,0
1506210073,22133552,1.18997,668.51256,0
1506210073,22133550,1.18995,1.06529,0
1506210069,22133542,1.18995,287.43608,0
1506210067,22133539,1.18995,66.95466,0
1506210062,22133521,1.18995,669.59661,0
1506210056,22133513,1.18995,633.57283,0
1506210052,22133509,1.18995,393.97000,0
1506210044,22133501,1.18995,393.78964,0
1506210041,22133497,1.18995,154.19000,0
1506210027,22133477,1.18995,284.20000,0
1506210006,22133439,1.18995,248.83092,0
1506210000,22133432,1.18995,289.28000,0
1506209998,22133430,1.18993,42.82287,0
1506209969,22133416,1.18993,340.99000,0
1506209963,22133412,1.18993,616.18713,0
1506209962,22133410,1.18992,0.00287,0
1506209962,22133407,1.18992,51.01000,0
1506209439,22132963,1.18991,41.04267,0
1506206509,22131763,1.18700,29.28886,0
1506206479,22131731,1.18467,40.74042,1
1506206479,22131730,1.18699,0.00184,1
1506206479,22131728,1.18700,29.25774,1
1506206471,22131722,1.18701,29.60782,1
1506206468,22131713,1.18700,0.09716,0
1506206467,22131711,1.18700,29.70425,1
1506206455,22131695,1.18700,0.09588,0
1506206454,22131690,1.18700,29.92853,1
1506206444,22131678,1.18700,30.15525,1
1506205353,22131162,1.18995,1751.67022,0
1506205353,22131159,1.18995,233.99700,0
1506205352,22131149,1.18995,997.94898,0
1506205352,22131147,1.18995,233.99700,0
1506205352,22131144,1.18995,233.99700,0
1506205352,22131141,1.18995,233.99700,0
1506205352,22131135,1.18994,8.06622,1
1506205350,22131123,1.18995,745.72000,0
1506205349,22131122,1.18994,1000.00000,0
1506203842,22130208,1.18699,271.53557,1
1506203403,22129928,1.18454,206.14928,1
1506202280,22129446,1.18995,845.47363,0
1506202280,22129445,1.18994,374.39931,0
1506202186,22129392,1.18514,9.60361,1
1506202176,22129388,1.18511,246.28893,1
1506201408,22129040,1.18471,18.01662,1
1506200678,22128566,1.18995,570.02751,0
1506200041,22128358,1.18558,41.74395,0
1506200035,22128344,1.18497,41.52741,1
1506200033,22128328,1.18496,82.98553,1
1506200032,22128326,1.18560,1.74865,1
1506200032,22128324,1.18560,39.77876,1
1506199798,22128176,1.18483,47.49955,1
1506199798,22128175,1.18676,42.50045,1
1506199161,22127896,1.18995,262.71066,0
1506198911,22127850,1.18995,34.89222,0
1506198855,22127825,1.18995,344.50712,0
1506198854,22127822,1.18995,44.37402,0
1506198704,22127766,1.18995,43.80161,0
1506198404,22127601,1.18997,206.50939,0
1506198404,22127599,1.18997,11.91779,0
1506198400,22127591,1.18997,11.92408,0
1506198386,22127586,1.18997,274.67456,0
1506198357,22127570,1.18998,5000.00000,0
1506198144,22127454,1.18999,214.43839,0
1506198144,22127453,1.18999,43.79066,0
1506198144,22127449,1.18999,271.41157,0
1506198142,22127447,1.18999,72.31400,0
1506198142,22127446,1.18999,16.71152,0
1506198142,22127445,1.18999,403.06216,0
1506198141,22127443,1.18999,39.38975,0
1506198141,22127442,1.18999,191.49959,0
1506198141,22127440,1.18999,43.78523,0
1506198139,22127435,1.18999,414.53477,0
1506198139,22127434,1.18999,43.78000,0
1506198137,22127428,1.18999,11.90877,0
1506198127,22127415,1.18999,94.08368,0
1506198124,22127413,1.18999,43.82321,0
1506198100,22127404,1.18999,492.30007,0
1506198099,22127403,1.18999,279.70114,0
1506198099,22127402,1.18999,1237.67998,0
1506198099,22127401,1.18999,419.55603,0
1506198099,22127400,1.18998,2570.76278,0
1506198086,22127393,1.18998,44.28288,0
1506197949,22127233,1.18998,3817.69373,0
1506197949,22127232,1.18997,1182.30627,0
1506197945,22127217,1.18997,3370.34100,0
1506197944,22127213,1.18997,267.73403,0
1506197940,22127190,1.18997,80.02413,0
1506197937,22127170,1.18997,79.91089,0
1506197935,22127163,1.18997,19.68368,1
1506197935,22127161,1.18998,457.46000,0
1506197934,22127156,1.18998,238.16000,0
1506197934,22127152,1.18998,1026.51205,0
1506197933,22127145,1.18998,976.20000,0
1506197930,22127135,1.18998,2608.48000,0
1506197864,22127105,1.18998,11.91139,0
1506197862,22127102,1.18998,11.91139,0
1506197862,22127100,1.18998,11.92961,0
1506197858,22127097,1.18998,11.91769,0
1506197853,22127094,1.18998,1516.15000,0
1506197853,22127093,1.18998,5000.00000,0
1506197852,22127092,1.18998,5000.00000,0
1506197698,22126997,1.18998,1382.12000,0
1506197438,22126894,1.18998,13.35348,0
1506197379,22126857,1.18998,67.76583,0
1506197373,22126851,1.18998,99.75797,0
1506197367,22126844,1.18998,11.88704,0
1506197225,22126754,1.18998,426.99396,0
1506197225,22126752,1.18996,4049.59781,0
1506197225,22126751,1.18995,523.40823,0
1506197224,22126748,1.18995,377.26000,0
1506197220,22126733,1.18995,19.68298,0
1506197168,22126681,1.18995,67.03064,0
1506197166,22126677,1.18995,121.61853,0
1506197085,22126555,1.18417,90.00000,1
1506197017,22126478,1.18995,154.38296,0
1506197016,22126474,1.18995,44.25642,0
1506196985,22126459,1.18995,19.39448,0
1506196511,22126093,1.18995,3672.96576,0
1506196511,22126091,1.18990,1327.03424,0
1506196508,22126089,1.18989,15.30559,1
1506196496,22126057,1.18990,21.08992,0
1506196493,22126051,1.18990,21.08992,0
1506196490,22126043,1.18989,60.00000,1
1506196489,22126042,1.18990,49.95791,0
1506196488,22126039,1.18989,119.99999,0
1506196362,22125907,1.18990,1830.31545,0
1506196358,22125896,1.18990,376.29526,0
1506196358,22125895,1.18990,278.12000,0
1506196331,22125868,1.18990,229.02764,0
1506196330,22125864,1.18989,230.00000,0
1506196171,22125631,1.18989,153.17925,0
1506196170,22125628,1.18989,296.82075,0
1506196167,22125625,1.18990,827.30443,0
1506196166,22125624,1.18989,1000.00000,0
1506196166,22125622,1.18988,598.55089,0
1506196165,22125618,1.18988,281.44911,0
1506196046,22125423,1.18581,27.31561,1
1506194702,22124722,1.18989,11.84722,0
1506194701,22124720,1.18989,91.16324,0
1506194662,22124698,1.18988,530.00000,1
1506194662,22124696,1.18990,39.76523,0
1506194662,22124694,1.18989,0.20005,0
1506194661,22124690,1.18983,40.74821,0
1506194661,22124688,1.18985,0.00681,1
1506194660,22124686,1.18989,39.80947,0
1506194658,22124669,1.18985,750.90979,1
1506194656,22124659,1.18989,289.40860,0
1506194656,22124657,1.18989,289.40860,0
1506194655,22124654,1.18989,289.40860,0
1506194655,22124652,1.18989,91.76468,0
1506194654,22124650,1.18984,197.64392,0
1506194654,22124646,1.18983,289.40860,0
1506194653,22124642,1.18983,289.40860,0
1506194653,22124641,1.18983,289.40860,0
1506193206,22124035,1.18423,194.21416,1
1506189975,22122475,1.18994,19.67600,0
1506189908,22122426,1.18995,2232.05113,0
1506189908,22122425,1.18994,300.00000,0
1506189907,22122424,1.18831,594.68384,0
1506189845,22122400,1.18831,405.31616,0
1506189845,22122399,1.18831,12.00384,0
1506189844,22122398,1.18830,440.00000,0
1506189147,22121989,1.18405,300.00000,1
1506188738,22121683,1.18832,100.96520,1
1506188736,22121680,1.18833,18.70777,1
1506188561,22121550,1.18995,476.61893,0
1506188276,22121437,1.18995,1642.59001,0
1506188118,22121343,1.18995,649.92000,0
1506188116,22121341,1.18995,649.92000,0
1506188022,22121294,1.18995,130.45000,0
1506188021,22121293,1.18995,297.90000,0
1506187997,22121284,1.18995,375.07483,0
1506187991,22121279,1.18995,70.17644,0
1506187989,22121272,1.18995,58.64000,0
1506187988,22121265,1.18995,151.21000,0
1506187986,22121257,1.18995,151.11558,0
1506187978,22121249,1.18995,130.11000,0
1506187977,22121246,1.18995,575.31000,0
1506187961,22121234,1.18995,295.22809,0
1506187959,22121230,1.18995,58.61000,0
1506187957,22121221,1.18995,294.28839,0
1506187957,22121220,1.18995,58.59000,0
1506187957,22121219,1.18995,172.84028,0
1506187956,22121216,1.18995,475.46920,0
1506187955,22121214,1.18995,58.56000,0
1506187937,22121189,1.18995,443.47000,0
1506187930,22121185,1.18995,288.65632,0
1506187921,22121181,1.18995,621.01000,0
1506187918,22121177,1.18995,177.87000,0
1506187917,22121172,1.18995,100.28000,0
1506187912,22121169,1.18995,112.26318,0
1506187903,22121166,1.18995,18.69399,0
1506187902,22121163,1.18995,381.46241,0
1506187902,22121162,1.18994,18.70777,0
1506187902,22121161,1.18874,0.00625,0
1506187513,22120806,1.18832,380.15846,1
1506187509,22120803,1.18832,379.77858,1
1506187509,22120800,1.18832,587.38698,1
1506187018,22120636,1.18832,330.25999,1
1506186597,22120465,1.18874,784.47000,0
1506186596,22120460,1.18874,1427.95776,0
1506186595,22120458,1.18850,0.00224,0
1506186560,22120435,1.18850,629.06000,0
1506186327,22120345,1.18849,11.85572,0
1506186322,22120343,1.18849,11.86202,0
1506186215,22120277,1.18832,50.00000,1
1506186069,22120191,1.18850,11.82704,0
1506186065,22120180,1.18850,11.83544,0
1506186062,22120175,1.18850,347.27528,0
1506186062,22120173,1.18850,668.20472,0
1506186061,22120172,1.18850,123.36221,0
1506186029,22120143,1.18850,590.43979,0
1506186027,22120140,1.18850,590.44023,0
1506186025,22120132,1.18850,144.70027,0
1506185920,22120070,1.18850,503.50000,0
1506185917,22120065,1.18850,662.30000,0
1506185915,22120061,1.18850,662.30000,0
1506185902,22120054,1.18850,5.34431,0
1506185839,22120012,1.18850,74.02689,0
1506185837,22120008,1.18850,1456.33493,0
1506185625,22119886,1.18850,1289.54880,0
1506185561,22119860,1.18850,587.80247,0
1506185560,22119857,1.18850,123.17042,0
1506185560,22119854,1.18850,1177.60198,0
1506185558,22119849,1.18850,294.00618,0
1506185461,22119795,1.18850,339.74124,0
1506185461,22119794,1.18850,781.63672,0
1506185442,22119770,1.18850,12.77287,0
1506185434,22119766,1.18850,50.02267,0
1506185356,22119724,1.18850,186.19305,0
1506185315,22119702,1.18850,58.70842,0
1506185314,22119699,1.18850,60.04183,0
1506185313,22119698,1.18850,123.19725,0
1506185312,22119694,1.18850,25.35584,0
1506185241,22119674,1.18850,104.19000,0
1506185195,22119659,1.18850,39.74000,0
1506185194,22119655,1.18850,294.86746,0
1506185184,22119648,1.18850,9.44717,0
1506185173,22119639,1.18850,2581.74166,0
1506185172,22119637,1.18850,9.44717,0
1506185167,22119625,1.18850,551.09745,0
1506185002,22119543,1.18850,32.08659,0
1506185002,22119542,1.18850,256.40871,0
1506184996,22119529,1.18850,3031.60613,0
1506184992,22119516,1.18850,3030.39710,0
1506184946,22119462,1.18850,965.35000,0
1506184623,22119311,1.18850,58.89000,0
1506184500,22119269,1.18850,183.19000,0
1506184123,22119095,1.18850,18.58481,0
1506184123,22119094,1.18844,0.88782,0
1506184053,22119048,1.18844,999.11218,0
1506184049,22119044,1.18827,1566.66351,0
1506184046,22119040,1.18830,1836.94521,0
1506183181,22118403,1.18251,632.65427,1
1506182721,22118138,1.18251,77.00570,1
1506182335,22117932,1.18251,50.00000,1
1506180445,22117063,1.18251,50.34000,1
1506180445,22117062,1.18252,50.00000,1
1506180440,22117057,1.18251,0.07000,1
1506180440,22117055,1.18252,110.00000,1
1506179750,22116496,1.18251,176.15054,1
1506179750,22116495,1.18252,220.00000,1
1506179742,22116492,1.18251,486.15305,1
1506179742,22116491,1.18252,420.00000,1
1506179739,22116478,1.18252,295.57634,1
1506178933,22116117,1.18255,50.00000,1
1506177220,22115402,1.18847,401.41452,0
1506176531,22115071,1.18252,31.29223,1
1506176530,22115070,1.18400,18.70777,1
1506175842,22114745,1.18252,1972.20556,1
1506175842,22114744,1.18252,300.03922,1
1506175841,22114743,1.18253,800.00000,1
1506175841,22114742,1.18400,181.82889,1
1506175836,22114732,1.18401,53.65462,1
1506175230,22114382,1.18400,45.89999,1
1506175191,22114336,1.18400,1276.22362,1
1506175084,22114311,1.18400,88.42920,1
1506175084,22114310,1.18400,31.89334,1
1506175084,22114309,1.18400,16.12378,1
1506175078,22114304,1.18400,310.07622,1
1506175078,22114303,1.18400,87.47000,1
1506175077,22114302,1.18400,6.93231,1
1506175077,22114301,1.18400,173.26881,1
1506175077,22114300,1.18400,204.69000,1
1506175077,22114299,1.18400,1097.05909,1
1506175077,22114298,1.18400,52.58328,1
1506175077,22114297,1.18400,85.68778,1
1506175077,22114296,1.18400,403.68184,1
1506175073,22114285,1.18400,415.88027,1
1506175073,22114284,1.18400,5.93606,1
1506174991,22114223,1.18400,70.00000,1
1506174933,22114190,1.18400,5.20854,1
1506174933,22114189,1.18400,138.13687,1
1506174933,22114188,1.18400,49.19000,1
1506174932,22114187,1.18400,172.81240,1
1506174627,22114019,1.18400,1.53386,1
1506174627,22114018,1.18401,340.30906,1
1506174624,22114007,1.18402,342.86835,1
1506174606,22113994,1.18402,530.00000,1
1506174602,22113991,1.18402,59.44304,1
1506174384,22113850,1.18850,1592.38170,0
1506174349,22113812,1.18850,31.89334,0
1506174049,22113649,1.18849,459.41656,0
1506173993,22113601,1.18849,262.40859,0
1506173990,22113594,1.18401,1102.79912,0
1506173988,22113576,1.18401,4221.59974,0
1506173987,22113574,1.18401,1490.00000,1
1506173923,22113508,1.18849,1585.83320,0
1506173702,22113360,1.18849,118.30000,0
1506173693,22113345,1.18849,118.46794,0
1506173365,22113147,1.18850,326.20000,0
1506173364,22113146,1.18849,0.01000,0
1506173364,22113145,1.18849,459.99000,0
1506173215,22113071,1.18401,45.00000,1
1506172577,22112722,1.18850,87.47000,0
1506172568,22112713,1.18850,6.93231,0
1506172564,22112705,1.18850,173.26881,0
1506172556,22112691,1.18850,204.69000,0
1506172347,22112586,1.18850,1097.05909,0
1506172345,22112585,1.18850,52.58328,0
1506172344,22112583,1.18850,85.68778,0
1506172343,22112577,1.18850,819.56211,0
1506172341,22112570,1.18850,81.14460,0
1506172336,22112553,1.18850,138.13687,0
1506172293,22112509,1.18850,49.19000,0
1506172289,22112506,1.18854,174.34626,1
1506172287,22112497,1.18874,1787.56599,0
1506172287,22112496,1.18865,1000.00000,0
1506172286,22112494,1.18863,860.00000,0
1506172286,22112493,1.18862,5307.45809,0
1506172281,22112468,1.18850,57.80000,0
1506172277,22112451,1.18862,232.38000,1
1506172273,22112432,1.18856,1690.00000,0
1506172263,22112406,1.18847,301.87000,1
1506172255,22112393,1.18850,582.13775,0
1506172179,22112313,1.18864,351.73811,0
1506172172,22112277,1.18855,224.97517,0
1506172030,22112149,1.18253,201.75456,1
1506171933,22112050,1.18253,287.19797,1
1506171757,22111861,1.18253,70.00000,1
1506171087,22111482,1.18253,99.67022,1
1506170483,22111252,1.18253,100.00000,1
1506170472,22111238,1.18253,100.00000,1
1506170217,22111110,1.18871,212.29735,0
1506170205,22111100,1.18871,5.10218,0
1506170159,22111064,1.18865,25.14000,0
1506169909,22110921,1.18860,927.96000,0
1506169783,22110797,1.18865,265.79285,0
1506169639,22110624,1.18838,221.27078,0
1506169406,22110380,1.18175,3.82565,1
1506169406,22110379,1.18175,6.17435,1
1506169406,22110378,1.18176,70.00000,1
1506168877,22109869,1.18850,1241.42233,1
1506168876,22109862,1.18175,1.18888,1
1506168876,22109861,1.18176,140.00000,1
1506168867,22109838,1.18176,280.00000,1
1506168867,22109837,1.18250,262.44275,1
1506168819,22109767,1.18251,264.00633,1
1506168816,22109761,1.18251,264.00633,1
1506168812,22109759,1.18250,4735.95708,1
1506168812,22109757,1.18251,9.46150,1
1506168812,22109756,1.18251,7.09612,1
1506168804,22109745,1.18868,520.71828,0
1506168804,22109744,1.18417,53.36435,0
1506168804,22109743,1.18408,5.64340,0
1506168804,22109741,1.18371,8.44647,0
1506168802,22109735,1.18250,0.17136,1
1506168801,22109733,1.18251,81.09917,1
1506168796,22109726,1.18251,594.21305,1
1506168793,22109723,1.18250,1.42881,1
1506168793,22109722,1.18251,675.29509,1
1506168788,22109711,1.18373,4000.00000,1
1506168787,22109709,1.18374,0.01689,1
1506168787,22109705,1.18374,3999.98311,1
1506168784,22109699,1.18410,2670.56659,1
1506168780,22109693,1.18410,4752.51470,1
1506168775,22109686,1.18410,4752.51470,1
1506168775,22109683,1.18410,7857.77384,1
1506168772,22109680,1.18410,4.03528,1
1506168772,22109679,1.18411,1909.57390,1
1506168766,22109672,1.18411,268.24351,1
1506168723,22109527,1.18411,240.15833,1
1506168723,22109525,1.18411,332.86487,1
1506168720,22109509,1.18411,685.03879,1
1506168719,22109508,1.18411,2827.42626,1
1506168719,22109507,1.18411,1722.82575,1
1506168717,22109499,1.18411,684.69834,1
1506168716,22109496,1.18411,296.07321,1
1506168715,22109493,1.18411,180.16952,1
1506168715,22109492,1.18411,2968.09998,1
1506168715,22109490,1.18411,7.96459,1
1506168714,22109483,1.18411,222.89704,1
1506168711,22109468,1.18411,889.56328,1
1506168710,22109466,1.18411,706.58683,1
1506168710,22109460,1.18411,593.68652,1
1506168706,22109443,1.18411,297.86881,1
1506168705,22109438,1.18411,704.50689,1
1506168704,22109433,1.18411,297.95075,1
1506168702,22109428,1.18411,298.84080,1
1506168702,22109425,1.18411,433.34974,1
1506168700,22109416,1.18411,350.59033,1
1506168698,22109411,1.18411,274.21346,1
1506168697,22109409,1.18411,231.77484,1
1506168694,22109390,1.18411,10.85782,1
1506168694,22109388,1.18411,1128.35450,1
1506168692,22109376,1.18411,1633.74273,1
1506168690,22109354,1.18411,0.05520,1
1506168690,22109352,1.18412,8.10517,1
1506168690,22109351,1.18412,10.80689,1
1506168686,22109339,1.18417,31.42494,1
1506168685,22109334,1.18417,62.95427,1
1506168681,22109314,1.18418,123.49979,1
1506168210,22108776,1.18420,100.00000,1
1506168201,22108762,1.18419,5.31714,0
1506168200,22108761,1.18419,5.31714,1
1506168190,22108753,1.18416,5.40356,1
1506168180,22108744,1.18481,5.40356,1
1506167997,22108386,1.18992,8.79884,0
1506167992,22108373,1.18992,11.17713,0
1506167970,22108291,1.18992,119.53001,0
1506167887,22107995,1.18412,322.33681,1
1506167887,22107994,1.18438,7.57064,1
1506167865,22107952,1.18438,131.49283,1
1506167865,22107951,1.18439,7.56727,1
1506167857,22107937,1.18436,139.27659,0
1506167856,22107936,1.18436,2.42285,0
1506167856,22107935,1.18412,77.61883,0
1506167854,22107924,1.18436,80.04453,0
1506167850,22107917,1.18411,192.95168,1
1506167850,22107916,1.18412,5.75831,1
1506167844,22107901,1.18411,2227.14515,1
1506167844,22107899,1.18412,14.84635,1
1506167844,22107897,1.18412,1.79863,1
1506167844,22107895,1.18414,5.81517,1
1506167841,22107891,1.18412,7.10918,1
1506167829,22107847,1.18411,178.59559,1
1506167829,22107845,1.18413,9.25362,1
1506167829,22107844,1.18413,6.16908,1
1506167829,22107842,1.18413,1636.27637,1
1506167827,22107830,1.18412,192.92433,1
1506167827,22107829,1.18412,12.80873,1
1506167826,22107827,1.18412,9.60655,1
1506167826,22107824,1.18412,6.40436,1
1506167823,22107775,1.18415,4216.55924,1
1506167821,22107764,1.18412,55.38241,0
1506167820,22107758,1.18413,13.15042,1
1506167820,22107757,1.18413,9.86281,1
1506167820,22107753,1.18438,6.40436,1
1506167781,22107695,1.18430,1094.08542,1
1506167780,22107690,1.18429,930.00000,1
1506167778,22107686,1.18428,36.15424,1
1506167746,22107636,1.18618,6.62833,1
1506167707,22107502,1.18608,6.68185,1
1506167536,22107274,1.18414,819.82416,1
1506167536,22107273,1.18568,6.73583,1
1506167236,22107097,1.18993,570.03937,0
1506167120,22106981,1.18995,242.63266,0
1506167120,22106978,1.18994,294.91174,0
1506167101,22106935,1.18416,58.66738,1
1506167101,22106934,1.18426,8.79262,1
1506167100,22106933,1.18428,32.54000,1
1506166417,22106303,1.18991,5000.00000,0
1506166377,22106242,1.18414,1269.57826,1
1506166372,22106233,1.18412,1269.57826,1
1506166367,22106216,1.18411,102.59509,1
1506166367,22106215,1.18411,273.25360,1
1506166367,22106214,1.18411,273.25360,1
1506166367,22106213,1.18411,273.25360,1
1506166367,22106212,1.18411,41.60332,1
1506166367,22106211,1.18413,110.10452,1
1506166367,22106208,1.18413,82.57839,1
1506166366,22106206,1.18413,55.05226,1
1506166363,22106202,1.18412,390.39365,1
1506166361,22106193,1.18412,2526.86951,1
1506166361,22106191,1.18412,175.59912,1
1506166359,22106188,1.18411,214.69000,1
1506166358,22106182,1.18411,275.96774,1
1506166358,22106179,1.18411,113.56751,1
1506166358,22106178,1.18412,153.77599,1
1506166357,22106177,1.18412,102.51733,1
1506166357,22106173,1.18995,3776.00983,0
1506166357,22106171,1.18994,1080.00000,0
1506166357,22106170,1.18960,25.54750,0
1506166357,22106168,1.18959,25.43451,0
1506166357,22106166,1.18957,23.00816,0
1506166356,22106164,1.18956,70.00000,0
1506166356,22106158,1.18412,205.93857,0
1506166355,22106157,1.18411,284.50738,1
1506166355,22106150,1.18425,1473.09778,0
1506166354,22106148,1.18412,205.48520,1
1506166352,22106136,1.18425,82.31925,0
1506166352,22106134,1.18425,1400.00000,0
1506166352,22106130,1.18425,164.63849,0
1506166352,22106128,1.18425,123.47887,0
1506166336,22106050,1.18418,48.74066,1
1506166331,22106015,1.18959,22.96452,1
1506166329,22106007,1.18958,2.47000,0
1506166328,22106002,1.18958,23.58261,1
1506166328,22106000,1.18960,2.47000,1
1506166327,22105996,1.18960,22.96452,1
1506166321,22105985,1.18995,2889.16033,0
1506166321,22105984,1.18994,2110.83967,0
1506166317,22105972,1.18995,1768.94572,0
1506166317,22105970,1.18956,2321.05428,0
1506166317,22105968,1.18956,910.00000,0
1506166193,22105883,1.18995,2092.39330,0
1506166189,22105877,1.18995,2092.39330,0
1506166189,22105876,1.18995,2092.39330,0
1506166189,22105874,1.18993,81.94805,0
1506166188,22105873,1.18991,220.44525,0
1506166188,22105872,1.18990,1790.00000,0
1506166159,22105857,1.18412,6.99281,1
1506166159,22105856,1.18413,17.99977,1
1506166158,22105855,1.18413,25.00742,1
1506166046,22105792,1.18413,10.66180,1
1506166045,22105791,1.18413,26.75191,1
1506166045,22105790,1.18413,44.58652,1
1506166045,22105789,1.18420,17.99977,1
1506165688,22105616,1.18989,5000.00000,0
1506165517,22105428,1.18412,30.53999,1
1506165517,22105427,1.18421,58.74895,1
1506165515,22105421,1.18420,58.45521,1
1506165442,22105359,1.18411,34.10740,1
1506165442,22105358,1.18412,5261.16132,1
1506165422,22105334,1.18413,24.81892,1
1506165420,22105329,1.18413,24.89496,0
1506165419,22105328,1.18412,819.25060,1
1506165417,22105325,1.18413,231.88503,0
1506165414,22105316,1.18413,158.05749,0
1506165413,22105315,1.18412,630.82934,1
1506165413,22105314,1.18413,40.47230,1
1506165413,22105313,1.18413,32.37784,1
1506165413,22105312,1.18413,85.20735,1
1506165413,22105311,1.18414,47.67316,1
1506165412,22105309,1.18414,242.32684,1
1506165412,22105308,1.18425,47.67316,1
1506165400,22105298,1.18422,47.66851,1
1506165399,22105295,1.18421,66.80403,1
1506165381,22105284,1.18415,15.82004,1
1506165376,22105281,1.18414,15.82004,1
1506165371,22105276,1.18419,15.82004,1
1506165369,22105274,1.18420,313.51362,1
1506165165,22105120,1.18990,5000.00000,0
1506165077,22105072,1.18417,1000.00000,1
1506164999,22105039,1.18995,690.98289,0
1506164999,22105038,1.18995,1305.66846,0
1506164999,22105037,1.18994,1364.56195,0
1506164999,22105036,1.18993,1638.78670,0
1506164980,22105027,1.18995,819.30159,0
1506164980,22105026,1.18995,2480.69841,0
1506164980,22105024,1.18992,1700.00000,0
1506164978,22105023,1.18995,100.60420,0
1506164978,22105021,1.18995,100.60420,0
1506164978,22105020,1.18995,100.60420,0
1506164978,22105019,1.18995,100.60420,0
1506164978,22105018,1.18995,100.60420,0
1506164977,22105017,1.18995,100.60420,0
1506164977,22105016,1.18995,100.60420,0
1506164976,22105010,1.18995,100.60420,0
1506164976,22105008,1.18995,100.60420,0
1506164976,22105007,1.18995,100.60420,0
1506164976,22105005,1.18995,100.60420,0
1506164975,22105004,1.18995,100.60420,0
1506164975,22105002,1.18995,100.60420,0
1506164975,22105001,1.18995,100.60420,0
1506164975,22105000,1.18995,100.60420,0
1506164974,22104997,1.18995,100.60420,0
1506164974,22104995,1.18995,100.60420,0
1506164974,22104994,1.18995,100.60420,0
1506164974,22104993,1.18995,100.60420,0
1506164974,22104992,1.18995,100.60420,0
1506164974,22104990,1.18995,100.60420,0
1506164973,22104988,1.18995,100.60420,0
1506164973,22104987,1.18995,1.83100,0
1506164973,22104986,1.18994,98.77320,0
1506164972,22104984,1.18994,100.60420,0
1506164972,22104983,1.18994,100.60420,0
1506164972,22104981,1.18994,100.60420,0
1506164972,22104980,1.18994,100.60420,0
1506164972,22104978,1.18994,100.60420,0
1506164972,22104977,1.18994,100.60420,0
1506164972,22104976,1.18994,100.60420,0
1506164971,22104975,1.18994,100.60420,0
1506164971,22104974,1.18994,100.60420,0
1506164971,22104973,1.18994,100.60420,0
1506164971,22104971,1.18994,100.60420,0
1506164970,22104968,1.18994,100.60420,0
1506164970,22104967,1.18994,100.60420,0
1506164970,22104966,1.18994,100.60420,0
1506164970,22104965,1.18989,100.60420,0
1506164970,22104963,1.18989,100.60420,0
1506164969,22104962,1.18989,100.60420,0
1506164969,22104960,1.18989,100.60420,0
1506164968,22104959,1.18993,100.60420,0
1506164968,22104958,1.18993,100.60420,0
1506164968,22104957,1.18990,100.60420,0
1506164968,22104956,1.18990,100.60420,0
1506164968,22104955,1.18990,100.60420,0
1506164867,22104813,1.18412,27.41751,0
1506164867,22104812,1.18412,27.21866,0
1506164853,22104785,1.18411,506.18378,1
1506164852,22104783,1.18411,298.40502,1
1506164846,22104776,1.18411,541.23000,1
1506164845,22104775,1.18411,200.75000,1
1506164839,22104772,1.18411,292.99443,1
1506164835,22104765,1.18411,541.03000,1
1506164833,22104761,1.18411,541.03000,1
1506164828,22104757,1.18411,3.01144,1
1506164828,22104756,1.18411,268.66638,1
1506164825,22104754,1.18411,271.40634,1
1506164825,22104751,1.18411,239.30118,1
1506164825,22104749,1.18411,1980.74999,1
1506164820,22104738,1.18411,539.07000,1
1506164812,22104732,1.18411,398.46876,1
1506164812,22104731,1.18412,11.66514,1
1506164812,22104729,1.18412,15.55352,1
1506164716,22104633,1.18995,273.25360,0
1506164716,22104632,1.18995,273.25360,0
1506164716,22104631,1.18995,273.25360,0
1506164716,22104630,1.18995,273.25360,0
1506164715,22104628,1.18989,273.25360,0
1506164715,22104627,1.18989,273.25360,0
1506164711,22104616,1.18411,754.96500,1
1506164711,22104614,1.18411,22.15875,1
1506164703,22104604,1.18411,100.00000,1
1506164680,22104568,1.18411,270.89999,1
1506164675,22104562,1.18411,56.37948,1
1506164673,22104558,1.18411,119.41976,1
1506164672,22104556,1.18412,582.73280,1
1506164654,22104529,1.18412,67.28708,1
1506164650,22104524,1.18411,17.01729,1
1506164649,22104522,1.18412,774.17465,1
1506164643,22104515,1.18411,16.34365,1
1506164641,22104511,1.18413,16.34365,1
1506164640,22104508,1.18412,5.81955,1
1506164639,22104501,1.18412,1081.07998,1
1506164634,22104495,1.18413,2350.03505,1
1506164632,22104491,1.18412,762.88371,1
1506164628,22104480,1.18413,762.77943,0
1506164627,22104477,1.18412,0.17826,1
1506164627,22104476,1.18413,8.59629,1
1506164627,22104475,1.18413,6.44722,1
1506164627,22104474,1.18413,139.25638,1
1506164620,22104457,1.18413,32.23947,1
1506164620,22104454,1.18414,20.00000,1
1506164609,22104439,1.18413,0.30931,1
1506164609,22104437,1.18414,50.00000,1
1506164599,22104427,1.18413,0.54027,1
1506164599,22104426,1.18414,90.00000,1
1506164595,22104415,1.18413,40.54125,1
1506164594,22104414,1.18414,20.57000,1
1506164594,22104410,1.18414,159.43000,1
1506164592,22104405,1.18414,229.25390,1
1506164589,22104401,1.18413,3.26680,1
1506164589,22104400,1.18414,580.00000,1
1506164585,22104396,1.18413,6.44021,1
1506164584,22104394,1.18414,1140.00000,1
1506164535,22104343,1.18416,444.16146,1
1506164535,22104341,1.18416,71.52750,1
1506164499,22104308,1.18995,3889.07802,0
1506164499,22104307,1.18994,190.92198,0
1506164498,22104306,1.18993,920.00000,0
1506164486,22104298,1.18995,4452.62765,0
1506164486,22104297,1.18995,393.05874,0
1506164486,22104296,1.18992,154.31361,0
1506164453,22104249,1.18995,209.16018,0
1506164453,22104247,1.18960,445.82213,0
1506164453,22104246,1.18959,1800.00000,0
1506164452,22104245,1.18957,2545.01769,0
1506164428,22104218,1.18411,78.04288,1
1506164427,22104217,1.18414,42.65962,1
1506164422,22104208,1.18411,1.18320,1
1506164422,22104207,1.18412,65.64614,1
1506164422,22104205,1.18412,43.76410,1
1506164422,22104204,1.18412,87.52819,1
1506164410,22104185,1.18969,4684.49400,0
1506164398,22104171,1.18410,2028.81972,1
1506164395,22104167,1.18410,2134.81633,1
1506164391,22104159,1.18410,1787.93177,1
1506164391,22104158,1.18410,0.64345,1
1506164391,22104157,1.18411,63.23732,1
1506164390,22104155,1.18411,42.15821,1
1506164388,22104150,1.18410,0.64433,1
1506164388,22104148,1.18411,105.39554,1
1506164385,22104142,1.18410,9.73929,1
1506164384,22104141,1.18411,84.31643,1
1506164384,22104140,1.18411,33.72152,1
1506164384,22104139,1.18411,1469.95040,1
1506164380,22104134,1.18411,2077.75188,1
1506164380,22104131,1.18411,3290.00000,1
1506164380,22104130,1.18411,460.55442,1
1506164374,22104123,1.18411,1301.19068,1
1506164374,22104122,1.18411,4650.05120,1
1506164371,22104114,1.18411,349.94880,1
1506164370,22104112,1.18411,5000.00000,1
1506164370,22104108,1.18411,484.64345,1
1506164367,22104103,1.18411,0.60921,1
1506164367,22104101,1.18412,110.00000,1
1506164362,22104094,1.18411,4514.74734,1
1506164362,22104093,1.18411,1192.26698,1
1506164358,22104087,1.18411,110.85708,1
1506164358,22104086,1.18412,42.88242,1
1506164354,22104082,1.18411,1.44281,1
1506164354,22104081,1.18412,200.00000,1
1506164354,22104080,1.18437,42.88242,1
1506164230,22104010,1.18411,2124.97005,1
1506164229,22104009,1.18416,43.85451,1
1506164226,22103998,1.18415,43.85451,1
1506164219,22103983,1.18415,155.32632,0
1506164145,22103858,1.18411,1074.08629,1
1506164142,22103852,1.18411,496.37679,1
1506164142,22103851,1.18411,533.48144,1
1506164141,22103850,1.18413,44.22806,1
1506164137,22103844,1.18411,4466.51856,1
1506164136,22103841,1.18411,1480.99447,1
1506164133,22103839,1.18411,155.14012,1
1506164133,22103838,1.18413,44.98808,1
1506164129,22103835,1.18418,44.98808,1
1506164119,22103819,1.18411,3363.86541,1
1506164119,22103817,1.18411,2536.85708,1
1506164119,22103816,1.18413,46.79054,1
1506164116,22103804,1.18411,0.88239,1
1506164116,22103803,1.18412,71.39217,1
1506164116,22103801,1.18412,95.18956,1
1506164111,22103797,1.18413,56.25613,0
1506164110,22103796,1.18416,94.62000,1
1506164110,22103795,1.18416,47.59478,1
1506164110,22103794,1.18416,32.75000,1
1506164100,22103780,1.18413,0.31979,0
1506164100,22103775,1.18413,47.59478,0
1506164099,22103771,1.18416,11.77453,1
1506164095,22103757,1.18416,13.22547,0
1506164094,22103755,1.18416,19.53422,0
1506164078,22103742,1.18411,22.33933,1
1506164078,22103741,1.18412,4074.18080,1
1506163997,22103671,1.18412,586.98260,1
1506163997,22103670,1.18412,65.48506,1
1506163893,22103565,1.18412,45.96027,1
1506163893,22103564,1.18413,0.00636,1
1506163893,22103562,1.18413,43.52888,1
1506163892,22103561,1.18413,88.18808,1
1506163874,22103541,1.18413,66.14106,1
1506163810,22103475,1.18412,67.91405,1
1506163810,22103474,1.18413,44.98530,1
1506163810,22103472,1.18413,67.51310,1
1506163804,22103453,1.18416,450.00000,0
1506163803,22103448,1.18413,44.81999,1
1506163803,22103446,1.18418,44.82448,1
1506163801,22103441,1.18418,44.60036,1
1506163800,22103435,1.18417,9.15073,0
1506163789,22103416,1.18418,298.46314,0
1506163789,22103415,1.18418,45.18685,1
1506163765,22103376,1.18412,1417.71949,1
1506163763,22103368,1.18412,702.34348,1
1506163762,22103367,1.18413,87.23147,1
1506163762,22103366,1.18413,65.42360,1
1506163762,22103364,1.18414,1077.34784,1
1506163762,22103362,1.18414,152.65216,1
1506163752,22103346,1.18414,30.50857,1
1506163751,22103342,1.18994,3770.00000,0
1506163751,22103341,1.18993,1230.00000,0
1506163747,22103332,1.18418,220.00000,0
1506163746,22103330,1.18418,37.29637,0
1506163746,22103329,1.18417,13.36022,0
1506163745,22103323,1.18420,13.28660,1
1506163743,22103308,1.18419,37.36999,1
1506163742,22103300,1.18418,50.06576,1
1506163732,22103262,1.18426,320.88895,0
1506163732,22103259,1.18426,40.87101,1
1506163722,22103217,1.18995,3547.70228,0
1506163721,22103216,1.18991,1000.00000,0
1506163721,22103215,1.18988,452.29772,0
1506163634,22103145,1.18413,27.40000,1
1506163634,22103144,1.18415,50.53000,1
1506163633,22103143,1.18414,77.93000,1
1506163519,22103026,1.18476,48.29852,1
1506163516,22103022,1.18475,41.91649,1
1506163499,22103009,1.18412,36.17057,1
1506163499,22103007,1.18467,42.33943,1
1506163408,22102858,1.18429,20.51747,1
1506163386,22102824,1.18995,3290.00000,0
1506163386,22102822,1.18978,1710.00000,0
1506163219,22102620,1.18429,61.06999,1
1506163131,22102550,1.18417,61.57999,1
1506163106,22102541,1.18421,68.45000,0
1506163105,22102540,1.18421,156.28000,0
1506163104,22102539,1.18421,156.28000,0
1506163087,22102535,1.18412,0.10869,1
1506163087,22102534,1.18413,50.43823,1
1506163086,22102533,1.18413,65.47181,1
1506163086,22102532,1.18414,33.41588,1
1506163080,22102524,1.18421,33.41588,0
1506163043,22102485,1.18413,1.77917,1
1506163043,22102484,1.18414,260.00000,1
1506163043,22102483,1.18472,33.70015,1
1506162979,22102413,1.18994,158.76015,0
1506162918,22102365,1.18983,158.56000,0
1506162863,22102300,1.18496,33.09639,1
1506162862,22102299,1.18495,0.17695,0
1506162862,22102295,1.18495,33.27334,1
1506162070,22101650,1.18989,917.81590,0
1506161283,22101086,1.18440,8.28821,1
1506161283,22101085,1.18440,16.57643,1
1506161263,22101059,1.18434,28.69372,1
1506161204,22100988,1.18414,178.28130,0
1506161204,22100986,1.18414,24.21999,0
1506161202,22100984,1.18414,337.51650,0
1506161201,22100981,1.18412,413.42491,1
1506161197,22100972,1.18414,1.80000,1
1506161197,22100971,1.18415,24.22591,1
1506161196,22100967,1.18414,358.20000,1
1506161188,22100956,1.18411,52.92583,1
1506161187,22100954,1.18411,97.33999,1
1506161182,22100941,1.18411,287.63999,1
1506161174,22100923,1.18411,66.72999,1
1506161170,22100914,1.18971,16.16074,1
1506161168,22100910,1.18418,26.56328,0
1506161164,22100903,1.18411,857.50464,1
1506161160,22100889,1.18411,6.90778,1
1506161159,22100888,1.18411,857.93298,1
1506161136,22100858,1.18411,212.94000,1
1506161136,22100857,1.18411,766.36294,1
1506161130,22100842,1.18411,2196.45132,1
1506161103,22100810,1.18412,54.05431,0
1506161102,22100809,1.18411,389.02636,1
1506161098,22100807,1.18412,22.43008,0
1506161097,22100804,1.18411,0.53178,1
1506161097,22100803,1.18412,33.65970,1
1506161097,22100802,1.18412,44.87960,1
1506161097,22100801,1.18413,22.43980,1
1506161087,22100796,1.18411,169.95616,1
1506161086,22100793,1.18411,295.49424,1
1506161084,22100784,1.18411,299.29331,1
1506161080,22100776,1.18411,882.88389,1
1506161077,22100771,1.18412,230.13906,0
1506161076,22100769,1.18412,529.63315,0
1506161075,22100761,1.18412,84.79794,0
1506161073,22100753,1.18412,255.41344,1
1506161073,22100751,1.18412,17.02756,1
1506161063,22100727,1.18413,42.42464,1
1506161055,22100717,1.18412,8.09798,1
1506161055,22100716,1.18413,30.07321,1
1506161055,22100715,1.18413,20.04881,1
1506161045,22100710,1.18413,31.84519,0
1506161045,22100706,1.18413,21.23012,0
1506161042,22100698,1.18412,81.12219,1
1506161042,22100696,1.18413,21.23231,1
1506161041,22100694,1.18413,21.25945,1
1506161041,22100693,1.18413,31.86882,1
1506161041,22100692,1.18416,21.23012,1
1506161009,22100673,1.18412,6.89445,1
1506161005,22100667,1.18412,6.89415,1
1506161002,22100654,1.18412,6.89415,1
1506160998,22100646,1.18412,6.89414,1
1506160995,22100643,1.18412,6.89040,1
1506160970,22100589,1.18414,25.83804,1
1506160970,22100588,1.18414,31.64196,1
1506160964,22100578,1.18412,6.88651,1
1506160961,22100577,1.18412,6.88651,1
1506160957,22100571,1.18412,174.75372,1
1506160955,22100567,1.18412,248.84639,1
1506160950,22100555,1.18412,21.52000,1
1506160950,22100554,1.18412,54.70699,1
1506160950,22100553,1.18413,0.10818,1
1506160945,22100551,1.18413,21.52878,1
1506160864,22100479,1.18412,47.17581,1
1506160864,22100478,1.18413,32.82419,1
1506160846,22100461,1.18413,71.84061,1
1506160845,22100460,1.18412,597.60437,1
1506160844,22100454,1.18413,22.79490,1
1506160843,22100447,1.18413,94.97485,0
1506160843,22100446,1.18412,597.76037,0
1506160842,22100444,1.18412,95.05051,1
1506160841,22100442,1.18413,0.47726,1
1506160841,22100439,1.18413,58.28801,1
1506160841,22100438,1.18413,36.68684,1
1506160772,22100385,1.18412,67.20317,1
1506160770,22100379,1.18412,61.38282,1
1506160770,22100378,1.18412,114.73597,1
1506160768,22100375,1.18412,156.52247,1
1506160764,22100371,1.18413,28.25739,1
1506160764,22100370,1.18413,72.22692,1
1506160764,22100362,1.18413,43.32665,1
1506160763,22100361,1.18413,25.55888,1
1506160761,22100360,1.18413,32.20999,1
1506160719,22100319,1.18421,28.33652,1
1506160710,22100312,1.18416,124.74999,1
1506160698,22100310,1.18435,43.32069,1
1506160698,22100309,1.18438,28.88770,1
1506160689,22100297,1.18435,239.82999,1
1506160643,22100266,1.18420,79.94242,0
1506160642,22100264,1.18420,78.68442,0
1506160642,22100263,1.18420,29.08315,0
1506160641,22100261,1.18421,820.00000,1
1506160630,22100246,1.18515,29.32453,1
1506160437,22100168,1.18456,427.88884,1
1506160413,22100155,1.18444,1039.99359,1
1506160094,22099895,1.18433,60.22215,1
1506160094,22099894,1.18561,19.77785,1
1506159885,22099843,1.18498,472.57157,0
1506159885,22099842,1.18498,19.92843,1
1506159743,22099777,1.18998,694.75020,0
1506159743,22099776,1.18997,4305.24980,0
1506159671,22099745,1.18420,80.00000,1
1506159572,22099691,1.18997,457.12027,0
1506158471,22099118,1.18423,80.00000,1
1506158452,22099088,1.18989,985.85596,0
1506158451,22099087,1.18442,1034.37544,0
1506158448,22099071,1.18442,190.17454,0
1506158346,22099015,1.18412,66.45901,1
1506158156,22098877,1.18412,699.80641,1
1506157946,22098796,1.18442,67.95000,0
1506157804,22098750,1.18411,881.88202,1
1506157750,22098728,1.18411,308.17470,1
1506157353,22098544,1.18411,370.15475,1
1506157064,22098463,1.18411,209.94787,1
1506156780,22098317,1.18486,3142.48547,1
1506156536,22098098,1.18702,0.11610,0
1506156534,22098092,1.18702,64.65376,0
1506156532,22098086,1.18704,132.93857,1
1506156452,22098032,1.18704,101.49747,0
1506156450,22098028,1.18704,453.60807,0
1506156448,22098025,1.18704,444.89446,0
1506156448,22098023,1.18704,8.33810,0
1506156347,22097962,1.18706,2803.89772,1
1506156340,22097957,1.18706,55.13999,1
1506155580,22097559,1.18706,122.84999,1
1506155580,22097558,1.18712,51.95813,1
1506155487,22097496,1.18997,40.82690,1
1506155485,22097491,1.18997,31.45458,1
1506155378,22097452,1.18999,360.40651,0
1506155295,22097408,1.18999,58.53299,0
1506155294,22097407,1.18999,199.48447,0
1506155294,22097406,1.18999,245.31994,0
1506155293,22097405,1.18999,63.28780,0
1506155293,22097404,1.18999,774.69111,0
1506155293,22097403,1.18999,49.63420,0
1506155293,22097402,1.18999,156.77688,0
1506155293,22097401,1.18999,45.57994,0
1506155291,22097390,1.18999,227.16903,0
1506155288,22097386,1.18999,207.40072,0
1506154866,22097195,1.18997,450.59072,1
1506154857,22097179,1.18997,47.51381,1
1506154766,22097077,1.18999,83.21606,0
1506154766,22097076,1.18999,421.16681,0
1506154766,22097074,1.18999,73.54743,0
1506154765,22097071,1.18999,107.98000,0
1506154765,22097070,1.18999,367.65841,0
1506154765,22097068,1.18999,48.99782,0
1506154765,22097067,1.18999,132.53218,0
1506154765,22097065,1.18999,502.81902,0
1506154761,22097051,1.18999,1725.05245,0
1506154740,22097025,1.18999,667.79953,0
1506154740,22097024,1.18999,12.29047,0
1506154738,22097015,1.18999,541.40853,0
1506154737,22097014,1.18999,176.08147,0
1506154735,22097010,1.18999,32.35108,0
1506154732,22097003,1.18999,717.49000,0
1506154730,22096999,1.18999,717.49000,0
1506154727,22096995,1.18999,717.49000,0
1506154709,22096961,1.18999,235.76745,0
1506154709,22096960,1.18999,427.69679,0
1506154709,22096959,1.18999,181.31339,0
1506154704,22096951,1.18999,843.92978,0
1506154704,22096949,1.18999,4581.09159,0
1506154703,22096948,1.18999,553.69524,0
1506154703,22096947,1.18999,268.74000,0
1506154703,22096946,1.18999,12.65894,0
1506154703,22096945,1.18999,277.61460,0
1506154703,22096944,1.18999,93.34000,0
1506154703,22096943,1.18999,124.03000,0
1506154702,22096942,1.18999,752.79081,0
1506154702,22096940,1.18999,608.86671,0
1506154702,22096939,1.18999,39.00885,0
1506154702,22096938,1.18998,0.51051,0
1506154700,22096934,1.18998,482.75431,0
1506154697,22096930,1.18998,571.05278,1
1506154693,22096924,1.18998,100.43566,0
1506154689,22096920,1.18997,1000.00000,0
1506154688,22096919,1.18997,199.01209,0
1506154688,22096918,1.18997,333.90050,0
1506154687,22096916,1.18997,569.81517,0
1506154684,22096913,1.18997,569.24433,0
1506154680,22096908,1.18997,566.80798,0
1506154678,22096907,1.18997,1161.00495,0
1506154678,22096904,1.18996,1.58590,0
1506154674,22096900,1.18996,596.22185,0
1506154649,22096887,1.18996,296.06326,0
1506154636,22096882,1.18996,84.58000,0
1506154586,22096846,1.18996,226.25608,0
1506154523,22096805,1.18996,647.03078,0
1506154523,22096804,1.18996,64.19185,0
1506154522,22096801,1.18996,290.91729,0
1506154521,22096797,1.18996,257.81851,0
1506154519,22096793,1.18996,291.03302,0
1506154518,22096786,1.18996,291.97680,0
1506154517,22096783,1.18996,100.05733,0
1506154515,22096781,1.18996,198.69017,0
1506154374,22096703,1.18706,585.49039,1
1506154373,22096702,1.18710,388.36787,1
1506154373,22096701,1.18710,18.65174,1
1506154367,22096698,1.18996,115.09303,0
1506154366,22096694,1.18996,114.52602,0
1506154364,22096686,1.18996,119.39050,0
1506154362,22096684,1.18996,118.22423,0
1506154361,22096681,1.18996,219.16609,0
1506154360,22096679,1.18996,368.85702,0
1506154360,22096675,1.18996,158.86000,0
1506154321,22096640,1.18996,439.46027,0
1506154321,22096639,1.18996,553.04988,0
1506154227,22096610,1.18996,134.97517,0
1506154224,22096606,1.18996,146.32074,0
1506154220,22096588,1.18996,288.93549,0
1506154202,22096550,1.18708,0.01000,0
1506154200,22096545,1.18708,867.82000,0
1506154199,22096543,1.18708,132.17000,1
1506154126,22096531,1.18996,173.55574,0
1506153985,22096478,1.18996,116.72335,0
1506153984,22096473,1.18996,316.19566,0
1506153983,22096471,1.18996,13.24685,0
1506153884,22096425,1.18996,166.11000,0
1506153882,22096422,1.18996,711.02000,0
1506153876,22096419,1.18996,55.54000,0
1506153874,22096417,1.18996,55.54000,0
1506153844,22096396,1.18996,217.70000,0
1506153814,22096383,1.18996,217.78158,0
1506153530,22096255,1.18996,1564.38894,0
1506153520,22096239,1.18996,16.80729,0
1506153520,22096238,1.18996,252.10931,0
1506152836,22095972,1.18708,70.00000,1
1506152751,22095893,1.18891,9.81882,1
1506151646,22095646,1.18997,44.79000,0
1506151551,22095636,1.18997,44.80000,0
1506151523,22095630,1.18997,51.53000,0
1506151516,22095624,1.18997,11.21175,0
1506151435,22095605,1.18997,111.95675,0
1506151432,22095604,1.18997,67.19000,0
1506151367,22095591,1.18997,79.78000,0
1506151327,22095569,1.18891,70.00000,1
1506151282,22095552,1.18997,64.28732,0
1506151266,22095543,1.18997,31.26302,0
1506151265,22095540,1.18997,31.22644,0
1506151230,22095526,1.18997,3075.28560,0
1506151199,22095487,1.18997,11.21595,0
1506151101,22095418,1.18997,11.22225,0
1506151094,22095415,1.18997,336.73000,0
1506150266,22095150,1.18891,60.00000,1
1506149176,22094851,1.18997,1271.34378,0
1506149170,22094844,1.18997,1842.29762,0
1506148923,22094717,1.18997,758.99305,0
1506148894,22094705,1.18997,18.51884,0
1506148891,22094704,1.18893,50.00000,1
1506148849,22094680,1.18997,30.48092,0
1506148838,22094671,1.18997,279.41880,0
1506148826,22094664,1.18997,279.41878,0
1506148824,22094658,1.18997,47.49456,0
1506148824,22094655,1.18997,15.27385,0
1506148798,22094647,1.18997,2859.63890,0
1506148789,22094639,1.18997,15.25478,0
1506148708,22094600,1.18997,188.60205,0
1506148699,22094595,1.18997,324.45000,0
1506148640,22094578,1.18997,14.94340,0
1506148640,22094576,1.18997,379.86000,0
1506148637,22094565,1.18997,744.03801,0
1506148637,22094563,1.18997,399.24533,0
1506148636,22094560,1.18997,398.51422,0
1506148634,22094556,1.18997,397.68228,0
1506148633,22094551,1.18997,396.74948,0
1506148633,22094549,1.18997,11.20672,0
1506148631,22094544,1.18997,395.81667,0
1506148629,22094539,1.18997,495.72383,0
1506148629,22094536,1.18997,394.88389,0
1506148617,22094515,1.18997,744.09738,0
1506148616,22094513,1.18997,743.23000,0
1506148615,22094509,1.18997,1518.75000,0
1506148613,22094501,1.18997,935.76276,0
1506148612,22094499,1.18997,1125.00000,0
1506148612,22094495,1.18997,92.29145,0
1506148611,22094490,1.18997,707.75664,0
1506148611,22094488,1.18997,810.99336,0
1506148609,22094483,1.18997,381.96441,0
1506148608,22094479,1.18997,283.25000,0
1506148607,22094477,1.18997,48.42000,0
1506148607,22094476,1.18997,48.43191,0
1506148606,22094472,1.18997,98.36381,0
1506148604,22094468,1.18997,18.54696,0
1506148601,22094459,1.18997,66.98139,0
1506148599,22094457,1.18997,437.11120,0
1506148589,22094443,1.18997,2703.78772,0
1506148587,22094441,1.18997,1278.02373,0
1506148586,22094435,1.18997,393.48049,0
1506148585,22094431,1.18997,1277.38439,0
1506148584,22094427,1.18997,392.41324,0
1506148583,22094423,1.18997,391.34599,0
1506148581,22094417,1.18997,1276.72508,0
1506148581,22094415,1.18997,390.28714,0
1506148580,22094409,1.18997,389.22829,0
1506148580,22094408,1.18997,1078.72291,0
1506148579,22094405,1.18997,286.68365,0
1506148573,22094378,1.18997,1055.25088,0
1506148570,22094371,1.18997,549.19100,0
1506148568,22094365,1.18997,2480.42386,0
1506148566,22094362,1.18997,287.17312,0
1506148565,22094359,1.18997,18.57405,0
1506148565,22094352,1.18997,2475.00000,0
1506148562,22094345,1.18997,277.98819,0
1506148562,22094343,1.18997,31.83193,0
1506148562,22094339,1.18997,5772.42130,0
1506148562,22094336,1.18996,747.37545,0
1506148562,22094335,1.18995,278.30794,0
1506148538,22094312,1.18995,14.94365,0
1506148524,22094290,1.18995,30.42471,0
1506148521,22094276,1.18995,18.57019,0
1506148520,22094271,1.18995,180.57058,0
1506148519,22094264,1.18995,179.99074,0
1506148519,22094261,1.18995,28.91446,0
1506148514,22094241,1.18995,287.46228,0
1506148513,22094236,1.18995,31.51828,0
1506148512,22094229,1.18995,352.99666,0
1506148506,22094193,1.18995,66.93062,0
1506148414,22094120,1.18995,1008.38985,0
1506148336,22094053,1.18995,291.54386,0
1506148085,22093968,1.18995,280.96162,0
1506148072,22093959,1.18995,280.39309,0
1506148071,22093956,1.18995,275.86361,0
1506148031,22093934,1.18995,76.68488,0
1506148028,22093929,1.18995,29.51231,0
1506148018,22093912,1.18995,748.89205,0
1506148017,22093910,1.18995,78.44000,0
1506148011,22093897,1.18893,50.00000,1
1506148008,22093891,1.18995,246.12000,0
1506148008,22093889,1.18995,18.56880,0
1506148007,22093880,1.18995,52.22982,0
1506147997,22093857,1.18995,141.77000,0
1506147982,22093838,1.18994,1138.15293,0
1506147981,22093835,1.18994,182.24000,0
1506147979,22093827,1.18994,730.29580,0
1506147979,22093826,1.18994,252.11355,0
1506147979,22093825,1.18994,16.80757,0
1506147969,22093811,1.18994,240.72146,0
1506147968,22093810,1.18994,800.29000,0
1506147968,22093809,1.18994,173.17228,0
1506147967,22093801,1.18994,64.00501,0
1506147966,22093796,1.18994,104.29096,0
1506147951,22093782,1.18994,66.96000,0
1506147944,22093774,1.18994,47.49576,0
1506147934,22093764,1.18994,706.53000,0
1506147917,22093742,1.18994,231.11000,0
1506147915,22093737,1.18994,245.81468,0
1506147915,22093736,1.18993,451.81532,0
1506147914,22093734,1.18993,968.21150,0
1506147913,22093731,1.18993,697.63000,0
1506147913,22093729,1.18993,287.03375,0
1506147911,22093722,1.18993,18.36233,0
1506147896,22093709,1.18993,31.80214,0
1506147882,22093698,1.18993,998.60124,0
1506147873,22093685,1.18993,966.92227,0
1506147872,22093680,1.18993,8.37399,0
1506147867,22093677,1.18993,47.49616,0
1506147863,22093675,1.18993,218.23131,0
1506147863,22093672,1.18993,305.51999,0
1506147862,22093671,1.18992,0.94001,0
1506147859,22093650,1.18992,2505.68103,0
1506147856,22093626,1.18992,641.38690,0
1506147790,22093577,1.18992,1851.99206,0
1506147790,22093576,1.18991,357.78672,0
1506147790,22093574,1.18991,370.99974,0
1506147788,22093567,1.18991,266.87252,0
1506147782,22093536,1.18991,598.09564,0
1506147781,22093528,1.18991,1043.27217,0
1506147778,22093515,1.18991,31.93623,0
1506147731,22093459,1.18991,649.60084,0
1506147442,22093325,1.18991,144.96046,0
1506147439,22093321,1.18991,144.96046,0
1506147418,22093289,1.18991,214.06210,0
1506147396,22093266,1.18991,205.99922,0
1506147385,22093252,1.18991,90.68000,0
1506147148,22093179,1.18991,442.54037,0
1506147143,22093176,1.18991,438.23353,0
1506147143,22093174,1.18990,4.30685,0
1506147139,22093172,1.18990,769.45369,0
1506147135,22093167,1.18990,224.66416,0
1506146952,22093111,1.18990,18.54453,0
1506146900,22093045,1.18990,540.42798,0
1506146899,22093043,1.18990,27.76272,0
1506146863,22092989,1.18990,652.66828,0
1506146863,22092988,1.18990,673.68685,0
1506146812,22092951,1.18990,204.89320,0
1506146809,22092948,1.18990,204.89320,0
1506146783,22092922,1.18990,356.40858,0
1506146773,22092917,1.18990,212.24471,0
1506146748,22092908,1.18990,66.98041,0
1506146746,22092907,1.18990,188.37777,0
1506146746,22092906,1.18990,11.54025,0
1506146736,22092903,1.18990,279.41843,0
1506146693,22092882,1.18990,143.55000,0
1506146692,22092881,1.18990,411.46000,0
1506146533,22092856,1.18990,102.70000,0
1506146499,22092843,1.18990,104.52000,0
1506146478,22092833,1.18891,60.00000,1
1506146439,22092821,1.18990,293.26598,0
1506146432,22092806,1.18990,977.77070,0
1506146412,22092801,1.18990,47.33035,0
1506146411,22092800,1.18990,40.52857,0
1506146411,22092799,1.18980,6.77449,0
1506146411,22092797,1.18970,0.05557,0
1506146388,22092781,1.18970,49.81683,0
1506146380,22092774,1.18970,528.74278,0
1506146376,22092771,1.18970,421.38482,0
1506146376,22092769,1.18970,107.35796,0
1506146295,22092736,1.18970,11.17819,0
1506146294,22092733,1.18970,58.79693,0
1506146200,22092717,1.18970,74.20972,0
1506146188,22092712,1.18970,701.85360,0
1506145988,22092684,1.18970,50.03899,0
1506145984,22092680,1.18970,967.41735,0
1506145979,22092677,1.18970,754.92596,0
1506145976,22092675,1.18970,754.92596,0
1506145971,22092672,1.18970,566.70669,0
1506145660,22092575,1.18970,249.09813,0
1506145652,22092573,1.18970,223.63946,0
1506145650,22092565,1.18970,223.58841,0
1506145588,22092540,1.18940,199.36091,1
1506145541,22092529,1.18970,252.95110,0
1506145541,22092528,1.18940,6.69979,1
1506145540,22092527,1.18970,3.31155,0
1506145540,22092526,1.18960,6.77564,0
1506145540,22092525,1.18950,6.77622,0
1506145528,22092500,1.18940,6.77679,0
1506145528,22092499,1.18939,61.10289,0
1506145526,22092496,1.18939,197.91211,0
1506145525,22092492,1.18939,31.19703,0
1506145525,22092489,1.18938,242.65031,0
1506145524,22092486,1.18938,31.57444,0
1506145521,22092478,1.18938,290.66315,0
1506145521,22092475,1.18938,30.56821,0
1506145520,22092471,1.18938,835.72956,0
1506145520,22092470,1.18936,1984.49922,0
1506145520,22092469,1.18936,581.87549,0
1506145520,22092465,1.18930,6.77736,0
1506145519,22092463,1.18929,199.42324,0
1506145519,22092457,1.18929,199.17829,0
1506145519,22092455,1.18920,6.77794,0
1506145519,22092452,1.18910,6.77851,0
1506145519,22092451,1.18900,6.77909,0
1506145518,22092450,1.18890,6.77966,0
1506145518,22092449,1.18889,0.77522,0
1506145518,22092446,1.18889,399.28593,0
1506145518,22092443,1.18880,6.78024,0
1506145517,22092440,1.18873,2.29992,0
1506145513,22092421,1.18873,1213.31130,0
1506145510,22092414,1.18873,2784.38878,0
1506145509,22092413,1.18870,6.78081,0
1506145509,22092412,1.18860,6.78139,0
1506145509,22092411,1.18850,6.78196,0
1506145509,22092410,1.18840,6.78253,0
1506145509,22092408,1.18830,6.78311,0
1506145509,22092406,1.18820,6.78369,0
1506145509,22092405,1.18740,6.78829,0
1506145508,22092404,1.18720,6.78944,0
1506145506,22092391,1.18704,3574.14030,0
1506145505,22092389,1.18704,383.39035,0
1506145504,22092384,1.18704,36.41270,0
1506145503,22092383,1.18704,6.05665,0
1506145503,22092376,1.18703,374.39025,0
1506145503,22092374,1.18700,6.79060,0
1506145502,22092371,1.18680,6.79175,0
1506145498,22092359,1.18673,686.74838,0
1506145497,22092355,1.18673,485.45038,0
1506145497,22092353,1.18673,35.68446,0
1506145495,22092348,1.18673,16.85303,0
1506145495,22092346,1.18673,252.79550,0
1506145495,22092343,1.18673,869.32998,0
1506145492,22092328,1.18673,38.60844,0
1506145491,22092323,1.18673,180.94154,0
1506145490,22092321,1.18673,484.96249,0
1506145486,22092307,1.18673,37.95990,0
1506145486,22092304,1.18673,484.51956,0
1506145484,22092296,1.18673,55.76988,0
1506145480,22092279,1.18673,55.77035,0
1506145480,22092275,1.18673,163.98815,0
1506145479,22092265,1.18672,38.03121,0
1506145478,22092262,1.18672,30.52000,0
1506145473,22092236,1.18672,35.87721,0
1506145464,22092164,1.18673,51.33610,0
1506145464,22092160,1.18673,99.28186,0
1506145464,22092159,1.18672,256.68050,0
1506145464,22092158,1.18660,6.79290,0
1506145463,22092153,1.18600,108.43876,0
1506145458,22092115,1.18600,109.33000,0
1506145457,22092104,1.18600,35.13957,0
1506145454,22092090,1.18600,1232.02787,0
1506145454,22092089,1.18599,252.90213,0
1506145450,22092061,1.18599,35.53580,0
1506145446,22092031,1.18599,33.51517,0
1506145443,22092010,1.18600,549.63739,0
1506145442,22091997,1.18600,4736.41000,0
1506145441,22091986,1.18600,284.94190,0
1506145440,22091977,1.18600,350.57729,0
1506145439,22091972,1.18600,32.39325,0
1506145439,22091969,1.18600,284.22993,0
1506145438,22091962,1.18600,284.63298,0
1506145437,22091959,1.18600,1232.47048,0
1506145436,22091953,1.18600,462.00999,0
1506145434,22091939,1.18599,107.43248,0
1506145432,22091932,1.18599,284.54910,0
1506145431,22091928,1.18599,86.16387,0
1506145393,22091918,1.18599,118.65559,0
1506145359,22091905,1.18600,82.28039,0
1506145355,22091899,1.18600,285.30192,0
1506145354,22091897,1.18599,122.86271,0
1506145354,22091896,1.18599,350.58214,0
1506145344,22091888,1.18599,102.09191,0
1506145329,22091886,1.18599,108.93000,0
1506145326,22091884,1.18599,218.11461,0
1506145324,22091881,1.18599,229.27281,0
1506145265,22091829,1.18600,498.85725,0
1506145265,22091826,1.18599,0.11275,0
1506145264,22091822,1.18599,118.36925,0
1506145261,22091803,1.18599,380.14735,0
1506145259,22091791,1.18600,40.89059,0
1506145249,22091743,1.18599,524.11616,0
1506145246,22091732,1.18600,764.33753,0
1506145240,22091717,1.18600,162.59781,0
1506145238,22091698,1.18600,587.90029,0
1506145237,22091697,1.18599,379.38469,0
1506145236,22091683,1.18599,112.88441,0
1506145226,22091598,1.18600,538.87689,0
1506145225,22091594,1.18599,143.53311,0
1506145223,22091576,1.18599,268.58405,0
1506145222,22091562,1.18599,252.95323,0
1506145222,22091561,1.18599,16.86355,0
1506145220,22091550,1.18599,41.00181,0
1506145218,22091538,1.18600,54.35711,0
1506145217,22091530,1.18600,832.38069,0
1506145216,22091527,1.18600,2596.23852,0
1506145216,22091524,1.18600,122.33613,0
1506145216,22091522,1.18600,49.84000,0
1506145216,22091519,1.18600,121.32000,0
1506145215,22091517,1.18600,347.44997,0
1506145215,22091516,1.18600,67.73074,0
1506145215,22091514,1.18600,64.43692,0
1506145215,22091512,1.18600,544.84999,0
1506145215,22091510,1.18600,58.13238,0
1506145214,22091508,1.18600,643.68435,0
1506145214,22091507,1.18599,913.69575,0
1506145156,22091459,1.18599,536.43786,0
1506145090,22091428,1.18599,48.93807,0
1506144866,22091350,1.18599,394.10998,0
1506144864,22091348,1.18599,137.82575,0
1506144863,22091346,1.18599,209.10437,0
1506144692,22091269,1.18101,26.14951,0
1506144691,22091268,1.18101,26.45048,1
1506144611,22091191,1.18599,108.58370,0
1506144611,22091189,1.18598,44.32890,0
1506144081,22091042,1.18078,43.63821,1
1506144081,22091041,1.18581,6.36179,1
1506144018,22090959,1.18599,885.32579,0
1506144015,22090954,1.18599,51.14810,0
1506144009,22090941,1.18598,11.31223,0
1506143993,22090917,1.18581,889.47901,1
1506143993,22090916,1.18582,6.35591,1
1506143962,22090887,1.18599,886.47297,0
1506143960,22090885,1.18599,39.51008,0
1506143951,22090877,1.18600,929.26930,0
1506143949,22090874,1.18600,572.16395,0
1506143948,22090873,1.18600,470.32188,0
1506143948,22090871,1.18599,1023.18515,0
1506143679,22090793,1.18599,142.35058,0
1506143675,22090785,1.18599,142.35058,0
1506143668,22090780,1.18599,201.61720,0
1506143665,22090777,1.18599,166.27340,0
1506143659,22090772,1.18599,205.03519,0
1506143191,22090609,1.18599,448.45400,0
1506143114,22090563,1.18600,358.66811,0
1506143114,22090562,1.18600,607.34971,0
1506143114,22090561,1.18600,78.21503,0
1506143114,22090560,1.18599,0.70759,0
1506143110,22090549,1.18599,1006.54416,0
1506143080,22090516,1.18600,529.13468,0
1506143080,22090515,1.18600,536.54762,0
1506143079,22090514,1.18600,1074.48000,0
1506143079,22090512,1.18600,301.15287,0
1506143079,22090511,1.18600,255.81072,0
1506143079,22090510,1.18599,268.85766,0
1506143077,22090503,1.18599,844.12719,0
1506143048,22090465,1.18600,549.42403,0
1506143047,22090457,1.18599,86.43503,0
1506143046,22090456,1.18599,285.92829,0
1506143044,22090450,1.18599,285.90995,0
1506143043,22090446,1.18599,285.94034,0
1506143042,22090441,1.18599,285.60414,0
1506143034,22090426,1.18599,285.92610,0
1506143033,22090420,1.18599,285.06171,0
1506142988,22090359,1.18600,204.72654,0
1506142986,22090356,1.18600,845.19820,0
1506142986,22090354,1.18600,608.84844,0
1506142986,22090353,1.18600,608.99999,0
1506142986,22090352,1.18600,799.97749,0
1506142986,22090351,1.18600,23.69492,0
1506142985,22090350,1.18600,23.69492,0
1506142985,22090349,1.18600,23.69492,0
1506142985,22090347,1.18600,1657.65116,0
1506142985,22090344,1.18600,286.22596,0
1506142985,22090343,1.18600,921.58514,0
1506142984,22090342,1.18599,1.44704,0
1506142981,22090334,1.18599,1355.67831,0
1506142977,22090329,1.18598,223.48013,0
1506142919,22090253,1.18598,1083.94744,0
1506142831,22090115,1.18580,105.42239,0
1506142831,22090114,1.18579,0.51564,0
1506142813,22090054,1.18579,585.47774,0
1506142813,22090053,1.18578,20.00000,0
1506142789,22090011,1.18579,414.00662,0
1506142788,22090009,1.18578,40.00000,0
1506142754,22089999,1.18578,89.89225,0
1506141996,22089798,1.18576,169.15000,0
1506141597,22089587,1.18579,339.49926,0
1506140991,22089378,1.17982,583.13000,0
1506140990,22089377,1.18072,69.96000,1
1506140990,22089376,1.18072,120.05000,1
1506140723,22089217,1.18579,129.92000,0
1506140648,22089109,1.18580,8.08000,0
1506140648,22089108,1.18579,100.00000,0
1506140611,22088961,1.18579,190.00000,0
1506140598,22088930,1.18579,369.98000,0
1506140574,22088839,1.18579,53.36740,0
1506140568,22088790,1.18579,113.40508,0
1506140565,22088776,1.18582,0.56736,1
1506140564,22088760,1.18582,112.90529,1
1506140555,22088717,1.18581,5699.77449,0
1506140532,22088588,1.18585,427.25000,0
1506139417,22087969,1.18029,358.20000,0
1506139022,22087915,1.18029,9.71206,0
1506139022,22087913,1.18031,800.00000,1
1506139016,22087910,1.18030,582.51849,1
1506138383,22087808,1.18050,60.00000,0
1506138383,22087807,1.18050,9.93393,0
1506138382,22087806,1.18050,141.11999,1
1506137285,22087619,1.18305,226.50662,1
1506137285,22087617,1.18327,9.97080,1
1506137116,22087591,1.18305,87.19729,1
1506137116,22087590,1.18307,10.87270,1
1506137106,22087587,1.18310,10.95588,1
1506135391,22087171,1.18599,138.91033,0
1506135363,22087160,1.18600,508.05077,0
1506135363,22087159,1.18600,871.88999,0
1506135362,22087158,1.18600,145.51865,0
1506135362,22087157,1.18600,145.46059,0
1506135362,22087156,1.18600,146.24000,0
1506135361,22087155,1.18600,464.36072,0
1506135361,22087154,1.18600,157.98267,0
1506135361,22087153,1.18600,325.03683,0
1506135361,22087152,1.18600,145.65999,0
1506135361,22087151,1.18600,21.61419,0
1506135360,22087150,1.18600,610.94835,0
1506135360,22087149,1.18600,137.22270,0
1506135360,22087147,1.18600,268.50705,0
1506135360,22087145,1.18599,1051.50750,0
1506135309,22087114,1.18600,342.27196,0
1506135309,22087111,1.18600,85.15665,0
1506135309,22087109,1.18600,282.66281,0
1506135309,22087108,1.18600,37.07765,0
1506135308,22087107,1.18600,1425.11432,0
1506135308,22087106,1.18600,1425.72942,0
1506135308,22087105,1.18600,243.31209,0
1506135308,22087104,1.18599,1158.67510,0
1506135291,22087087,1.18600,57.49232,0
1506135291,22087086,1.18600,602.25233,0
1506135290,22087085,1.18600,294.76311,0
1506135290,22087084,1.18600,226.23277,0
1506135290,22087082,1.18600,70.83472,0
1506135290,22087081,1.18600,576.22354,0
1506135290,22087080,1.18600,552.29467,0
1506135289,22087077,1.18600,504.27388,0
1506135289,22087074,1.18600,59.53430,0
1506135289,22087073,1.18600,1303.23455,0
1506135289,22087072,1.18600,516.13402,0
1506135289,22087071,1.18600,236.72979,0
1506135286,22087051,1.18600,247.81721,0
1506135286,22087049,1.18600,279.71053,0
1506135285,22087045,1.18600,735.03018,0
1506135285,22087044,1.18600,170.28048,0
1506135285,22087042,1.18600,1432.83840,0
1506135285,22087040,1.18600,373.37560,0
1506135285,22087039,1.18600,119.81423,0
1506135284,22087037,1.18600,225.90841,0
1506135284,22087035,1.18600,713.74016,0
1506135284,22087033,1.18600,397.05766,0
1506135283,22087031,1.18503,1035.78074,0
1506135281,22087013,1.18503,275.85861,0
1506135279,22087005,1.18599,22.35979,0
1506135279,22087003,1.18504,1410.47861,0
1506135279,22086995,1.18504,1432.83840,0
1506135279,22086992,1.18504,1156.68299,0
1506135278,22086989,1.18503,276.15541,0
1506135276,22086970,1.18503,631.12231,0
1506135271,22086938,1.18303,31.00179,1
1506135271,22086935,1.18305,408.99821,1
1506135270,22086931,1.18503,513.05968,0
1506135270,22086930,1.18304,2795.85667,0
1506135270,22086926,1.18303,314.12473,0
1506135269,22086921,1.18302,860.00000,0
1506135268,22086917,1.18303,380.89000,0
1506135267,22086908,1.18303,55.69567,0
1506135264,22086892,1.18302,55.61000,0
1506135260,22086877,1.18302,280.14596,0
1506135252,22086869,1.18301,233.12000,0
1506135250,22086864,1.18302,752.99000,0
1506135231,22086855,1.18302,99.13000,0
1506135113,22086800,1.18303,35.61280,0
1506135112,22086799,1.18303,35.61280,0
1506135112,22086798,1.18303,35.61280,0
1506135112,22086797,1.18303,35.61280,0
1506135111,22086796,1.18303,35.61280,0
1506135111,22086794,1.18303,35.61280,0
1506135110,22086793,1.18303,35.61280,0
1506135109,22086792,1.18302,35.61280,0
1506135109,22086791,1.18302,35.61280,0
1506135109,22086790,1.18302,35.61280,0
1506135108,22086789,1.18302,35.61280,0
1506135108,22086788,1.18302,35.61280,0
1506135108,22086787,1.18302,35.61280,0
1506134484,22086604,1.17770,80.00000,1
1506133750,22086427,1.17770,378.00000,1
1506133292,22086286,1.18295,101.00932,0
1506133271,22086277,1.17776,90.00000,1
1506132358,22086121,1.17754,100.00000,1
1506132343,22086113,1.17879,17.06063,0
1506132319,22086086,1.17881,16.96626,1
1506132314,22086081,1.17881,3.78754,1
1506132297,22086026,1.18304,346.89000,0
1506132293,22086002,1.18304,483.17000,0
1506132292,22085993,1.18293,61.45624,1
1506132292,22085992,1.18304,41.32227,0
1506132292,22085991,1.18304,332.76106,0
1506132292,22085989,1.18303,150.40894,0
1506132291,22085985,1.18303,346.42106,0
1506132286,22085948,1.18303,483.17000,0
1506132283,22085917,1.17881,20.65269,0
1506132279,22085901,1.17881,42.45601,0
1506132239,22085855,1.17881,161.47000,0
1506132129,22085827,1.17850,94.65250,0
1506132128,22085825,1.17850,262.06092,0
1506132126,22085823,1.17850,218.25387,0
1506132126,22085821,1.17836,6.31613,0
1506132111,22085818,1.17836,6.00271,0
1506132111,22085817,1.17836,12.30205,0
1506132109,22085814,1.17835,0.00584,0
1506132109,22085812,1.17835,274.39000,0
1506132026,22085793,1.17835,50.87621,0
1506131863,22085769,1.17835,85.04000,0
1506131577,22085709,1.17834,75.14768,0
1506131576,22085703,1.17834,410.31205,0
1506131576,22085701,1.17834,24.62089,0
1506131576,22085699,1.17834,489.91938,0
1506131016,22085598,1.17751,114.45123,1
1506131015,22085597,1.17753,407.62293,1
1506131002,22085591,1.17753,463.08913,1
1506131002,22085590,1.17754,67.50173,1
1506130849,22085546,1.17834,35.14144,0
1506130849,22085545,1.17834,64.72817,0
1506130166,22085304,1.17820,13.02468,0
1506129650,22085124,1.17753,50.74181,1
1506129648,22085119,1.17753,109.14619,1
1506129575,22085103,1.17753,176.42999,1
1506129575,22085102,1.17753,1352.89093,1
1506129575,22085101,1.17753,437.54711,1
1506129567,22085099,1.17753,106.26905,1
1506129501,22085069,1.17753,18.19870,1
1506129500,22085068,1.17753,1008.71316,1
1506129500,22085067,1.17753,432.24814,1
1506129500,22085066,1.17753,238.79000,1
1506129492,22085054,1.17753,40.30000,1
1506129488,22085052,1.17753,692.14373,1
1506129488,22085050,1.17753,177.65627,1
1506129482,22085041,1.17753,572.51742,1
1506129473,22085033,1.17753,206.38830,1
1506129403,22084986,1.17753,236.15497,1
1506129403,22084985,1.17753,2697.86502,1
1506129065,22084869,1.17753,114.20648,1
1506129065,22084868,1.17753,125.61782,1
1506129065,22084867,1.17753,247.08213,1
1506129063,22084861,1.17753,112.74999,1
1506129063,22084860,1.17753,450.31034,1
1506129063,22084859,1.17753,77.72966,1
1506129034,22084831,1.17753,112.75000,1
1506128962,22084771,1.17753,692.15307,1
1506128960,22084767,1.17753,522.35774,1
1506128960,22084766,1.17754,227.50851,1
1506128943,22084747,1.17753,287.72501,1
1506128935,22084736,1.17753,579.93311,1
1506128935,22084735,1.17754,38.22689,1
1506128931,22084728,1.17754,218.77000,1
1506128929,22084719,1.17754,53.08604,1
1506128923,22084689,1.17754,266.32959,1
1506128885,22084669,1.17754,247.08651,1
1506128876,22084659,1.17753,79.85360,1
1506128871,22084650,1.17753,764.54294,1
1506128866,22084645,1.17753,337.58662,1
1506128865,22084643,1.17754,353.29338,1
1506128862,22084634,1.17753,594.96000,1
1506128861,22084631,1.17753,289.55922,1
1506128860,22084624,1.17753,594.96000,1
1506128859,22084619,1.17753,179.45769,1
1506128859,22084614,1.17753,288.47568,1
1506128857,22084609,1.17753,2662.92154,1
1506128856,22084604,1.17753,239.19797,1
1506128856,22084602,1.17753,289.37694,1
1506128856,22084599,1.17753,53.03797,1
1506128854,22084593,1.17753,192.55561,1
1506128854,22084591,1.17753,100.60299,1
1506128853,22084585,1.17753,95.98000,1
1506128853,22084583,1.17753,126.06720,1
1506128853,22084581,1.17754,390.42109,1
1506128852,22084577,1.17753,125.70000,1
1506128847,22084567,1.17754,66.94234,1
1506128846,22084564,1.17754,140.42836,1
1506128846,22084563,1.17754,48.56023,1
1506128842,22084547,1.17754,36.69862,1
1506128827,22084528,1.17754,18.31685,1
1506128818,22084518,1.17754,139.27090,1
1506128818,22084517,1.17754,6.57716,1
1506128818,22084516,1.17754,10.96193,1
1506128794,22084494,1.17753,286.03630,1
1506128794,22084493,1.17804,94.06060,0
1506128794,22084492,1.17804,13.12443,0
1506128794,22084491,1.17804,80.93617,0
1506128793,22084490,1.17804,94.06060,0
1506128793,22084489,1.17804,94.06060,0
1506128793,22084488,1.17804,86.08458,0
1506128793,22084487,1.17754,7.97602,0
1506128791,22084484,1.17753,286.58775,1
1506128790,22084479,1.17753,79.81999,1
1506128790,22084477,1.17753,594.74494,1
1506128789,22084473,1.17754,6.11216,1
1506128787,22084465,1.17754,344.67619,1
1506128727,22084390,1.17754,105.52585,1
1506128727,22084389,1.17754,247.08500,1
1506128700,22084340,1.17753,255.94043,1
1506128698,22084337,1.17753,262.13422,1
1506128698,22084333,1.17754,74.78601,1
1506128698,22084332,1.17754,314.88156,1
1506128690,22084320,1.17753,401.96311,1
1506128690,22084317,1.17754,6.20426,1
1506128689,22084308,1.17753,470.84282,1
1506128687,22084298,1.17753,576.87513,1
1506128687,22084294,1.17753,934.32864,1
1506128686,22084285,1.17753,286.09554,1
1506128685,22084280,1.17753,231.82599,1
1506128684,22084274,1.17804,184.38306,0
1506128684,22084273,1.17798,15.15237,0
1506128684,22084272,1.17788,16.26986,0
1506128684,22084270,1.17770,79.32860,0
1506128684,22084268,1.17768,15.15237,0
1506128684,22084265,1.17768,138.30864,0
1506128683,22084256,1.17753,301.05780,1
1506128682,22084254,1.17754,56.68923,1
1506128682,22084251,1.17754,15.15237,1
1506128681,22084246,1.17754,228.76543,1
1506128679,22084240,1.17753,25.55494,1
1506128679,22084238,1.17753,244.02823,1
1506128679,22084235,1.17768,448.59490,0
1506128677,22084231,1.17754,0.79685,1
1506128677,22084226,1.17754,4.55950,1
1506128676,22084225,1.17754,154.01296,1
1506128675,22084212,1.17754,154.16000,1
1506128674,22084210,1.17770,40.00000,1
1506128674,22084208,1.17770,3147.20525,1
1506128674,22084206,1.17771,6.88923,1
1506128674,22084204,1.17771,5.16692,1
1506128673,22084200,1.17770,852.79475,1
1506128672,22084191,1.17770,6.79290,1
1506128670,22084177,1.17790,6.79175,1
1506128669,22084172,1.17800,150.00000,1
1506128669,22084168,1.17804,229.02255,0
1506128668,22084165,1.17802,178.60705,0
1506128668,22084163,1.17802,407.62960,0
1506128666,22084151,1.17804,96.62478,1
1506128666,22084146,1.17804,254.41068,1
1506128666,22084142,1.17804,15.15237,1
1506128664,22084134,1.17804,182.58803,1
1506128664,22084131,1.17804,612.31206,1
1506128661,22084103,1.17804,106.06794,1
1506128660,22084093,1.17804,585.61647,1
1506128660,22084084,1.17804,85.58000,1
1506128659,22084078,1.17804,24.93960,1
1506128659,22084068,1.17804,10.84514,1
1506128656,22084039,1.17804,61.91339,1
1506128656,22084032,1.17804,47.28000,1
1506128655,22084020,1.17804,17.09248,1
1506128655,22084015,1.17804,85.52000,1
1506128654,22084009,1.17804,584.47462,1
1506128652,22083988,1.17804,26.71650,1
1506128651,22083983,1.17804,585.26111,1
1506128651,22083977,1.17804,287.76683,1
1506128649,22083959,1.17804,293.73840,1
1506128648,22083955,1.17804,11.99194,1
1506128646,22083935,1.17804,24.08178,1
1506128646,22083926,1.17804,0.02588,1
1506128646,22083924,1.17805,5.18196,1
1506128645,22083923,1.17810,6.79060,1
1506128642,22083905,1.17822,6.21276,1
1506128642,22083903,1.17830,6.78944,1
1506128639,22083886,1.17833,335.83199,1
1506128639,22083879,1.17833,242.90998,1
1506128638,22083876,1.17833,106.27000,1
1506128638,22083872,1.17833,64.46341,1
1506128637,22083868,1.17833,439.74133,1
1506128636,22083863,1.17833,741.49692,1
1506128632,22083845,1.17833,581.80425,1
1506128631,22083837,1.17833,860.26941,1
1506128631,22083835,1.17833,37.97059,1
1506128629,22083828,1.17833,85.56000,1
1506128629,22083825,1.17833,60.76000,1
1506128626,22083815,1.17833,355.21999,1
1506128623,22083791,1.17833,87.70213,1
1506128623,22083789,1.17834,7.39736,1
1506128623,22083788,1.17834,10.86051,1
1506128622,22083786,1.17837,299.21063,1
1506128622,22083781,1.17837,700.78937,1
1506128621,22083776,1.17838,5.50122,1
1506128621,22083769,1.17850,6.78829,1
1506128619,22083761,1.17852,46.61941,1
1506128619,22083760,1.17852,18.32925,1
1506128618,22083756,1.17852,570.40574,1
1506128618,22083752,1.17852,69.55380,1
1506128618,22083748,1.17852,69.55380,1
1506128617,22083744,1.17852,21.77481,1
1506128587,22083635,1.17852,10.86051,1
1506128587,22083633,1.17852,36.91848,1
1506128587,22083631,1.17852,69.55380,1
1506128586,22083629,1.17852,69.55380,1
1506128586,22083627,1.17852,16.87660,1
1506128586,22083625,1.17853,6.51630,1
1506128585,22083622,1.17883,662.65100,1
1506128581,22083610,1.17883,168.31000,1
1506128578,22083591,1.17883,169.03900,1
1506128574,22083555,1.17898,168.20210,1
1506128564,22083464,1.17898,81.59790,1
1506128526,22083451,1.17898,50.00000,1
1506128339,22083378,1.17898,0.20000,1
1506128338,22083377,1.17899,290.08000,1
1506128316,22083361,1.17899,3.99840,1
1506128316,22083360,1.17899,29.41340,1
1506128315,22083359,1.17899,29.41340,1
1506128315,22083358,1.17899,29.41340,1
1506128315,22083357,1.17899,29.41340,1
1506128314,22083356,1.17899,29.41340,1
1506128314,22083355,1.17899,29.41340,1
1506128314,22083354,1.17899,29.41340,1
1506128313,22083352,1.17899,29.41340,1
1506128313,22083351,1.17899,29.41340,1
1506128313,22083350,1.17899,29.41340,1
1506128312,22083349,1.17899,29.41340,1
1506128312,22083348,1.17899,29.41340,1
1506128312,22083347,1.17899,29.41340,1
1506128311,22083346,1.17899,29.41340,1
1506128311,22083345,1.17899,29.41340,1
1506128311,22083344,1.17899,29.41340,1
1506128311,22083343,1.17899,29.41340,1
1506128310,22083342,1.17899,29.41340,1
1506128310,22083341,1.17899,29.41340,1
1506128310,22083340,1.17899,29.41340,1
1506128309,22083339,1.17899,29.41340,1
1506128309,22083338,1.17899,29.41340,1
1506128309,22083337,1.17899,29.41340,1
1506128308,22083336,1.17899,29.21340,1
1506128305,22083332,1.17899,0.20000,1
1506128305,22083331,1.17900,0.95888,1
1506128304,22083330,1.17900,295.93112,1
1506128105,22083283,1.17900,178.81234,1
1506128105,22083282,1.17900,524.29766,1
1506128105,22083281,1.17901,40.30000,1
1506128104,22083280,1.17915,21.05400,1
1506128104,22083279,1.17915,21.05400,1
1506128104,22083278,1.17915,4.36199,1
1506128103,22083277,1.17915,16.69201,1
1506128103,22083276,1.17915,21.05400,1
1506128102,22083275,1.17915,21.05400,1
1506128102,22083274,1.17915,21.05400,1
1506128102,22083273,1.17915,21.05400,1
1506128101,22083272,1.17915,16.69201,1
1506127733,22083211,1.17915,4.36199,1
1506127733,22083210,1.17915,21.05400,1
1506127732,22083208,1.17915,21.05400,1
1506127731,22083206,1.17915,21.05400,1
1506127730,22083204,1.17915,62.34795,1
1506127709,22083200,1.17915,190.84025,1
1506127708,22083199,1.17930,6.78369,1
1506127708,22083198,1.17940,6.78311,1
1506127699,22083192,1.17950,6.78253,1
1506127696,22083188,1.17951,0.22800,1
1506127695,22083185,1.17951,45.37200,1
1506127243,22083039,1.17960,6.78196,1
1506127243,22083038,1.17970,6.78139,1
1506126931,22082905,1.17974,58.55596,1
1506126931,22082903,1.17974,30.17011,1
1506126769,22082854,1.17974,13.29999,1
1506126662,22082839,1.17974,62.63710,1
1506126662,22082838,1.17974,429.16938,1
1506126662,22082837,1.17974,162.30351,1
1506126597,22082825,1.17974,13.79115,1
1506126596,22082823,1.17974,30.73562,1
1506126565,22082817,1.17974,164.08323,1
1506126563,22082816,1.17974,35.25395,1
1506126563,22082815,1.17980,6.78081,1
1506126563,22082814,1.17984,349.74399,1
1506126429,22082777,1.17984,80.68950,1
1506126420,22082768,1.17984,285.91159,1
1506126419,22082763,1.17984,283.34252,1
1506126408,22082748,1.17984,0.31240,1
1506126408,22082747,1.17990,233.92011,1
1506126407,22082746,1.17990,58.88301,1
1506126407,22082745,1.17990,83.06448,1
1506126404,22082735,1.17990,170.69240,1
1506126404,22082734,1.17990,226.02988,1
1506126387,22082729,1.17990,10.40773,1
1506126386,22082728,1.17990,40.30000,1
1506126386,22082727,1.17990,59.88999,1
1506126377,22082718,1.17990,58.14240,1
1506126377,22082717,1.17990,58.67000,1
1506126377,22082716,1.17990,6.78024,1
1506126377,22082715,1.17993,0.26560,1
1506126376,22082714,1.17993,130.88380,1
1506126375,22082712,1.17993,111.19000,1
1506126372,22082706,1.17993,86.72940,1
1506126371,22082705,1.17993,63.21821,1
1506126371,22082704,1.17993,272.24739,1
1506126370,22082703,1.17993,326.54958,1
1506126370,22082702,1.17993,8.91602,1
1506126370,22082701,1.17993,54.37544,1
1506126369,22082699,1.17993,78.19570,1
1506126369,22082696,1.17993,78.19570,1
1506126369,22082693,1.17993,78.19570,1
1506126368,22082690,1.17993,78.19570,1
1506126368,22082688,1.17993,78.19570,1
1506126368,22082685,1.17993,78.19570,1
1506126367,22082682,1.17993,78.19570,1
1506126367,22082681,1.17993,78.19570,1
1506126366,22082678,1.17993,22.75294,1
1506126365,22082673,1.17993,40.30000,1
1506126365,22082672,1.17993,15.14276,1
1506126364,22082669,1.17993,78.19570,1
1506126364,22082668,1.17993,78.19570,1
1506126364,22082667,1.17993,48.26921,1
1506126363,22082665,1.17994,6.24464,1
1506126333,22082648,1.17995,555.86199,1
1506126322,22082628,1.17995,31.17929,1
1506126319,22082627,1.17995,111.58000,1
1506126318,22082625,1.17995,111.58000,1
1506126316,22082624,1.17995,111.58000,1
1506126314,22082620,1.17995,17.08085,1
1506126313,22082618,1.17995,31.21875,1
1506126313,22082614,1.17995,29.91912,1
1506126272,22082583,1.17996,0.00001,1
1506126272,22082582,1.17996,125.04369,1
1506126271,22082581,1.17996,69.29999,1
1506126270,22082577,1.17996,251.06784,1
1506126268,22082573,1.17996,251.06784,1
1506126260,22082558,1.17996,124.03811,1
1506126259,22082555,1.17996,179.48252,1
1506126259,22082553,1.17996,1000.00000,1
1506126258,22082550,1.17997,6.33503,1
1506126258,22082547,1.17997,499.52773,1
1506126222,22082371,1.17997,342.93232,1
1506126217,22082366,1.17997,157.53995,1
1506126216,22082364,1.17997,60.14192,1
1506126216,22082361,1.17997,226.12949,1
1506126214,22082358,1.17997,304.53092,1
1506126214,22082357,1.17997,144.36129,1
1506126213,22082356,1.17997,132.15355,1
1506126212,22082354,1.17997,11.17830,1
1506126212,22082352,1.17997,115.83742,1
1506126211,22082351,1.17997,5.66711,1
1506126211,22082350,1.17998,6.39170,1
1506126211,22082349,1.17998,52.53372,1
1506126211,22082348,1.17998,136.07186,1
1506126210,22082347,1.17998,64.81000,1
1506126210,22082345,1.17998,64.81000,1
1506126210,22082344,1.17998,64.81000,1
1506126209,22082342,1.17998,64.42000,1
1506126209,22082341,1.17998,63.41000,1
1506126209,22082340,1.17998,63.41000,1
1506126208,22082339,1.17998,63.07000,1
1506126208,22082338,1.17998,62.25000,1
1506126207,22082337,1.17998,61.52000,1
1506126207,22082336,1.17998,61.23000,1
1506126207,22082335,1.17998,60.47000,1
1506126206,22082333,1.17998,18.73988,1
1506126185,22082314,1.17998,40.86454,1
1506126185,22082313,1.17998,19.13546,1
1506126090,22082250,1.17998,38.44454,1
1506126089,22082249,1.17998,0.09860,1
1506126089,22082247,1.17998,19.62140,1
1506126089,22082245,1.17998,980.28000,1
1506126088,22082243,1.17999,7.98757,1
1506126088,22082241,1.18000,490.53788,1
1506126087,22082240,1.18001,100.00000,1
1506126036,22082188,1.18001,46.99951,0
1506126035,22082187,1.18001,328.13338,0
1506126032,22082182,1.18001,204.15949,0
1506126030,22082176,1.18000,374.83051,1
1506125972,22082141,1.18000,134.63161,1
1506125972,22082140,1.18000,31.05839,1
1506125932,22082125,1.18000,374.83000,1
1506125925,22082122,1.18000,67.11161,1
1506125925,22082121,1.18000,1.82862,1
1506125925,22082119,1.18000,535.10976,1
1506125917,22082112,1.18000,11.83024,1
1506125916,22082110,1.18000,250.61000,1
1506125916,22082109,1.18000,94.43981,1
1506125915,22082107,1.18001,5.63995,1
1506125872,22082076,1.18000,106.18157,1
1506125872,22082075,1.18000,57.24510,1
1506125872,22082074,1.18009,5.63995,1
1506125806,22082031,1.18001,343.23000,1
1506125775,22081983,1.18001,93.44000,0
1506125773,22081978,1.18001,464.48909,1
1506125773,22081977,1.18001,17.29189,1
1506125773,22081976,1.18001,23.03933,1
1506125773,22081974,1.18003,6.98968,1
1506125632,22081856,1.18501,1474.76660,0
1506125337,22081766,1.18000,763.44919,1
1506125336,22081765,1.18001,210.00000,1
1506125336,22081764,1.18001,15.88687,1
1506125336,22081763,1.18001,11.91515,1
1506125336,22081762,1.18007,10.59512,1
1506125032,22081688,1.18458,334.60500,0
1506124959,22081670,1.18000,179.30571,1
1506124959,22081669,1.18000,6.77966,1
1506124959,22081668,1.18004,4000.00000,1
1506124959,22081667,1.18010,6.77909,1
1506124959,22081666,1.18020,6.77851,1
1506124959,22081665,1.18022,199.00641,1
1506124958,22081664,1.18025,0.32303,1
1506124958,22081663,1.18025,143.33059,1
1506124958,22081662,1.18025,174.87000,1
1506124957,22081661,1.18025,52.11000,1
1506124957,22081659,1.18025,80.12098,1
1506124957,22081658,1.18025,549.24540,1
1506124956,22081657,1.18030,6.77794,1
1506124956,22081656,1.18040,6.77736,1
1506124956,22081655,1.18046,0.00094,1
1506124956,22081654,1.18046,999.99906,1
1506124955,22081653,1.18050,6.77679,1
1506124955,22081652,1.18051,43.24000,1
1506124955,22081651,1.18060,6.77622,1
1506124955,22081650,1.18070,6.77564,1
1506124955,22081649,1.18090,6.77449,1
1506124955,22081648,1.18100,16146.25840,1
1506124934,22081642,1.18100,122.33613,1
