date,tid,price,amount,type
1506211257,22134796,41.22,6.35442800,1
1506210920,22134473,41.22,2.88000000,1
1506210562,22134325,41.19,3.98509600,1
1506210544,22134314,41.23,10.82450000,1
1506210498,22134281,41.22,29.95500100,1
1506210252,22134016,41.20,31.92000000,1
1506210245,22134009,41.20,0.86174118,1
1506210245,22134008,41.20,18.20016582,1
1506210236,22133997,41.23,89.93809200,1
1506210138,22133687,41.23,66.90000000,1
1506210136,22133684,41.23,8.35088300,1
1506210134,22133674,41.23,7.11215921,1
1506210134,22133673,41.24,2.15629779,1
1506210133,22133670,41.24,25.54590300,1
1506209879,22133344,41.38,0.31423865,0
1506209836,22133315,41.39,0.41493715,0
1506209808,22133295,41.39,0.46695958,0
1506209802,22133288,41.39,0.56933444,0
1506209797,22133287,41.39,0.61131260,0
1506209788,22133279,41.39,0.72933462,0
1506209783,22133275,41.40,0.87024690,0
1506209778,22133272,41.40,1.03838434,0
1506209772,22133262,41.40,1.23882951,0
1506209766,22133250,41.40,1.47821389,0
1506209763,22133247,41.40,1.76360283,0
1506209749,22133219,41.39,1.23300000,0
1506209738,22133214,41.40,1.49400000,0
1506209734,22133207,41.38,1.04050638,0
1506209734,22133206,41.37,1.26000000,0
1506209658,22133156,41.38,0.29341192,0
1506209653,22133151,41.39,2.64070721,0
1506209643,22133147,41.36,0.38560996,0
1506209638,22133143,41.36,3.47048963,0
1506209271,22132815,41.25,0.42774791,0
1506209266,22132814,41.25,3.84973118,0
1506209261,22132813,41.25,9.00000000,0
1506209226,22132789,41.26,0.90467097,0
1506207636,22132187,41.36,6.14390041,0
1506207635,22132186,41.35,20.64062879,1
1506207635,22132185,41.35,2.66408707,1
1506207634,22132184,41.35,60.00000000,0
1506207372,22132091,41.34,0.42670537,0
1506207192,22132007,41.06,4.55000000,1
1506207185,22132005,41.30,1.44915254,0
1506206970,22131943,41.27,17.00023000,0
1506205904,22131461,41.02,15.00000000,1
1506205031,22130870,41.02,20.71087276,1
1506204821,22130768,41.03,10.80916403,0
1506204820,22130766,41.02,14.99926865,1
1506204792,22130753,41.02,14.99926865,1
1506204784,22130744,41.02,14.99926865,1
1506204695,22130703,41.16,0.72885583,1
1506204693,22130697,41.16,4.35118500,0
1506204693,22130696,41.16,6.77937592,0
1506204162,22130405,40.96,0.20000000,0
1506204058,22130356,41.00,0.30000000,1
1506204058,22130355,41.00,10.00000000,1
1506204058,22130354,41.00,0.52000000,1
1506204018,22130325,41.02,7.79936617,1
1506204012,22130323,41.01,17.08101065,1
1506204011,22130320,41.01,49.70336300,1
1506204009,22130316,41.01,49.70167400,1
1506204006,22130311,41.01,52.06162421,1
1506204006,22130309,41.02,0.00079960,1
1506204005,22130306,41.02,6.13920040,1
1506203994,22130297,41.02,0.00062408,1
1506203992,22130292,41.02,6.77937592,1
1506203979,22130289,41.02,6.86640664,1
1506203966,22130285,41.02,8.21916139,1
1506203926,22130255,41.02,9.08000000,0
1506203914,22130252,41.02,0.20000000,0
1506203913,22130249,41.01,20.22741800,1
1506203913,22130248,41.02,10.03000000,1
1506203846,22130217,41.02,8.63173110,0
1506203845,22130212,41.01,3.47831791,1
1506203843,22130210,41.01,6.63008900,1
1506203833,22130203,41.02,9.98000000,0
1506203828,22130201,41.02,0.00074597,1
1506203820,22130197,41.02,11.02925403,1
1506203819,22130196,41.01,1.11650323,1
1506203819,22130194,41.02,0.00106777,1
1506203808,22130173,41.02,12.18893223,1
1506203797,22130171,41.02,0.00071184,1
1506203795,22130166,41.02,13.45928816,1
1506203781,22130161,41.02,14.87932716,1
1506203768,22130149,41.02,16.43929791,1
1506203755,22130145,41.02,18.16918577,1
1506203741,22130137,41.02,20.07000000,0
1506203730,22130132,41.02,0.00062408,1
1506203728,22130129,41.02,24.77937592,1
1506203724,22130125,41.02,24.77986350,1
1506203568,22130060,41.10,5.98948379,1
1506203523,22130035,41.10,6.63795621,1
1506203456,22129982,41.23,0.00001746,1
1506203402,22129927,41.23,4.99998254,1
1506203237,22129821,41.17,4.86325800,1
1506203088,22129770,41.17,0.13674190,0
1506202684,22129626,41.17,1.23067710,0
1506202679,22129622,41.18,0.20000000,0
1506202664,22129616,41.18,51.75934920,0
1506202660,22129610,41.17,15.01918873,1
1506202569,22129530,41.15,4.19514100,1
1506202276,22129436,41.15,4.71184300,1
1506202273,22129433,41.15,0.95000000,1
1506202252,22129430,41.15,9.25610600,1
1506201407,22129038,41.58,8.44000000,1
1506201406,22129037,41.51,1.00000000,0
1506201406,22129036,41.51,4.99000000,0
1506201405,22129035,41.38,7.57000000,0
1506201084,22128892,41.36,43.96261893,0
1506201079,22128882,41.35,15.56928658,1
1506201008,22128845,41.35,1.67706896,1
1506200994,22128840,41.37,3.91870900,0
1506200984,22128834,41.38,11.81549700,1
1506200965,22128825,41.38,7.54450300,1
1506200964,22128823,41.38,11.81549700,1
1506200948,22128808,41.39,30.49673835,1
1506200527,22128500,41.47,0.47269838,0
1506200524,22128499,41.47,1.04629852,0
1506200522,22128498,41.46,1.59977000,0
1506200492,22128490,41.52,10.00023000,0
1506200332,22128452,41.53,2.00023000,0
1506200265,22128428,41.44,5.00000000,1
1506199695,22128130,41.43,11.60000000,1
1506199693,22128129,41.77,17.34427471,0
1506199693,22128128,41.77,2.49556249,1
1506199693,22128127,41.75,0.13000000,0
1506199692,22128126,41.71,107.00000000,0
1506199692,22128125,41.70,1.46000000,0
1506199692,22128124,41.69,0.13000000,0
1506199691,22128123,41.62,0.13000000,0
1506199691,22128122,41.61,103.51131161,0
1506199689,22128121,41.60,7.31000000,0
1506199478,22128035,41.61,23.97260274,0
1506199370,22128000,41.59,0.95936523,0
1506199295,22127951,41.41,21.49493643,1
1506199181,22127903,41.61,55.56957462,0
1506199181,22127902,41.59,0.13000000,0
1506199179,22127901,41.56,4.65000000,0
1506198740,22127780,41.45,3.00000000,0
1506198728,22127777,41.49,0.13000000,0
1506198728,22127776,41.48,0.13000000,0
1506198728,22127775,41.45,17.25861189,0
1506198134,22127422,41.39,19.89705968,1
1506198134,22127419,41.39,0.13000000,0
1506197485,22126920,41.11,51.88000000,0
1506197106,22126614,41.12,3.04817518,1
1506197106,22126613,41.12,1.91182482,1
1506197106,22126612,41.12,2.74000000,1
1506197099,22126591,41.17,24.55004300,1
1506197096,22126583,41.17,2.09995700,1
1506196933,22126410,41.36,1.00023000,0
1506196849,22126369,41.26,9.21095090,1
1506196464,22125987,41.37,0.46362098,0
1506196463,22125985,41.30,0.13000000,0
1506196463,22125983,41.29,0.13000000,0
1506196437,22125949,41.27,46.92125031,0
1506196415,22125937,41.27,23.46000000,0
1506196401,22125933,41.27,8.02589800,1
1506196365,22125909,41.26,2.26902570,1
1506196362,22125908,41.27,25.92000000,0
1506196360,22125901,41.26,8.71182744,1
1506196357,22125890,41.26,79.80819596,0
1506196258,22125753,41.19,0.13000000,0
1506196258,22125752,41.18,51.98000000,0
1506196196,22125666,41.09,0.13000000,0
1506195729,22125270,41.01,1.00000000,1
1506195156,22124943,41.24,1.34251924,1
1506195156,22124942,41.19,0.13000000,0
1506195156,22124941,41.09,0.99254198,0
1506195155,22124940,41.07,0.54262680,0
1506195154,22124939,41.07,0.99254198,0
1506195120,22124921,41.02,7.21995400,1
1506195110,22124916,41.02,7.69298300,1
1506195074,22124904,41.03,7.68331300,1
1506194671,22124709,41.02,1.06976100,0
1506194665,22124701,41.02,2.68352866,1
1506194659,22124676,41.02,17.31647134,1
1506194659,22124675,41.09,0.99300566,1
1506194650,22124624,41.09,2.49000000,1
1506194342,22124436,41.09,0.13000000,0
1506193535,22124180,41.18,12.11146187,0
1506193398,22124102,41.07,37.44923303,0
1506192928,22123904,41.24,0.70829291,1
1506192928,22123902,41.19,0.13000000,0
1506192926,22123901,41.09,0.13000000,0
1506192894,22123889,41.24,4.57792449,1
1506192894,22123888,41.19,0.13000000,0
1506192892,22123886,41.09,0.13000000,0
1506192884,22123885,41.01,1.39400000,0
1506192292,22123664,41.07,2.00000000,0
1506191764,22123376,41.07,1.00000000,0
1506191674,22123345,41.18,4.00023000,0
1506191162,22123027,41.03,11.70000000,1
1506191141,22123023,41.25,2.28848484,0
1506191139,22123022,41.19,0.13000000,0
1506190971,22122963,41.25,4.87023000,0
1506190969,22122962,41.19,0.13000000,0
1506190948,22122957,41.24,11.83462657,1
1506190948,22122956,41.19,0.13000000,0
1506190946,22122955,41.09,0.13000000,0
1506189999,22122482,40.99,0.13000000,0
1506189969,22122460,40.94,3.00000000,1
1506189964,22122453,40.94,12.30200342,0
1506189952,22122445,40.94,2.90700000,0
1506189844,22122397,41.00,31.64170731,0
1506189705,22122292,41.05,0.38000000,0
1506189698,22122290,41.05,3.35700000,0
1506189697,22122289,41.05,5.00000000,1
1506189110,22121979,41.23,2.51804000,1
1506189107,22121978,41.23,3.68369000,1
1506189106,22121977,41.19,0.13000000,0
1506189106,22121976,41.17,0.13000000,0
1506189086,22121973,41.10,10.00000000,1
1506189086,22121972,41.10,9.87000000,1
1506188948,22121886,41.10,0.13000000,1
1506188759,22121726,41.09,0.13000000,0
1506188458,22121521,41.28,2.41666667,0
1506188417,22121504,41.28,15.95593548,0
1506188417,22121503,41.27,4.72000000,1
1506188417,22121502,41.24,2.40289902,0
1506188415,22121501,41.19,0.13000000,0
1506188329,22121447,41.15,3.00000000,1
1506187827,22121064,41.09,0.13000000,0
1506187770,22120995,41.05,0.13000000,0
1506187770,22120993,41.05,0.13000000,0
1506187764,22120977,41.03,0.13000000,0
1506187723,22120944,40.99,0.13000000,0
1506187586,22120866,41.15,11.73074119,1
1506187586,22120865,41.13,0.26000000,0
1506187584,22120864,41.09,0.13000000,0
1506187510,22120805,41.07,0.13000000,1
1506187508,22120798,41.07,0.13000000,0
1506187357,22120740,41.16,1.99096855,1
1506187355,22120739,41.09,0.00926145,0
1506187314,22120734,41.09,0.12073855,0
1506187314,22120733,41.09,0.00045882,0
1506187299,22120729,41.07,0.13045882,0
1506187256,22120710,41.08,4.46400000,1
1506187183,22120692,41.08,5.05800000,0
1506187018,22120637,41.09,8.03701965,1
1506187016,22120631,41.16,0.90000000,1
1506186939,22120607,41.09,9.06956800,1
1506186902,22120584,41.09,32.76300000,1
1506186778,22120535,41.09,0.13000000,0
1506186734,22120520,41.14,13.86970000,0
1506186734,22120519,41.09,0.13000000,0
1506186636,22120477,41.10,5.84176369,1
1506186636,22120476,41.11,7.36577531,1
1506186635,22120475,41.11,22.44283300,1
1506186585,22120456,41.10,0.13000000,1
1506186569,22120439,41.16,12.11734693,0
1506186470,22120409,41.13,3.03300000,1
1506186367,22120375,41.11,9.00000000,0
1506186367,22120374,41.11,22.90406135,0
1506186366,22120373,41.11,0.62543865,0
1506186365,22120372,41.14,16.18140000,0
1506186365,22120371,41.09,0.13000000,0
1506186342,22120367,40.92,12.13821035,1
1506186314,22120334,41.00,40.10600000,1
1506186314,22120333,41.00,9.80000000,1
1506186303,22120326,41.04,2.80607500,1
1506186290,22120320,41.15,0.13000000,0
1506186290,22120319,41.15,0.13000000,0
1506186067,22120189,40.98,10.02625800,1
1506186063,22120178,40.98,8.13067200,1
1506186061,22120171,40.98,10.03151500,1
1506186060,22120168,41.12,1.77213035,0
1506186059,22120167,41.09,0.13000000,0
1506186059,22120166,41.09,9.71608000,1
1506186059,22120165,41.07,0.13000000,0
1506186059,22120163,41.07,0.13000000,0
1506186057,22120159,41.05,0.26000000,0
1506186043,22120153,40.98,7.94323800,1
1506185947,22120085,41.09,0.13000000,0
1506185939,22120077,41.08,14.06000000,1
1506185898,22120050,41.08,0.20000000,0
1506185765,22119938,41.10,0.46812652,0
1506185765,22119937,41.09,0.13000000,0
1506185763,22119936,41.07,0.13000000,0
1506185327,22119705,40.99,0.13000000,0
1506185291,22119688,40.95,2.06122000,1
1506185168,22119628,40.97,0.13000000,0
1506184970,22119480,40.99,0.13000000,0
1506184963,22119477,40.97,0.13000000,0
1506184963,22119476,40.97,0.13000000,0
1506184958,22119474,40.95,0.13000000,1
1506184860,22119424,41.03,0.20789666,0
1506184823,22119412,41.03,17.94331711,0
1506184823,22119411,41.02,36.45568007,0
1506184819,22119408,40.97,1.36336900,1
1506184804,22119402,41.07,0.00019503,1
1506184788,22119394,41.07,2.86980497,1
1506184786,22119391,41.07,0.13000000,0
1506184745,22119342,41.00,1.73999976,1
1506184737,22119338,40.99,0.13000000,0
1506184716,22119333,40.97,0.13000000,1
1506184626,22119312,40.97,0.13000000,0
1506184621,22119308,40.92,0.13000000,1
1506184542,22119296,40.97,0.13000000,0
1506184542,22119295,40.97,0.13000000,0
1506184458,22119254,40.89,0.13000000,0
1506184420,22119231,40.87,0.13000000,0
1506184362,22119213,40.85,0.08000000,0
1506184161,22119110,40.85,0.72000000,0
1506184066,22119051,40.85,0.20000000,0
1506183953,22119001,40.79,1.00000000,0
1506183792,22118889,40.85,0.96891064,1
1506183790,22118887,40.79,0.13000000,0
1506183768,22118881,40.77,0.07000000,0
1506183768,22118880,40.77,0.13000000,0
1506183749,22118871,40.75,0.13000000,0
1506183479,22118723,40.86,0.20000000,1
1506183325,22118641,40.87,6.50645500,1
1506183321,22118637,40.87,2.49987767,1
1506183321,22118636,40.87,13.19366700,1
1506183319,22118630,40.86,3.67600100,1
1506183298,22118600,40.84,26.88183800,1
1506183262,22118499,40.83,15.60748900,1
1506183174,22118398,41.11,15.43455400,1
1506183174,22118397,41.09,0.13000000,0
1506183174,22118396,41.09,4.42127600,1
1506183172,22118394,40.99,0.13000000,0
1506182907,22118218,40.93,2.57830442,0
1506182892,22118210,40.93,9.00023000,0
1506182748,22118155,40.95,1.11443859,0
1506182743,22118152,40.96,9.00000000,0
1506182738,22118149,40.98,9.00000000,0
1506182732,22118146,40.98,0.26651700,0
1506182722,22118139,40.92,2.39865300,1
1506182717,22118129,40.92,1.88190088,0
1506182712,22118127,40.92,2.09109910,1
1506182705,22118121,40.93,0.20876900,1
1506182696,22118120,41.03,2.84706662,0
1506182696,22118119,40.99,0.13000000,0
1506182691,22118117,41.02,9.00000000,0
1506182686,22118116,41.05,3.55380622,0
1506182681,22118114,41.00,0.35926700,0
1506182677,22118112,41.00,3.23340300,0
1506182671,22118110,40.99,0.13000000,0
1506182671,22118109,40.99,0.09170000,0
1506182669,22118108,40.97,16.40860000,1
1506182660,22118106,40.89,0.13000000,0
1506182654,22118099,40.85,2.07121000,1
1506182638,22118088,40.98,1.31428171,0
1506182632,22118083,40.88,2.06847000,1
1506182613,22118071,40.99,0.82530000,0
1506182608,22118069,40.99,8.25300000,0
1506182603,22118066,40.99,8.87000000,0
1506182603,22118065,40.99,0.13000000,0
1506182561,22118048,40.89,0.13000000,0
1506182500,22118028,40.79,22.24830000,1
1506182229,22117895,40.98,70.00000000,0
1506182148,22117880,40.96,25.03000000,1
1506182128,22117878,40.89,0.13000000,0
1506181932,22117816,41.00,1.40710000,0
1506181932,22117815,40.99,0.13000000,0
1506181932,22117814,40.89,0.13000000,0
1506181900,22117761,40.79,0.13000000,0
1506181651,22117641,40.78,1.00000000,0
1506181008,22117367,40.66,21.00000000,1
1506180676,22117166,40.90,0.37150000,1
1506180661,22117144,40.91,25.40070000,1
1506180436,22117050,40.90,2.07050000,1
1506180345,22116910,41.00,5.00023000,0
1506180222,22116721,41.29,0.42351950,0
1506180222,22116720,41.29,0.13000000,0
1506180222,22116719,41.24,1.17318050,0
1506180221,22116718,41.19,0.13000000,0
1506180221,22116717,41.17,2.00000000,0
1506180221,22116716,41.15,3.18000000,0
1506180221,22116715,41.15,15.90000000,0
1506180219,22116710,41.09,0.13000000,0
1506179988,22116618,41.10,2.00000000,1
1506179943,22116588,41.22,1.19000000,1
1506179943,22116587,41.22,1.68000000,1
1506179942,22116586,41.19,0.13000000,0
1506179932,22116572,41.10,0.00210000,0
1506179896,22116561,41.15,3.00000000,1
1506179764,22116511,41.17,2.70937847,1
1506179764,22116510,41.16,0.12062153,0
1506179764,22116508,41.13,0.13000000,0
1506179764,22116507,41.11,0.13000000,0
1506179763,22116506,41.09,0.13000000,0
1506179763,22116505,41.07,0.13000000,0
1506179763,22116504,41.07,0.13000000,0
1506179763,22116503,41.05,0.13000000,0
1506179763,22116502,41.05,0.13000000,0
1506179763,22116501,41.03,0.13000000,0
1506179763,22116500,41.01,0.13000000,0
1506179717,22116467,40.99,0.13000000,0
1506179717,22116466,40.99,0.13000000,0
1506179712,22116465,40.98,0.13000000,1
1506179646,22116455,40.98,48.00000000,1
1506179617,22116438,40.98,12.56000000,1
1506179509,22116364,40.98,2.07440000,1
1506179503,22116361,40.98,0.13000000,1
1506179141,22116234,40.99,0.53525603,1
1506179141,22116233,41.03,1.53495397,1
1506179029,22116193,41.17,0.58602000,1
1506178934,22116119,41.17,2.06398000,1
1506178884,22116081,41.27,2.02738066,0
1506178824,22116042,41.26,2.83000000,0
1506178787,22116026,41.25,4.02508800,0
1506178786,22116024,41.25,1.53775200,0
1506178673,22115947,41.22,9.88015526,0
1506178673,22115944,41.19,0.13000000,0
1506178671,22115941,41.09,0.13000000,0
1506178092,22115748,41.09,50.08215493,0
1506178092,22115747,41.09,32.88000000,1
1506178090,22115746,41.28,0.11191860,0
1506178089,22115745,41.19,0.13000000,0
1506177967,22115686,41.09,0.13000000,0
1506177909,22115673,40.99,0.13000000,0
1506177765,22115613,40.98,0.20668619,0
1506177713,22115584,40.98,1.33064909,0
1506177711,22115583,40.89,0.13000000,0
1506177699,22115580,40.85,3.64869438,0
1506177689,22115577,40.84,45.50000000,0
1506177663,22115571,40.85,1.00000000,0
1506177544,22115516,40.79,0.13000000,0
1506177529,22115507,40.79,0.13000000,0
1506177254,22115441,40.77,6.71000000,0
1506177226,22115413,40.72,0.13000000,0
1506177220,22115404,40.72,10.19374606,0
1506177220,22115403,40.69,0.13000000,0
1506176796,22115217,40.87,1.00048936,0
1506176528,22115069,40.87,2.50000000,0
1506176398,22115018,41.00,0.54866770,0
1506176398,22115017,41.00,1.55108840,0
1506176281,22114951,40.97,9.70999500,0
1506176183,22114907,41.11,0.50000000,0
1506176104,22114875,41.10,0.50000000,0
1506176042,22114858,41.11,1.69837023,0
1506175948,22114818,41.14,0.12391000,0
1506175908,22114783,40.95,3.00000000,1
1506175838,22114740,41.30,10.24602681,0
1506175838,22114739,41.30,6.96322365,0
1506175837,22114738,41.30,19.11074954,0
1506175837,22114737,41.30,59.75925046,1
1506175837,22114736,41.30,2.97000000,1
1506175836,22114735,41.30,1.31074954,1
1506175836,22114733,41.30,14.83000000,1
1506175836,22114731,41.29,0.13000000,0
1506175835,22114730,41.28,3.00000000,0
1506175818,22114726,41.00,3.42208919,1
1506175810,22114720,41.00,34.00000000,1
1506175810,22114719,41.01,4.00000000,1
1506175731,22114695,41.14,0.50000000,1
1506175654,22114666,41.00,0.50000000,0
1506175633,22114660,41.00,11.70000000,0
1506175119,22114323,41.11,10.00191370,1
1506175105,22114319,41.25,1.00000000,0
1506174741,22114061,41.25,17.54397298,1
1506174686,22114041,41.37,0.50000000,1
1506174361,22113824,41.29,0.13000000,0
1506174317,22113797,41.28,6.20319800,0
1506174191,22113710,41.28,11.73451313,0
1506173850,22113431,41.25,7.25454545,0
1506173834,22113413,41.24,23.60956592,1
1506173832,22113411,41.19,0.13000000,0
1506173666,22113318,41.15,3.30885570,1
1506173666,22113316,41.13,19.79000000,0
1506173666,22113315,41.09,0.13000000,0
1506173664,22113313,40.99,0.13000000,0
1506173637,22113290,40.89,0.13000000,0
1506173603,22113253,40.98,0.08906783,0
1506173601,22113251,40.89,0.13000000,0
1506173596,22113232,40.84,19.43693900,0
1506173587,22113230,40.84,0.35306100,1
1506173586,22113228,40.84,19.64693900,0
1506173474,22113190,40.84,0.14306100,0
1506173367,22113148,40.79,0.13000000,0
1506173250,22113096,40.82,0.50000000,0
1506173190,22113065,40.81,0.50000000,0
1506173171,22113026,40.83,6.69305800,0
1506173157,22112983,40.67,1.00000000,1
1506172492,22112662,40.97,0.48441000,0
1506172181,22112318,40.63,9.00000000,1
1506172179,22112315,40.63,21.88966165,1
1506172179,22112314,40.64,1.22000000,1
1506172179,22112310,40.65,0.00000035,1
1506172179,22112309,40.65,19.78999965,1
1506172178,22112308,40.75,0.93017000,1
1506172178,22112307,40.90,0.00000035,1
1506172114,22112235,41.04,1.21515595,0
1506172069,22112197,40.90,10.51491200,1
1506172069,22112196,40.90,1.29143950,1
1506172069,22112195,40.90,18.62202300,1
1506172068,22112194,40.90,30.80657650,1
1506172057,22112185,40.90,2.47473000,1
1506172057,22112184,41.00,1.00000000,1
1506172056,22112183,41.00,2.00000000,1
1506172056,22112182,41.00,3.00000000,1
1506172030,22112147,41.10,0.58000000,1
1506171893,22111977,41.25,1.30011291,1
1506171892,22111975,41.25,3.63939300,1
1506171819,22111894,41.25,45.36049409,1
1506171819,22111893,41.26,29.65000000,1
1506171688,22111825,41.47,2.01175000,0
1506171641,22111784,41.26,8.89000000,1
1506171625,22111759,41.53,0.86612087,1
1506171625,22111758,41.49,0.13000000,0
1506171623,22111756,41.48,1.40765086,0
1506171246,22111573,41.29,1.80000000,1
1506171245,22111572,41.38,1.20000000,1
1506171026,22111434,41.48,13.21000000,1
1506171026,22111433,41.49,19.79000000,1
1506170656,22111288,41.88,1.74023000,0
1506170656,22111287,41.79,0.13000000,0
1506170654,22111286,41.69,0.13000000,0
1506170312,22111152,41.64,25.10084800,0
1506170312,22111151,41.64,18.70355000,0
1506170294,22111146,41.64,1.08645000,0
1506170083,22111015,41.59,0.13000000,0
1506170024,22110985,41.50,35.00000000,0
1506169813,22110821,41.55,9.21588447,0
1506169813,22110820,41.50,22.17022710,0
1506169812,22110819,41.49,0.13000000,0
1506169812,22110818,41.39,0.13000000,0
1506169812,22110817,41.38,14.48000000,0
1506169810,22110816,41.36,1.98448439,0
1506169788,22110802,41.38,0.50000000,0
1506169774,22110784,41.38,23.11115900,0
1506169655,22110662,41.46,5.87157210,0
1506169551,22110512,41.50,27.06939759,0
1506169534,22110488,41.50,0.76029000,0
1506169524,22110483,41.50,0.00008531,1
1506169513,22110479,41.50,3.80449300,0
1506169512,22110476,41.50,32.94106000,0
1506169509,22110471,41.50,13.25444700,0
1506169496,22110447,41.50,0.02685905,0
1506169495,22110444,41.50,7.22480336,0
1506169494,22110443,41.50,25.68939759,0
1506169477,22110421,41.50,8.05894000,1
1506169477,22110420,41.50,9.00000000,1
1506169458,22110410,41.50,50.00000000,0
1506169456,22110399,41.76,1.19420498,0
1506169373,22110364,41.59,0.50000000,0
1506169306,22110320,41.57,0.50000000,0
1506169268,22110310,41.48,5.00000000,0
1506169221,22110249,41.37,7.10000000,1
1506169220,22110248,41.38,1.00000000,1
1506169220,22110246,41.38,1.00000000,1
1506169220,22110245,41.40,1.00000000,1
1506169208,22110204,41.48,20.00000000,1
1506169208,22110201,41.50,1.00000000,1
1506169184,22110145,41.58,0.50000000,0
1506169151,22110111,41.58,10.10000000,0
1506169137,22110100,41.58,0.50000000,0
1506168965,22110001,41.58,45.15400000,1
1506168964,22110000,41.58,0.12097162,1
1506168935,22109976,41.76,3.47757164,0
1506168895,22109897,41.77,1.00000000,0
1506168830,22109776,41.88,12.13759400,1
1506168808,22109752,41.88,13.86240600,1
1506168806,22109749,41.88,4.00000000,1
1506168744,22109585,41.88,3.15423367,0
1506168744,22109584,41.88,13.65912000,1
1506168744,22109582,41.88,3.00804079,1
1506168744,22109577,41.87,4.00000000,1
1506168724,22109533,41.92,1.00000000,0
1506168695,22109401,41.62,1.44561563,0
1506168695,22109395,41.68,0.12068138,1
1506168673,22109281,41.70,28.50285714,0
1506168672,22109278,41.70,0.12062350,1
1506168672,22109276,41.76,1.50741952,1
1506168532,22109118,41.95,35.28049409,0
1506168532,22109117,41.94,13.84000000,0
1506168531,22109116,41.94,25.89000000,0
1506168519,22109096,41.93,11.89601717,0
1506168491,22109093,41.93,0.35797758,0
1506168489,22109091,41.92,18.68000000,0
1506168438,22109058,41.80,0.66420000,0
1506168436,22109055,41.81,38.24487200,1
1506168436,22109054,41.99,28.50285714,0
1506168299,22108914,41.99,11.99487700,1
1506168298,22108913,41.99,0.12000000,0
1506168298,22108912,41.89,0.12000000,0
1506168260,22108884,41.93,26.24999500,0
1506168240,22108821,41.85,0.14749962,0
1506168240,22108820,41.85,26.85250038,1
1506168237,22108816,41.91,59.10574200,0
1506168235,22108810,41.91,6.15216800,0
1506168199,22108760,41.98,5.22748928,0
1506168172,22108741,41.88,0.20000000,1
1506168170,22108737,41.89,0.12000000,0
1506168134,22108681,41.73,64.06755862,1
1506168132,22108675,41.76,56.73244138,0
1506168132,22108674,41.76,0.20000000,1
1506168116,22108632,41.92,50.00000000,0
1506168081,22108563,42.01,0.71221138,0
1506168028,22108454,41.90,1.45030908,0
1506168020,22108442,41.93,0.23777725,1
1506167993,22108376,41.72,3.50302419,1
1506167992,22108374,41.72,3.19181277,1
1506167992,22108370,41.76,0.12045019,1
1506167990,22108366,41.77,5.40681050,1
1506167990,22108363,41.77,1.26845498,1
1506167975,22108314,41.79,12.25130300,1
1506167975,22108312,41.79,2.00500037,1
1506167975,22108310,41.83,0.12024863,1
1506167974,22108305,41.84,3.42216500,1
1506167973,22108303,41.84,31.59403900,1
1506167971,22108294,41.84,1.55081600,1
1506167970,22108287,41.85,22.55592300,1
1506167967,22108266,41.86,89.69085500,1
1506167966,22108263,41.86,2.88202134,1
1506167966,22108262,41.86,5.12000000,1
1506167966,22108260,41.86,25.62000000,1
1506167966,22108259,42.00,83.70427766,1
1506167965,22108255,42.01,1.55081600,1
1506167951,22108190,42.00,28.39255400,1
1506167950,22108186,42.00,17.02260000,1
1506167948,22108183,42.00,39.39268600,1
1506167943,22108160,42.00,9.95417000,1
1506167942,22108157,42.00,20.02479700,1
1506167881,22107979,42.03,7.84930573,1
1506167864,22107948,42.01,3.31016663,1
1506167851,22107918,42.02,30.62993596,1
1506167850,22107915,42.02,4.73006404,1
1506167828,22107839,42.01,6.00000000,1
1506167825,22107804,41.98,1.50891534,0
1506167706,22107501,42.07,7.69740908,0
1506167706,22107500,42.06,0.13000000,0
1506167706,22107498,42.06,2.54000000,1
1506167706,22107497,42.03,0.13000000,0
1506167705,22107495,42.02,0.13000000,0
1506167705,22107494,42.02,12.70000000,1
1506167705,22107492,42.01,0.13000000,0
1506167704,22107490,42.00,0.13000000,0
1506167704,22107488,41.96,0.02000000,0
1506167703,22107485,41.89,0.12000000,0
1506167538,22107276,41.95,20.00000000,0
1506167536,22107272,41.85,19.75053740,1
1506167517,22107265,41.83,3.00000000,1
1506167517,22107264,41.95,0.50000000,0
1506167487,22107255,41.95,19.79000000,0
1506167474,22107244,41.95,0.50000000,0
1506167395,22107184,41.96,0.11000000,0
1506167395,22107183,41.94,0.13000000,0
1506167395,22107182,41.91,0.13000000,0
1506167393,22107181,41.88,0.13000000,0
1506167276,22107133,41.91,0.37000000,1
1506167276,22107132,41.91,0.13000000,0
1506167233,22107089,41.91,0.50000000,1
1506167131,22107017,41.95,0.50000000,0
1506167114,22106946,41.93,4.00023000,0
1506167091,22106920,41.92,0.50000000,0
1506167080,22106889,41.93,0.15000000,1
1506167034,22106868,41.94,0.37000000,0
1506167034,22106867,41.94,0.13000000,0
1506167025,22106861,41.91,0.15000000,0
1506166993,22106850,41.91,0.50000000,0
1506166928,22106831,41.89,0.50000000,1
1506166873,22106804,41.91,0.50000000,1
1506166754,22106685,41.84,0.50000000,1
1506166752,22106681,41.72,24.06756854,1
1506166744,22106674,41.80,14.76904800,0
1506166744,22106673,41.79,6.94800000,0
1506166744,22106671,41.79,1.66000000,1
1506166743,22106669,41.84,10.00000000,0
1506166742,22106667,41.79,29.41163100,1
1506166742,22106666,41.79,6.90932100,1
1506166742,22106665,41.80,1.66000000,1
1506166711,22106645,41.80,18.34000000,1
1506166647,22106581,41.79,12.01904800,1
1506166501,22106384,42.03,12.21008803,1
1506166501,22106383,42.00,12.00000000,0
1506166501,22106381,42.00,10.00000000,0
1506166500,22106380,42.00,10.00000000,0
1506166500,22106379,42.00,23.74447136,0
1506166500,22106378,41.99,2.71000000,0
1506166500,22106377,41.98,3.68000000,0
1506166500,22106376,41.97,0.12000000,0
1506166499,22106375,41.93,18.42000000,0
1506166499,22106373,41.89,0.12000000,0
1506166499,22106371,41.88,163.17900000,0
1506166499,22106370,41.86,15.10110279,0
1506166497,22106367,41.79,0.12000000,0
1506166455,22106343,41.77,4.70239690,0
1506166453,22106337,41.69,0.12000000,0
1506166453,22106336,41.69,0.37973418,0
1506166453,22106335,41.69,0.25946836,0
1506166435,22106319,41.69,0.12026582,0
1506166435,22106318,41.69,0.37973418,0
1506166428,22106315,41.65,11.35072100,0
1506166394,22106284,41.65,0.50000000,0
1506166392,22106283,41.65,0.72169000,0
1506166371,22106228,41.59,0.13000000,0
1506166371,22106227,41.55,6.18002284,0
1506166370,22106225,41.55,3.17702474,0
1506166369,22106220,41.55,1.00000000,0
1506166356,22106163,41.55,15.55400000,0
1506166352,22106135,41.53,0.50000000,0
1506166336,22106042,41.48,0.13000000,0
1506166312,22105945,41.47,0.50000000,0
1506166311,22105944,41.47,11.60000000,0
1506166219,22105901,41.53,0.37000000,0
1506166217,22105898,41.48,0.13000000,0
1506166057,22105802,41.39,0.07000000,0
1506166057,22105801,41.39,0.06000000,0
1506166056,22105799,41.38,0.44000000,0
1506166045,22105788,41.38,7.26000000,0
1506166009,22105775,41.45,30.08154403,0
1506166000,22105770,41.47,2.40535327,1
1506165992,22105768,41.48,9.60921600,1
1506165982,22105754,41.48,45.88008100,1
1506165982,22105753,41.48,25.93816700,1
1506165979,22105750,41.48,2.08677000,1
1506165935,22105741,41.53,0.37000000,0
1506165933,22105740,41.49,0.13000000,0
1506165906,22105735,41.48,2.63491000,1
1506165894,22105726,41.48,4.00000000,1
1506165892,22105725,41.48,9.85085600,1
1506165745,22105642,41.41,0.37000000,0
1506165743,22105640,41.39,0.13000000,0
1506165665,22105604,41.47,0.24000000,1
1506165665,22105603,41.39,0.13000000,0
1506165663,22105602,41.29,0.13000000,0
1506165629,22105591,41.19,0.13000000,0
1506165582,22105516,41.23,0.50000000,0
1506165574,22105494,41.22,1.94021600,0
1506165573,22105490,41.24,23.69756854,1
1506165569,22105489,41.01,1.88800000,1
1506165569,22105488,41.12,14.51200000,1
1506165567,22105484,41.12,11.99000000,1
1506165565,22105481,41.00,24.25255347,1
1506165564,22105477,41.11,27.67914279,0
1506165564,22105476,41.11,0.37000000,0
1506165564,22105474,41.12,17.49830374,0
1506165562,22105470,41.28,0.20000000,1
1506165544,22105448,41.35,0.37000000,1
1506165542,22105447,41.29,0.13000000,0
1506165522,22105430,41.37,6.00000000,0
1506165518,22105429,41.30,0.13000000,1
1506165504,22105410,41.29,0.13000000,0
1506165492,22105382,41.37,0.50000000,0
1506165490,22105381,41.29,0.13000000,0
1506165476,22105375,41.29,0.13000000,0
1506165467,22105372,41.37,0.21000000,0
1506165461,22105369,41.37,1.87200000,0
1506165421,22105332,41.47,55.96947866,0
1506165416,22105320,41.55,0.00000099,1
1506165415,22105319,41.55,6.17999901,1
1506165415,22105318,41.56,0.00005099,1
1506165412,22105307,41.56,30.90994901,1
1506165410,22105305,41.67,0.50000000,0
1506165398,22105293,41.69,7.25374847,1
1506165398,22105292,41.69,1.14369770,1
1506165398,22105291,41.68,1.60278383,1
1506165369,22105273,41.81,0.25000000,1
1506165369,22105272,41.79,0.13000000,0
1506165368,22105270,41.69,0.12000000,0
1506165287,22105191,41.77,0.50000000,0
1506164980,22105029,41.88,0.13000000,0
1506164980,22105028,41.79,0.12000000,0
1506164980,22105025,41.69,0.12000000,0
1506164978,22105022,41.59,0.13000000,0
1506164972,22104979,41.49,0.13000000,0
1506164949,22104927,41.42,0.52153352,0
1506164946,22104923,41.39,0.13000000,0
1506164881,22104867,41.42,0.37000000,0
1506164879,22104863,41.39,0.13000000,0
1506164872,22104837,41.30,1.70963700,1
1506164825,22104748,41.30,47.96004819,1
1506164795,22104714,41.49,0.37000000,0
1506164795,22104713,41.49,0.13000000,0
1506164722,22104645,41.48,1.21500000,0
1506164715,22104626,41.48,0.20000000,0
1506164713,22104622,41.48,0.50000000,0
1506164712,22104619,41.48,0.00009763,1
1506164710,22104610,41.48,18.73490237,1
1506164696,22104595,41.46,3.00000000,1
1506164695,22104594,41.30,33.29246974,1
1506164695,22104593,41.30,12.61126681,1
1506164695,22104592,41.45,19.79000000,1
1506164695,22104591,41.45,10.69000000,1
1506164633,22104494,41.63,19.23624868,1
1506164633,22104493,41.82,0.20000000,1
1506164632,22104489,41.63,18.33816328,1
1506164631,22104488,41.63,5.03706356,1
1506164631,22104487,41.64,12.67995244,1
1506164630,22104485,41.64,24.33004756,0
1506164629,22104481,41.64,12.68000000,0
1506164627,22104472,41.64,3.71333863,1
1506164625,22104469,41.83,0.22000000,0
1506164620,22104460,41.82,0.12264361,1
1506164620,22104459,41.82,0.12000000,1
1506164620,22104458,41.82,0.78019871,1
1506164620,22104455,41.82,0.40691760,1
1506164619,22104453,41.82,0.47824008,1
1506164597,22104419,41.88,0.50000000,0
1506164552,22104368,41.79,0.12000000,0
1506164484,22104290,41.98,1.92067555,0
1506164484,22104289,41.98,0.12000000,0
1506164430,22104222,41.99,0.94784472,0
1506164430,22104221,41.98,0.12000000,0
1506164428,22104219,41.89,0.12000000,0
1506164393,22104160,41.82,0.13000000,0
1506164312,22104046,41.82,14.00000000,1
1506164236,22104013,41.99,3.23708290,0
1506164236,22104012,41.98,0.12000000,0
1506164234,22104011,41.89,0.12000000,0
1506164194,22103962,42.00,6.25552864,0
1506164194,22103961,42.00,1.00000000,0
1506164193,22103960,42.00,8.73000000,1
1506164193,22103958,42.00,1.49955000,1
1506164193,22103957,41.99,0.12000000,0
1506164193,22103956,41.99,0.13000000,0
1506164193,22103955,41.99,0.13000000,0
1506164191,22103954,41.96,0.13000000,0
1506164165,22103878,41.95,9.51227652,0
1506164157,22103869,41.90,11.80635185,0
1506164150,22103863,41.90,18.62202300,0
1506164150,22103861,41.88,0.13000000,0
1506164141,22103847,41.79,0.13000000,0
1506164034,22103689,41.78,21.53000000,0
1506164034,22103688,41.69,0.12000000,0
1506163992,22103661,41.77,29.94903476,0
1506163992,22103660,41.69,0.11996524,0
1506163990,22103659,41.70,0.00003476,1
1506163952,22103630,41.72,6.00100000,0
1506163892,22103560,41.71,4.25997580,1
1506163874,22103540,41.83,3.01823000,1
1506163872,22103535,41.82,1.00023000,0
1506163833,22103493,41.86,0.11777101,0
1506163765,22103378,41.88,0.12010506,1
1506163764,22103373,41.71,33.98991826,1
1506163761,22103358,41.70,49.99996524,1
1506163752,22103345,41.81,2.26331849,1
1506163752,22103344,41.81,0.73668151,1
1506163747,22103333,41.61,0.32130691,1
1506163746,22103328,41.59,4.99991802,1
1506163746,22103327,41.59,0.09673902,1
1506163746,22103326,41.59,5.00000000,1
1506163746,22103325,41.60,0.12091346,1
1506163725,22103230,41.59,10.90999500,1
1506163724,22103228,41.60,6.83243000,1
1506163721,22103213,41.60,10.32608900,1
1506163703,22103208,41.90,33.28130650,0
1506163703,22103207,41.89,0.13000000,0
1506163703,22103206,41.89,0.13000000,0
1506163703,22103205,41.86,2.82000000,0
1506163703,22103204,41.80,5.00000000,0
1506163703,22103203,41.79,0.13000000,0
1506163703,22103201,41.76,0.13000000,0
1506163702,22103200,41.75,2.69000000,0
1506163702,22103199,41.68,0.13000000,0
1506163702,22103198,41.67,49.60869350,0
1506163702,22103197,41.66,51.48000000,0
1506163702,22103196,41.65,13.47000000,0
1506163690,22103186,41.64,1.00000000,0
1506163679,22103174,41.51,5.86000000,1
1506163675,22103170,41.51,2.99000000,1
1506163671,22103169,41.51,12.00000000,1
1506163656,22103165,41.67,0.39130650,0
1506163511,22103018,41.72,0.08000000,0
1506163511,22103017,41.69,0.13000000,0
1506163511,22103016,41.69,0.01000000,0
1506163510,22103015,41.66,2.78000000,0
1506163509,22103014,41.65,20.78276524,0
1506163490,22103001,41.66,0.50000000,0
1506163472,22102979,41.69,0.12000000,0
1506163472,22102978,41.68,2.88000000,0
1506163422,22102886,41.64,14.74549074,0
1506163422,22102885,41.61,33.23700000,0
1506163422,22102884,41.61,27.73200000,0
1506163421,22102882,41.61,0.50000000,0
1506163407,22102856,41.66,0.00000081,1
1506163407,22102855,41.66,0.18357000,1
1506163405,22102850,41.59,0.13000000,0
1506163405,22102849,41.54,0.13000000,0
1506163405,22102848,41.50,1.00000000,0
1506163405,22102847,41.50,1.42642919,0
1506163405,22102846,41.47,0.13000000,0
1506163383,22102819,41.48,0.37000000,0
1506163381,22102817,41.47,0.13000000,0
1506163377,22102811,41.48,1.56629701,0
1506163366,22102800,41.50,2.87000000,0
1506163366,22102799,41.49,0.13000000,0
1506163359,22102785,41.50,0.39130650,0
1506163226,22102642,41.50,3.00000000,0
1506163221,22102629,41.50,2.31226431,0
1506163221,22102628,41.49,0.13000000,0
1506163221,22102627,41.43,0.13000000,0
1506163221,22102625,41.41,0.29773569,0
1506163221,22102623,41.39,0.13000000,0
1506163219,22102621,41.30,1.47869226,1
1506163204,22102605,41.32,17.00000000,1
1506163165,22102580,41.32,2.87000000,1
1506163165,22102579,41.33,5.13000000,1
1506163161,22102574,41.32,2.07172000,1
1506163148,22102566,41.30,0.91900000,1
1506163131,22102551,41.30,1.49104093,1
1506162917,22102364,41.36,2.79000000,0
1506162917,22102363,41.29,0.21000000,0
1506162898,22102348,41.29,2.73600000,0
1506162898,22102347,41.29,0.13000000,0
1506162898,22102346,41.19,0.13000000,0
1506162731,22102193,41.41,0.29773569,1
1506162730,22102191,41.41,1.32258847,1
1506162729,22102190,41.41,0.05996380,1
1506162729,22102189,41.43,2.95003620,1
1506162729,22102188,41.39,0.13000000,0
1506162729,22102187,41.29,0.13000000,0
1506162729,22102186,41.29,0.92971204,0
1506162728,22102185,41.29,0.13000000,0
1506162728,22102184,41.26,2.79000000,0
1506162728,22102183,41.19,0.13000000,0
1506162727,22102182,41.18,0.13000000,0
1506162727,22102181,41.09,0.13000000,0
1506162727,22102179,41.05,0.13000000,0
1506162725,22102176,41.00,4.27000000,0
1506162725,22102174,41.00,1.00000000,0
1506162725,22102172,41.00,0.46261590,0
1506162698,22102131,41.00,4.49042600,0
1506162670,22102115,41.00,5.04695810,0
1506162670,22102114,40.99,0.13000000,0
1506162670,22102112,40.98,0.55565790,0
1506162644,22102083,40.89,0.13000000,0
1506162644,22102080,40.87,0.13000000,0
1506162644,22102079,40.87,0.13000000,0
1506162638,22102077,40.85,0.13000000,0
1506162638,22102076,40.85,0.13000000,0
1506162613,22102060,40.75,3.53383000,0
1506162613,22102058,40.75,0.59617000,0
1506162611,22102057,40.75,5.00000000,1
1506162611,22102056,40.79,0.87000000,1
1506162607,22102054,40.79,0.13000000,0
1506162576,22102024,40.83,0.13000000,0
1506162576,22102023,40.81,0.13000000,0
1506162576,22102022,40.79,0.13000000,0
1506162517,22101969,40.75,0.02196000,1
1506162515,22101968,40.79,0.67804000,1
1506162466,22101956,40.79,0.13000000,1
1506162243,22101778,40.79,1.43196000,1
1506162182,22101723,40.79,0.13000000,0
1506162182,22101722,40.77,0.13000000,0
1506162029,22101588,40.78,0.41963218,0
1506162013,22101554,40.78,0.21000000,0
1506161897,22101447,40.98,0.69000000,1
1506161897,22101446,40.89,0.13000000,0
1506161895,22101445,40.79,0.13000000,0
1506161603,22101288,40.99,0.50000000,1
1506161599,22101287,40.87,45.43506800,1
1506161599,22101286,40.87,2.06478213,1
1506161599,22101285,41.00,37.24322387,1
1506161599,22101284,41.00,78.00000000,1
1506161598,22101283,40.99,0.13000000,0
1506161598,22101282,40.96,0.13000000,0
1506161598,22101281,40.90,2.65000000,0
1506161597,22101280,40.87,14.10000000,0
1506161597,22101279,40.86,2.82000000,0
1506161597,22101278,40.85,33.60000000,0
1506161595,22101277,40.80,6.29968717,0
1506161501,22101204,40.49,0.25144291,1
1506161199,22100975,40.77,20.62521462,0
1506161197,22100973,40.77,0.50000000,0
1506161065,22100729,40.73,0.27729900,0
1506160888,22100494,40.59,2.80455400,0
1506160882,22100485,40.60,6.77424100,0
1506160764,22100365,40.56,7.37470100,0
1506160764,22100363,40.56,7.83236500,0
1506160687,22100292,40.59,50.00000000,1
1506160464,22100183,40.64,20.48511400,0
1506160356,22100097,40.65,50.00000000,1
1506160346,22100094,40.66,41.84000000,1
1506160330,22100090,40.89,62.68179505,0
1506160330,22100089,40.89,0.13000000,0
1506160330,22100088,40.89,0.13000000,0
1506160330,22100086,40.88,2.83000000,0
1506160329,22100085,40.87,3.43000000,0
1506160329,22100084,40.80,84.36331798,0
1506160329,22100083,40.79,17.17000000,0
1506160329,22100082,40.79,0.13000000,0
1506160327,22100079,40.69,0.13000000,0
1506160271,22100048,40.63,0.00039719,1
1506160270,22100042,40.64,14.59180202,0
1506160269,22100040,40.64,27.70220079,0
1506160269,22100039,40.64,12.07000000,1
1506159772,22099804,40.50,2.30000000,0
1506159770,22099803,40.50,0.20000000,0
1506159720,22099772,40.39,3.00000000,1
1506159718,22099769,40.50,1.00000000,1
1506159710,22099764,40.66,4.00023000,0
1506159291,22099551,40.65,15.34000000,0
1506159291,22099550,40.59,0.13000000,0
1506159289,22099548,40.49,0.13000000,0
1506159175,22099500,40.41,7.46701291,1
1506159078,22099437,40.41,2.08546000,1
1506158901,22099273,40.39,0.13000000,0
1506158860,22099233,40.38,1.23501734,0
1506158715,22099203,40.38,12.00023000,0
1506158693,22099186,40.38,0.84213723,0
1506158655,22099174,40.38,0.84213723,0
1506158649,22099172,40.38,0.22000000,0
1506158544,22099147,40.40,1.84100000,1
1506158542,22099146,40.40,0.13000000,1
1506158534,22099143,40.39,8.29137235,1
1506158532,22099141,40.46,0.50000000,0
1506158531,22099140,40.39,0.13000000,0
1506158501,22099131,40.47,0.90000000,0
1506158496,22099129,40.52,9.00000000,0
1506158489,22099128,40.49,70.00000000,1
1506158489,22099127,40.50,38.91000000,1
1506158448,22099074,40.64,4.82081440,0
1506158171,22098889,40.72,11.95570453,0
1506158168,22098885,40.57,10.23157286,1
1506158055,22098831,40.82,1.24887000,1
1506158055,22098830,40.82,0.13000000,0
1506158054,22098829,40.79,0.13000000,0
1506157666,22098688,40.72,6.89129900,1
1506157666,22098687,40.73,18.91000000,1
1506157661,22098684,40.73,19.79000000,0
1506157650,22098682,40.72,12.98187400,1
1506157620,22098675,40.69,0.13000000,0
1506157440,22098557,40.73,14.59030000,0
1506157440,22098556,40.69,0.13000000,0
1506157271,22098508,40.76,15.00023000,0
1506157127,22098478,40.75,10.03705521,0
1506156735,22098273,40.81,2.92031123,0
1506156735,22098272,40.79,0.13000000,0
1506156734,22098271,40.76,0.13000000,0
1506156734,22098270,40.69,0.13000000,0
1506156734,22098269,40.64,19.25978823,0
1506156732,22098266,40.59,0.13000000,0
1506156665,22098233,40.58,0.60000000,1
1506156542,22098106,40.57,19.29852700,1
1506156535,22098094,40.67,6.00000000,0
1506156525,22098075,40.57,20.46830300,1
1506156525,22098074,40.61,37.77000000,1
1506156523,22098073,40.57,0.00159714,1
1506156523,22098072,40.60,2.29461286,1
1506156523,22098071,40.60,35.48538714,1
1506156523,22098070,40.60,50.00000000,1
1506156523,22098069,40.62,2.29461286,1
1506156522,22098068,40.62,5.94369000,1
1506156344,22097960,40.67,10.00000000,0
1506156340,22097958,40.62,1.35745914,1
1506156318,22097936,40.62,7.80889100,1
1506156316,22097934,40.73,10.25483556,0
1506156316,22097933,40.73,13.22000000,0
1506156316,22097932,40.69,0.13000000,0
1506156315,22097930,40.67,0.13000000,0
1506156294,22097917,40.62,19.95534700,1
1506156292,22097902,40.62,12.64000000,0
1506155968,22097726,40.62,3.29360126,0
1506155968,22097725,40.60,11.00298300,0
1506155967,22097724,40.59,0.13000000,0
1506155842,22097698,40.54,24.60532807,0
1506155659,22097609,40.23,0.40000000,1
1506155566,22097549,40.53,4.65111700,0
1506155115,22097303,40.58,7.02731240,1
1506155114,22097302,40.58,0.13000000,0
1506154856,22097178,40.50,1.17318050,1
1506154784,22097111,40.53,7.02294596,1
1506154783,22097109,40.49,0.13000000,0
1506154783,22097107,40.49,0.13000000,0
1506154783,22097106,40.42,0.13000000,0
1506154783,22097105,40.39,0.13000000,0
1506154782,22097102,40.33,0.13000000,0
1506154782,22097101,40.30,7.00765071,0
1506154780,22097099,40.29,0.13000000,0
1506154560,22096824,40.16,4.73392000,1
1506154433,22096742,40.11,0.02070000,0
1506154430,22096741,40.10,1.00000000,0
1506154427,22096733,40.15,29.64000000,1
1506154417,22096727,40.15,41.63970000,1
1506154415,22096726,40.19,4.22941146,0
1506154411,22096725,40.18,0.13000000,0
1506154411,22096724,40.14,73.98778240,0
1506154411,22096723,40.12,3.09557528,0
1506154406,22096721,40.09,0.13000000,0
1506154405,22096720,40.07,0.13000000,0
1506154206,22096557,40.03,19.87284538,1
1506154204,22096554,40.03,1.92580565,1
1506154200,22096546,40.04,21.67382100,0
1506154106,22096524,39.99,0.13000000,0
1506154050,22096515,39.89,0.13000000,0
1506153625,22096312,39.84,1.25144291,0
1506153532,22096260,39.89,3.08000000,1
1506153531,22096259,39.88,17.02000000,0
1506153530,22096256,39.87,20.10000000,0
1506153502,22096218,39.92,0.20000000,0
1506153425,22096191,39.92,51.16273890,1
1506153422,22096188,39.92,20.74000000,1
1506153414,22096184,39.94,51.73000000,1
1506153414,22096183,39.95,33.68000000,1
1506153015,22095998,40.21,4.69934607,0
1506153013,22095997,40.19,0.13000000,0
1506152394,22095812,40.21,1.05422242,0
1506152393,22095810,40.19,0.13000000,0
1506151858,22095708,40.15,11.65628891,0
1506151856,22095707,40.09,0.76814679,0
1506151576,22095637,39.93,11.99900000,1
1506151313,22095564,40.10,14.70999427,0
1506151312,22095561,40.10,5.38802993,0
1506151235,22095529,40.10,14.71197007,0
1506151233,22095528,40.09,8.20522933,0
1506151207,22095498,40.12,2.28489000,0
1506151201,22095491,40.00,2.00000000,1
1506151109,22095422,40.14,0.20000000,0
1506151027,22095366,40.15,5.00000000,0
1506150901,22095333,40.16,1.00000000,0
1506150270,22095152,40.24,0.87000000,0
1506150268,22095151,40.19,0.13000000,0
1506150175,22095134,40.20,9.00000000,0
1506150171,22095133,40.20,9.00000000,0
1506150124,22095106,40.20,50.00000000,0
1506150088,22095093,40.20,2.10320000,0
1506150046,22095077,40.19,8.87000000,0
1506150046,22095076,40.19,0.13000000,0
1506150011,22095065,40.24,9.00000000,0
1506149977,22095046,40.20,0.57600000,0
1506149932,22095039,40.19,0.13000000,0
1506149931,22095038,40.18,2.43900000,1
1506149850,22095021,40.19,0.13000000,0
1506149830,22095017,40.19,0.11000000,0
1506149550,22094945,40.19,0.02000000,1
1506149541,22094944,40.19,0.13000000,0
1506149307,22094894,40.15,0.90000000,0
1506149290,22094889,40.15,6.30000000,1
1506149269,22094884,40.18,9.00000000,0
1506149252,22094865,40.18,9.00000000,0
1506149123,22094831,40.31,12.37658149,0
1506149060,22094815,40.34,2.34283589,0
1506149058,22094783,40.29,0.13000000,0
1506148765,22094623,40.24,9.78552568,0
1506148763,22094622,40.19,0.13000000,0
1506148699,22094597,40.14,8.08298800,1
1506148657,22094585,40.18,2.19830000,0
1506148639,22094572,40.07,2.24000000,1
1506148633,22094550,40.08,11.47000000,1
1506148618,22094519,40.19,4.37000000,0
1506148618,22094518,40.19,0.13000000,0
1506148604,22094471,40.08,9.32309500,1
1506148569,22094370,40.15,6.56779200,1
1506148465,22094162,40.25,0.90000000,0
1506148355,22094062,40.28,9.00000000,0
1506148333,22094045,40.28,1.80000000,0
1506148308,22094032,40.28,9.00000000,0
1506148045,22093944,40.20,0.13000000,1
1506147968,22093807,40.21,4.25777000,1
1506147967,22093806,40.21,24.37000000,1
1506147348,22093235,40.19,0.13000000,0
1506145833,22092661,40.06,8.88527809,0
1506145833,22092660,40.00,0.60000000,0
1506145589,22092542,39.99,14.86900000,0
1506145519,22092458,39.79,70.61273300,1
1506145519,22092454,39.80,29.83000000,1
1506145471,22092212,39.80,7.57948100,1
1506145471,22092210,39.80,7.65486200,1
1506145470,22092208,39.81,0.20000000,1
1506145466,22092176,39.82,7.19249600,1
1506145465,22092172,39.82,3.03000000,1
1506145458,22092119,39.94,2.73735603,1
1506145454,22092087,39.94,37.17901852,0
1506145229,22091636,39.88,24.18087998,0
1506145229,22091630,39.76,10.71712600,1
1506145229,22091628,39.76,30.00000000,1
1506145228,22091626,39.76,9.56097500,1
1506145228,22091624,39.76,30.00000000,1
1506145228,22091620,39.76,22.01509200,1
1506145228,22091618,39.76,0.15580098,1
1506145228,22091616,39.81,9.32689502,1
1506145227,22091614,39.81,48.65149400,1
1506145227,22091612,39.81,20.43902500,1
1506145226,22091606,39.81,30.70000000,1
1506145226,22091605,39.81,3.88258598,1
1506145226,22091603,39.86,2.00512402,1
1506145225,22091589,39.86,20.42000000,1
1506145225,22091587,39.86,8.94636600,1
1506145225,22091585,39.86,45.64037600,1
1506145224,22091578,39.86,10.06000000,1
1506145224,22091577,39.86,31.92813398,1
1506145223,22091574,39.87,0.41000000,1
1506145223,22091571,39.88,21.49093302,1
1506145223,22091569,39.88,2.69000000,1
1506144832,22091339,40.22,0.20000000,1
1506144714,22091289,40.34,0.20000000,0
1506144710,22091283,40.36,0.17080112,1
1506144701,22091277,40.36,0.70219888,1
1506144019,22090961,40.43,0.56026000,1
1506144016,22090958,40.43,5.10778600,1
1506143993,22090918,40.42,7.47219177,0
1506143992,22090914,40.43,0.00009522,1
1506143992,22090909,40.43,20.09990478,1
1506143991,22090908,40.44,19.88991123,1
1506143653,22090768,40.78,39.20638750,0
1506143653,22090767,40.78,7.00000000,1
1506143652,22090766,40.69,0.13000000,0
1506143652,22090764,40.62,2.68000000,0
1506143652,22090763,40.59,0.13000000,0
1506143651,22090762,40.52,0.13000000,1
1506143650,22090761,40.52,13.39000000,0
1506143590,22090745,40.52,17.91220700,0
1506143555,22090742,40.52,10.23420533,0
1506143554,22090741,40.49,0.13000000,0
1506143324,22090699,40.44,3.94683482,1
1506142708,22089970,40.44,0.00003808,1
1506142708,22089969,40.44,0.24650000,1
1506141873,22089720,40.44,0.12416687,0
1506141821,22089664,40.44,0.24653808,1
1506140757,22089243,40.30,6.85000000,1
1506140757,22089242,40.30,34.25000000,1
1506140757,22089241,40.31,2.67922657,1
1506140645,22089090,40.34,19.98000000,0
1506140618,22088999,40.34,0.12000000,1
1506140617,22088997,40.34,15.78000000,0
1506140617,22088996,40.34,20.10000000,0
1506140595,22088910,40.12,6.95174324,0
1506140590,22088885,40.12,7.43706400,0
1506140529,22088570,39.98,1.23023800,0
1506137407,22087668,39.78,1.72872520,0
1506137156,22087604,39.74,15.00000000,1
1506137116,22087589,39.79,2.74000000,1
1506137105,22087586,39.85,0.27597221,1
1506137034,22087572,39.85,6.55678900,1
1506135266,22086902,39.91,51.51000000,1
1506135266,22086901,39.91,15.00000000,1
1506135250,22086867,39.87,5.39273890,0
1506135250,22086865,39.84,0.45000000,0
1506135247,22086863,39.84,15.00000000,0
1506135240,22086859,39.85,2.85000000,0
1506135230,22086854,39.86,2.48385000,0
1506134748,22086735,39.84,1.00000000,0
1506134504,22086624,39.75,18.73000000,0
1506134496,22086609,39.73,10.31000000,1
1506134495,22086608,39.73,5.15716449,1
1506134493,22086606,39.72,5.15720000,0
1506134493,22086605,39.72,5.15720000,0
1506134481,22086603,39.74,15.00000000,0
1506133718,22086421,39.63,16.54346957,1
1506133718,22086420,39.63,1.72826500,1
1506133718,22086419,39.63,1.72826500,1
1506133718,22086418,39.63,3.99925300,1
1506133713,22086417,39.63,3.87000000,0
1506133689,22086416,39.61,6.09502543,0
1506133667,22086411,39.58,9.34290300,1
1506133635,22086397,39.64,4.22281900,1
1506133616,22086390,39.65,35.62989500,1
1506133045,22086245,39.82,15.00000000,1
1506133029,22086242,39.80,32.53000000,1
1506133018,22086239,39.78,2.29000000,0
1506133018,22086238,39.77,14.57000000,0
1506133017,22086237,39.78,14.57000000,0
1506132755,22086214,39.85,20.86104840,0
1506132290,22085977,39.55,9.39504600,0
1506132289,22085971,39.55,9.82809000,1
1506132289,22085968,39.55,4.56547500,1
1506132288,22085966,39.55,1.96643500,1
1506132288,22085965,39.55,15.00000000,1
1506132285,22085936,39.56,2.89000000,1
1506132285,22085930,39.56,2.71495400,1
1506131863,22085770,39.71,2.14152606,0
1506131645,22085729,39.60,0.00000036,0
1506131574,22085696,39.60,48.50445334,0
1506131573,22085695,39.62,2.54554630,1
1506131131,22085630,39.44,2.27615176,1
1506131123,22085629,39.41,2.29653054,1
1506131108,22085622,39.37,2.31441167,1
1506130850,22085547,39.60,2.88995400,1
1506130848,22085542,39.54,23.02688400,1
1506130848,22085541,39.55,15.00000000,1
1506130342,22085380,39.54,1.36250948,0
1506130342,22085379,39.53,1.63749052,0
1506130336,22085378,39.54,3.00000000,0
1506130330,22085372,39.54,1.20510900,0
1506130330,22085370,39.54,1.79489100,0
1506130323,22085358,39.54,3.00000000,0
1506130318,22085355,39.54,3.00000000,0
1506130312,22085351,39.54,1.53002305,0
1506130312,22085350,39.54,1.46997695,0
1506130306,22085347,39.54,3.00000000,0
1506130300,22085345,39.54,3.00000000,0
1506130292,22085338,39.55,3.00000000,0
1506130286,22085335,39.58,3.00000000,0
1506130278,22085329,39.63,3.00000000,0
1506130272,22085328,39.66,3.00000000,0
1506129719,22085160,39.45,1.79896775,0
1506129525,22085082,39.46,0.20000000,0
1506129519,22085081,39.46,0.47000000,0
1506129507,22085073,39.47,6.05000000,1
1506129499,22085065,39.49,6.05002478,0
1506129499,22085063,39.49,30.90008892,1
1506129499,22085061,39.49,6.04991108,1
1506129487,22085049,39.50,22.02013292,0
1506128961,22084769,39.76,17.40804150,1
1506128959,22084765,39.76,24.58185238,1
1506128886,22084672,39.99,0.28132033,0
1506128886,22084671,39.98,6.62000000,0
1506128886,22084670,39.98,9.05000000,0
1506128885,22084668,39.97,6.21429936,1
1506128885,22084664,39.97,27.74800000,0
1506128789,22084474,39.65,14.99987239,1
1506128787,22084461,39.92,0.20000000,1
1506128759,22084436,40.03,3.00000000,0
1506128750,22084424,40.05,3.00000000,0
1506128743,22084417,40.09,3.00000000,0
1506128736,22084404,40.09,3.00000000,0
1506128730,22084394,40.09,3.00000000,0
1506128727,22084386,39.98,14.99982442,1
1506128707,22084356,40.11,2.99998958,0
1506128706,22084355,40.09,0.00001042,0
1506128703,22084352,40.09,7.79998958,0
1506128703,22084351,40.03,6.58011042,0
1506128698,22084335,40.10,41.90021963,1
1506128698,22084334,40.10,6.40978037,1
1506128697,22084328,39.94,2.63994142,1
1506128696,22084326,39.94,15.00000000,1
1506128689,22084311,40.11,12.00000000,1
1506128686,22084291,40.11,0.00983826,1
1506128686,22084289,40.12,14.02056174,1
1506128681,22084249,40.12,0.30715322,1
1506128681,22084248,40.20,0.07116458,1
1506128679,22084239,40.20,0.63883542,1
1506128679,22084237,40.18,2.29000000,0
1506128677,22084229,40.12,0.29396724,1
1506128677,22084228,40.15,4.20603276,1
1506128676,22084224,40.15,0.37831780,1
1506128675,22084216,40.16,4.12591550,1
1506128672,22084197,40.15,11.45000000,1
1506128672,22084194,40.17,3.00000000,0
1506128671,22084184,40.16,0.37831780,1
1506128670,22084179,40.15,9.00000000,1
1506128670,22084178,40.15,0.57704944,1
1506128669,22084170,40.15,12.00000000,1
1506128667,22084159,40.12,0.37831780,1
1506128666,22084153,40.13,3.00000600,1
1506128666,22084148,40.13,12.60787400,0
1506128666,22084145,40.13,6.68072900,0
1506128666,22084144,40.13,8.39361600,0
1506128666,22084143,40.13,6.92917500,0
1506128665,22084136,40.13,3.00000000,0
1506128664,22084129,40.11,1.57149671,1
1506128664,22084128,40.12,13.04992059,1
1506128662,22084115,40.12,1.17847941,1
1506128662,22084110,40.12,12.99152059,1
1506128661,22084104,40.12,1.88727941,1
1506128661,22084102,40.13,0.24622059,1
1506128660,22084096,40.13,10.33177941,1
1506128660,22084092,40.13,10.57800000,1
1506128660,22084089,40.13,10.57800000,1
1506128660,22084083,40.13,7.32321785,1
1506128659,22084079,40.13,5.19899800,1
1506128659,22084076,40.13,1.70618415,1
1506128658,22084065,40.13,6.30811985,1
1506128658,22084063,40.13,0.83569600,1
1506128658,22084061,40.14,0.16430400,1
1506128658,22084058,40.14,13.88569600,1
1506128657,22084051,40.18,3.00000000,0
1506128657,22084046,40.13,7.08458415,1
1506128657,22084044,40.13,13.03122185,1
1506128656,22084038,40.13,1.19717815,1
1506128656,22084033,40.13,13.68162185,1
1506128656,22084029,40.13,1.19717815,1
1506128656,22084024,40.13,0.93629185,1
1506128655,22084022,40.13,13.94250815,1
1506128655,22084018,40.13,0.32520000,1
1506128654,22084013,40.14,0.32520000,1
1506128654,22084007,40.16,4.12220200,1
1506128653,22084000,40.16,0.66859305,1
1506128652,22083996,40.15,1.17747828,0
1506128652,22083987,40.15,2.64189757,1
1506128650,22083973,40.15,0.87804000,1
1506128650,22083970,40.15,0.29940957,1
1506128649,22083965,40.14,0.60265824,0
1506128649,22083962,40.08,10.57799462,0
1506128648,22083957,40.08,0.32520000,0
1506128648,22083956,40.08,0.32520000,0
1506128648,22083954,40.08,3.00000000,0
1506128647,22083946,40.08,0.32520000,0
1506128647,22083944,40.08,0.32520000,0
1506128647,22083939,40.14,0.32520000,1
1506128647,22083938,40.14,0.32520000,1
1506128646,22083936,40.14,0.32520000,1
1506128646,22083934,40.15,0.32520000,1
1506128646,22083933,40.16,0.32520000,1
1506128646,22083931,40.16,0.32520000,1
1506128646,22083929,40.16,0.00000538,1
1506128645,22083917,40.08,0.32519462,0
1506128640,22083895,40.16,7.05534886,1
1506128640,22083894,40.16,35.90195114,1
1506128640,22083893,40.16,37.03346786,1
1506128640,22083891,40.16,5.92383214,1
1506128640,22083889,40.16,27.89610624,1
1506128639,22083884,40.16,15.06119376,1
1506128639,22083883,40.16,21.49093057,1
1506128639,22083881,40.17,0.76541267,1
1506128639,22083880,40.17,14.23458733,1
1506128639,22083878,40.17,10.48712967,1
1506128638,22083875,40.17,10.97927033,1
1506128637,22083867,40.18,3.00000000,0
1506128635,22083862,40.15,21.46636943,0
1506128634,22083860,40.15,0.02456359,0
1506128634,22083859,40.10,2.65010100,0
1506128634,22083857,40.08,18.81623541,0
1506128633,22083850,40.08,0.47376459,0
1506128633,22083849,40.08,14.52623541,0
1506128631,22083838,39.97,6.78000000,1
1506128631,22083836,39.98,22.40568685,1
1506128630,22083830,40.09,22.40552108,0
1506128629,22083824,40.03,2.13763000,0
1506128627,22083816,40.09,19.28860275,1
1506128626,22083814,40.10,0.30749482,1
1506128621,22083774,40.09,14.52139725,1
1506128592,22083661,40.11,5.50000000,1
1506128591,22083656,40.10,6.52373700,0
1506128590,22083651,40.10,1.13000000,0
1506127196,22083009,40.38,12.03710000,1
1506127196,22083008,40.38,1.13290000,0
1506127195,22083007,40.38,15.28710000,0
1506127182,22083003,40.38,16.99293300,0
1506127022,22082953,40.30,11.31275900,0
1506127016,22082952,40.29,6.44824500,1
1506126967,22082917,40.21,8.53450334,0
1506126966,22082916,40.21,3.38751827,0
1506126965,22082913,40.21,2.54556000,0
1506126942,22082907,40.09,19.62000000,1
1506126934,22082906,40.12,2.17576900,0
1506126931,22082904,40.13,2.54423124,0
1506126839,22082868,39.53,19.61787896,0
1506126839,22082867,39.92,19.57212104,1
1506126839,22082866,39.93,8.09000000,0
1506126838,22082865,40.01,40.39000000,0
1506126837,22082864,40.01,15.00000000,1
1506126661,22082836,40.08,16.32010954,1
1506126592,22082822,40.16,3.06402953,0
1506126592,22082821,40.15,1.10901047,0
1506126561,22082813,40.01,13.57992344,0
1506126560,22082812,40.01,1.16016773,0
1506126560,22082811,40.01,19.38988777,0
1506126560,22082810,40.01,0.00011223,0
1506126555,22082807,39.99,19.39000000,0
1506126542,22082805,39.98,4.00000000,0
1506126432,22082784,39.73,0.77774658,1
1506126430,22082781,39.76,0.42553191,1
1506126425,22082774,39.86,3.69821375,0
1506126409,22082750,39.85,16.83930700,1
1506126409,22082749,39.85,19.02069300,1
1506126407,22082741,39.85,15.00000000,0
1506126403,22082733,39.85,9.43989938,0
1506126403,22082732,39.84,9.95004744,1
1506126362,22082661,40.01,20.55000000,1
1506126358,22082659,40.01,20.55000000,1
1506126333,22082647,40.00,0.31662631,1
1506126332,22082645,40.00,14.68337369,1
1506126313,22082617,40.14,0.02658606,1
1506126313,22082615,40.14,0.75116052,1
1506126271,22082580,40.20,0.00011617,1
1506126270,22082579,40.20,12.96022836,1
1506126268,22082576,40.20,6.25290000,1
1506126267,22082569,40.20,6.24546866,1
1506126261,22082564,40.20,1.31144279,1
1506126257,22082544,40.20,54.50760200,1
1506126256,22082543,40.20,3.08556000,1
1506126216,22082362,40.21,5.11198587,1
1506126215,22082360,40.21,29.02760508,1
1506126212,22082355,40.22,0.63000000,0
1506126210,22082346,40.21,14.46039536,1
1506126204,22082331,40.21,0.00001369,0
1506126202,22082327,40.21,48.46000000,1
1506126198,22082323,40.22,0.15614285,0
1506126190,22082318,40.24,0.17000000,0
1506126087,22082239,40.21,52.90991968,1
1506126029,22082172,40.22,14.39565167,1
1506125970,22082139,40.26,4.11549926,1
1506125935,22082127,40.28,0.76101564,0
1506125931,22082123,40.27,9.30793420,1
1506125924,22082118,40.27,14.99999952,1
1506125924,22082117,40.28,0.00000024,1
1506125914,22082105,40.28,8.99999976,1
1506125914,22082104,40.29,1.88970309,1
1506125874,22082079,40.36,0.20000000,1
1506125805,22082029,40.35,14.99997795,1
1506125773,22081975,40.35,14.99999976,1
1506125717,22081883,40.62,2.45568685,0
1506125280,22081740,40.53,1.00000000,0
1506125279,22081738,40.53,5.00000000,0
1506125242,22081735,40.54,4.58832000,1
1506125240,22081733,40.54,1.35123000,1
1506125235,22081730,40.54,4.89231000,1
1506125233,22081728,40.54,4.89231000,1
1506125232,22081727,40.54,4.89322000,1
1506125136,22081714,40.59,0.13000000,0
1506124999,22081677,40.49,1.58217000,1
1506124995,22081674,40.51,1.58217000,1
1506124990,22081673,40.49,0.13000000,0
1506124967,22081672,40.48,7.32863128,0
1506124967,22081671,40.48,22.65615788,0
1506124957,22081660,40.47,15.00000000,0
1506124953,22081647,40.48,3.00000000,0
1506124947,22081645,40.48,3.00000000,0
1506124940,22081644,40.48,3.00000000,0
1506124935,22081643,40.40,15.00000000,0
