date,tid,price,amount,type
1506211245,22134779,49.23,0.44078100,1
1506211132,22134681,49.23,0.53600000,1
1506210967,22134506,49.23,1.75000000,1
1506210920,22134474,49.23,25.30500000,0
1506210900,22134467,49.28,39.92000000,0
1506210881,22134456,49.23,4.51386500,1
1506210872,22134454,49.22,2.04214500,1
1506210844,22134448,49.22,43.38040200,1
1506210809,22134439,49.22,4.23357500,1
1506210801,22134438,49.25,36.29289602,1
1506210693,22134385,49.22,3.70710398,1
1506210525,22134304,49.23,10.58731870,1
1506210238,22134004,49.02,37.10040000,1
1506210238,22134003,49.04,16.94500000,1
1506210238,22134002,49.05,0.09120000,1
1506210225,22133983,49.05,45.66350000,1
1506210216,22133968,49.05,36.23770000,1
1506210216,22133967,49.07,0.07960000,1
1506210200,22133886,49.07,39.73440000,1
1506210179,22133816,49.22,39.92000000,1
1506210169,22133784,49.05,26.11960000,1
1506210169,22133782,49.06,15.00000000,1
1506210158,22133745,49.02,2.61980000,1
1506210148,22133714,49.02,12.37520000,1
1506210128,22133660,49.04,23.20260000,1
1506210118,22133652,49.04,43.26250000,1
1506210118,22133651,49.05,20.37500000,1
1506210106,22133641,49.06,43.30330000,1
1506210092,22133586,49.03,42.58330000,1
1506210092,22133585,49.03,0.70000000,1
1506210034,22133487,49.08,6.42800000,1
1506210034,22133486,49.08,93.37200000,1
1506209796,22133286,49.05,1.36000000,1
1506209793,22133285,49.05,2.00000000,1
1506209790,22133282,49.05,2.00000000,1
1506209787,22133278,49.05,2.00000000,1
1506209783,22133276,49.05,2.00000000,1
1506209780,22133273,49.05,2.00000000,1
1506209777,22133271,49.05,2.00000000,1
1506209774,22133269,49.05,2.00000000,1
1506209770,22133254,49.05,2.00000000,1
1506209767,22133251,49.03,2.00000000,1
1506209764,22133248,49.01,2.00000000,1
1506209761,22133244,49.00,2.00000000,1
1506209757,22133241,49.00,2.00000000,1
1506209754,22133235,49.00,2.00000000,1
1506209751,22133222,48.98,2.00000000,1
1506209745,22133217,49.01,1.98000000,1
1506209740,22133215,49.00,2.00000000,1
1506209738,22133213,49.02,3.96400597,1
1506209738,22133212,49.19,13.99999403,1
1506209736,22133211,49.19,2.00000000,1
1506209733,22133205,49.19,2.00000000,1
1506209732,22133199,49.11,22.00000597,0
1506209650,22133150,49.11,36.00000000,0
1506209633,22133133,48.95,1.98800000,1
1506209633,22133132,49.10,3.97110000,1
1506209631,22133130,49.10,2.00000000,1
1506209630,22133128,49.11,6.53510117,0
1506209628,22133126,49.10,2.00000000,1
1506209625,22133125,49.10,2.00000000,1
1506209624,22133124,49.11,9.46489883,0
1506209623,22133123,49.10,12.02890000,1
1506209620,22133121,49.10,2.00000000,1
1506209603,22133110,49.11,13.99999403,0
1506209602,22133109,49.09,0.00000597,0
1506209601,22133108,49.08,2.00000000,1
1506209595,22133103,49.09,1.00518400,0
1506209580,22133077,49.10,2.00000000,1
1506209576,22133074,49.10,2.00000000,1
1506209574,22133062,49.10,2.00000000,1
1506209571,22133058,49.10,2.00000000,0
1506209568,22133054,49.10,2.00000000,1
1506209564,22133053,49.10,2.00000000,1
1506209562,22133052,49.10,2.00000000,1
1506209486,22132999,48.97,1.72000000,1
1506209483,22132996,48.97,2.00000000,1
1506209480,22132995,48.97,2.00000000,1
1506209475,22132993,48.97,2.00000000,1
1506209472,22132992,48.97,2.00000000,1
1506209470,22132990,48.97,2.00000000,1
1506209469,22132989,48.97,2.00000000,1
1506209465,22132988,48.97,2.00000000,1
1506209219,22132788,48.99,2.01426258,0
1506209137,22132772,48.80,1.48310000,1
1506208551,22132510,49.05,4.21563330,0
1506208551,22132509,49.00,97.21070519,0
1506208551,22132508,48.99,1.50000000,0
1506208551,22132507,48.98,12.10355149,0
1506208378,22132453,48.84,6.99819716,1
1506207768,22132254,48.79,1.00000000,1
1506207436,22132117,49.00,4.47822678,1
1506207383,22132094,49.00,10.63960300,1
1506207237,22132017,48.75,2.89000000,1
1506206655,22131810,49.06,7.89000000,0
1506206654,22131806,49.05,2.11000000,0
1506206203,22131571,48.94,31.17000000,0
1506206172,22131568,48.95,2.17310305,0
1506206172,22131567,48.94,2.51000000,0
1506206172,22131566,48.93,7.68000000,0
1506206096,22131547,48.77,1.18200000,0
1506206030,22131540,48.88,8.53225699,0
1506206030,22131539,48.87,3.64371255,0
1506206016,22131535,48.87,4.07460293,0
1506205986,22131533,48.74,4.10000000,1
1506205984,22131531,48.82,2.90000000,1
1506205953,22131485,48.87,0.96898086,0
1506205820,22131424,48.77,1.00535433,1
1506205807,22131423,48.92,7.69392388,0
1506205737,22131395,48.92,27.43930194,0
1506205734,22131392,48.92,12.55947784,0
1506205421,22131241,48.96,6.35650195,0
1506205421,22131240,48.95,33.15690687,0
1506205391,22131219,48.90,0.48659118,0
1506205366,22131199,48.89,14.78262600,1
1506205365,22131198,48.90,10.79655100,0
1506205363,22131195,48.91,22.84694700,0
1506205363,22131193,48.91,1.12800000,0
1506205362,22131192,48.91,39.99877978,0
1506205324,22131075,48.91,36.45877978,0
1506205324,22131074,48.90,3.54000000,0
1506205233,22130955,48.84,24.12020322,0
1506205095,22130898,48.86,1.44145513,1
1506205082,22130894,48.67,18.47771415,0
1506205082,22130893,48.67,69.35656966,1
1506204996,22130858,48.90,39.99898300,0
1506204980,22130851,48.90,35.48872700,0
1506204980,22130850,48.89,4.51025600,0
1506204951,22130843,48.90,4.08770845,0
1506204951,22130842,48.88,27.90270725,0
1506204951,22130841,48.87,4.50587900,0
1506204920,22130825,48.87,3.50370530,0
1506204892,22130812,48.85,35.49828400,0
1506204892,22130811,48.84,4.50069900,0
1506204867,22130803,48.85,35.50194290,0
1506204867,22130802,48.84,4.49704010,0
1506204854,22130798,48.84,0.00062290,1
1506204852,22130795,48.85,17.34750338,0
1506204846,22130791,48.84,37.82411958,1
1506204844,22130785,48.84,57.76105652,1
1506204842,22130782,48.84,4.41420100,0
1506204792,22130752,48.85,35.59194500,0
1506204791,22130751,48.84,4.40703800,0
1506204782,22130743,48.85,30.47778000,0
1506204782,22130742,48.84,5.94000000,0
1506204782,22130741,48.84,3.58120300,0
1506204612,22130637,48.79,28.57601400,0
1506204611,22130636,48.78,7.06000000,0
1506204611,22130635,48.77,4.36296900,0
1506204596,22130615,48.79,27.26769100,0
1506204596,22130614,48.78,8.38000000,0
1506204596,22130613,48.77,4.35129200,0
1506204570,22130607,48.78,4.47199672,0
1506204570,22130606,48.77,4.35140200,0
1506204541,22130589,48.79,2.42558121,0
1506204541,22130587,48.78,10.80000000,0
1506204541,22130586,48.78,7.78791879,0
1506204531,22130583,48.78,0.91491521,0
1506204500,22130557,48.78,1.53898300,0
1506204500,22130556,48.78,38.46000000,0
1506204457,22130533,48.54,38.45477100,0
1506204457,22130532,48.54,3.20208900,1
1506204004,22130303,48.58,6.78881844,0
1506203843,22130211,48.54,0.22590600,0
1506203842,22130209,48.54,3.20209400,0
1506203664,22130086,48.69,0.55910902,0
1506203664,22130085,48.68,3.30000000,0
1506203598,22130072,48.69,36.07918709,0
1506203598,22130071,48.68,3.92000000,0
1506203517,22130025,48.68,2.00000000,0
1506203503,22130017,48.69,18.27980000,0
1506203503,22130016,48.68,5.04000000,0
1506203472,22130000,48.69,34.00918709,0
1506203472,22129998,48.68,5.99000000,0
1506203441,22129961,48.69,10.88250000,0
1506203441,22129960,48.68,7.11000000,0
1506203440,22129959,48.68,1.41000000,0
1506203405,22129932,48.68,25.41782685,0
1506203405,22129931,48.68,3.43890715,0
1506203403,22129929,48.68,5.01109285,0
1506203381,22129916,48.69,29.01969678,0
1506203381,22129915,48.68,10.04000000,0
1506203314,22129880,48.76,0.94010000,0
1506203220,22129816,48.74,11.50030000,0
1506203185,22129808,48.81,2.00000000,0
1506203160,22129792,48.80,19.56900000,0
1506202842,22129707,48.87,16.55969375,0
1506202842,22129706,48.84,1.29686826,0
1506202842,22129705,48.70,18.24661191,0
1506202795,22129683,48.72,3.89682608,0
1506202639,22129598,48.69,4.63121274,0
1506202639,22129596,48.75,1.29686826,1
1506202251,22129427,48.88,8.19222975,0
1506202245,22129424,48.88,13.90506300,0
1506202160,22129359,48.82,14.99938550,1
1506202108,22129326,48.76,15.28000000,1
1506202108,22129325,48.77,5.18000000,1
1506202108,22129324,48.77,98.00000000,1
1506202108,22129323,48.78,55.70000000,1
1506202108,22129322,48.85,25.84000000,1
1506202041,22129269,48.90,8.20000000,1
1506201422,22129049,49.01,2.48000000,0
1506201407,22129039,49.01,4.86358741,0
1506201366,22129031,48.99,35.56269842,1
1506201365,22129030,48.99,18.96691800,1
1506201330,22129024,48.99,19.15146200,1
1506200893,22128775,49.22,3.99530000,0
1506200862,22128702,49.22,10.45910000,0
1506200862,22128701,49.21,5.93000000,0
1506200836,22128643,49.15,15.64000000,1
1506200833,22128628,49.15,0.68000000,0
1506200832,22128626,49.15,16.32000000,1
1506200512,22128496,49.30,30.81175933,0
1506200512,22128495,49.29,6.64840739,0
1506200485,22128487,49.27,1.60390000,0
1506200484,22128486,49.27,0.93593328,0
1506200362,22128457,49.30,8.79214560,0
1506200362,22128456,49.29,3.98535440,0
1506200361,22128454,49.29,2.69186208,0
1506200361,22128453,49.29,16.32000000,0
1506200315,22128449,49.20,1.59726501,1
1506200295,22128442,49.30,15.64646481,0
1506200295,22128441,49.29,6.71840130,0
1506200271,22128431,49.30,36.63670100,0
1506200271,22128430,49.29,3.36329900,0
1506200201,22128423,49.30,23.82730000,0
1506199977,22128281,49.27,2.00000000,1
1506199971,22128280,49.35,1.51883354,1
1506199960,22128251,49.37,40.00000000,1
1506199912,22128230,49.37,2.00000000,1
1506199864,22128209,49.37,2.00000000,1
1506199800,22128177,49.37,2.00000000,1
1506199571,22128080,49.50,20.82505050,0
1506199569,22128079,49.49,51.57000000,0
1506199407,22128028,49.48,1.95770100,1
1506199403,22128022,49.48,2.00000000,1
1506199400,22128021,49.48,2.00000000,1
1506199395,22128020,49.48,2.00000000,1
1506199389,22128013,49.48,2.00000000,1
1506199384,22128005,49.48,2.00000000,1
1506199358,22127996,49.48,2.00000000,1
1506199355,22127995,49.48,0.44787000,1
1506199354,22127994,49.48,25.59442900,1
1506198732,22127778,49.27,32.95100000,1
1506198663,22127731,49.40,4.17150044,1
1506198640,22127710,49.42,0.50000000,0
1506198638,22127709,49.20,2.99273499,1
1506198368,22127576,49.35,6.20303951,0
1506198157,22127460,49.22,10.99230547,1
1506198156,22127459,49.22,29.00749177,1
1506198071,22127384,49.02,3.75000000,1
1506197698,22126996,49.02,33.58517259,1
1506197240,22126767,49.06,20.33224623,0
1506197177,22126688,49.01,11.91130000,0
1506197145,22126654,49.00,4.45615951,0
1506197093,22126580,48.95,5.95403473,1
1506197090,22126571,48.99,2.41992252,0
1506197090,22126570,48.99,2.61707748,0
1506197090,22126569,48.99,13.86943300,0
1506197087,22126567,48.91,21.85585770,0
1506197086,22126561,48.99,0.07955865,1
1506197086,22126560,49.00,63.06000000,1
1506197086,22126558,49.00,57.50103800,1
1506196985,22126458,49.11,6.80875389,0
1506196968,22126429,49.11,41.65686000,0
1506196691,22126275,49.24,1.44094948,1
1506196674,22126268,49.24,12.56353100,1
1506196636,22126203,49.24,16.71339000,1
1506196636,22126202,49.24,14.23632200,1
1506196635,22126201,49.24,2.13652939,1
1506196618,22126188,49.24,16.14101000,1
1506196587,22126161,49.24,19.08357900,1
1506196582,22126148,49.24,2.00000000,1
1506196581,22126147,49.24,8.71984100,1
1506196581,22126146,49.24,2.59329800,1
1506196580,22126144,49.24,2.00000000,1
1506196577,22126143,49.24,47.32529400,1
1506196577,22126142,49.24,45.20450000,1
1506196575,22126139,49.24,2.59329900,1
1506196571,22126132,49.24,49.80000000,1
1506196470,22126002,48.99,49.80000000,1
1506196470,22126001,49.02,50.00000000,1
1506196465,22125994,49.31,66.22775119,1
1506196465,22125991,49.31,57.23382681,1
1506196463,22125984,49.31,50.00000000,1
1506196463,22125982,49.31,7.03442200,1
1506196462,22125978,49.31,60.95400000,0
1506196462,22125976,49.27,8.55000000,0
1506196462,22125974,49.24,50.00000000,0
1506196433,22125947,49.31,43.04600000,0
1506196433,22125946,49.29,10.00000000,0
1506196433,22125945,49.26,176.81200000,0
1506196433,22125944,49.25,10.16000000,0
1506196433,22125943,49.25,59.98200000,0
1506196433,22125942,49.24,50.00000000,0
1506196401,22125934,49.25,100.00000000,0
1506196401,22125932,49.24,50.00000000,0
1506196264,22125762,49.00,10.00000000,0
1506196115,22125506,48.90,39.91755618,0
1506195842,22125338,48.75,134.20296127,0
1506195822,22125328,48.75,14.67307000,0
1506195806,22125312,48.75,29.86960602,0
1506195730,22125277,48.75,18.14877380,0
1506195696,22125252,48.75,36.61556434,0
1506195673,22125239,48.75,117.00000000,0
1506195666,22125232,48.75,19.17292050,0
1506195442,22125119,48.75,3.11162473,0
1506195442,22125118,48.73,36.80593145,0
1506195316,22125019,48.75,37.32755618,0
1506195316,22125018,48.74,2.59000000,0
1506195163,22124949,48.75,12.00540384,0
1506195163,22124948,48.74,3.08000000,0
1506195102,22124915,48.75,26.70023140,0
1506195102,22124914,48.74,0.85000000,0
1506195042,22124884,48.75,28.01620512,0
1506195041,22124883,48.74,1.01000000,1
1506195012,22124846,48.75,26.14950760,0
1506195012,22124845,48.74,1.21000000,0
1506195011,22124843,48.74,0.47000000,0
1506194950,22124800,48.75,17.44694673,0
1506194950,22124799,48.74,1.43000000,0
1506194920,22124790,48.75,2.53800380,0
1506194722,22124736,48.75,39.91755618,0
1506194701,22124721,48.60,0.46755607,0
1506194700,22124719,48.60,1.54225787,1
1506194696,22124717,48.75,17.18755618,0
1506194696,22124716,48.74,2.09000000,0
1506194696,22124715,48.73,20.64000000,0
1506194684,22124714,48.75,20.21920000,0
1506194684,22124713,48.74,2.09000000,0
1506194682,22124711,48.73,1.75232661,0
1506194661,22124693,48.74,0.99254198,1
1506194660,22124685,48.75,3.75704000,0
1506194659,22124679,48.75,15.81947700,0
1506194659,22124678,48.74,0.00000500,0
1506194659,22124673,48.74,2.48999500,0
1506194571,22124555,48.75,29.96541006,0
1506194561,22124553,48.75,9.99235000,0
1506194390,22124476,48.75,36.99796398,0
1506194390,22124475,48.74,2.96000000,0
1506194387,22124471,48.61,5.00000000,1
1506194246,22124383,48.75,36.44796398,0
1506194245,22124382,48.74,3.51000000,0
1506193777,22124264,48.65,0.00055040,1
1506193775,22124261,48.74,36.44796398,0
1506193775,22124260,48.66,3.51000000,0
1506193563,22124196,48.65,22.04131552,1
1506193561,22124193,48.65,35.95580679,1
1506193558,22124190,48.65,42.89969168,1
1506193556,22124189,48.65,35.55700000,1
1506193524,22124174,48.75,15.17680000,0
1506193390,22124099,48.81,39.95877884,0
1506193020,22123956,48.83,3.33297325,0
1506193020,22123955,48.82,17.83252675,0
1506192962,22123919,48.86,8.91356094,0
1506192917,22123894,48.66,1.62000000,1
1506192452,22123696,48.82,9.11960000,0
1506192361,22123677,48.83,1.82840000,0
1506192266,22123651,48.84,5.11018399,0
1506192265,22123649,48.66,2.42311601,0
1506192242,22123635,48.66,1.03000000,1
1506192141,22123590,48.87,39.99959274,0
1506192063,22123571,48.87,1.02046245,0
1506192051,22123562,48.84,18.79926974,1
1506192050,22123559,48.84,21.20032300,1
1506191882,22123467,48.65,6.50404300,1
1506191824,22123425,48.83,6.42547895,0
1506191824,22123424,48.79,5.14892105,0
1506191784,22123402,48.65,56.50702159,1
1506191783,22123401,48.66,12.10933005,0
1506191777,22123392,48.66,51.20304152,1
1506191763,22123375,48.80,3.39911097,1
1506191761,22123371,48.82,2.00487754,0
1506191540,22123275,48.75,44.07626941,1
1506191538,22123273,48.75,103.99152900,1
1506191537,22123270,48.75,51.20383400,1
1506190993,22122976,48.85,19.32282497,0
1506190929,22122944,48.55,5.58546822,1
1506190929,22122943,48.63,36.75000000,1
1506190929,22122942,48.64,47.66353178,0
1506190872,22122900,48.91,0.99959109,0
1506190778,22122844,48.83,9.90621400,1
1506190694,22122799,48.82,1.15289742,0
1506190634,22122747,48.63,28.47673913,1
1506190314,22122666,48.97,0.00453634,0
1506190314,22122665,48.97,0.21000000,0
1506190281,22122652,48.75,0.21000000,0
1506190183,22122602,48.99,0.00055988,1
1506190182,22122598,48.99,3.04368239,1
1506190173,22122592,48.99,26.21147173,1
1506190171,22122591,48.99,0.92000000,0
1506190171,22122590,48.98,6.80000000,0
1506190171,22122589,48.90,3.02428600,0
1506190124,22122520,48.99,20.49604064,0
1506190124,22122519,48.99,1.10000000,0
1506190033,22122502,48.99,3.36507781,1
1506190033,22122501,48.99,10.99261400,1
1506190032,22122499,48.99,24.32300000,1
1506190032,22122495,48.90,1.30000000,0
1506189966,22122458,48.91,5.04679115,0
1506189965,22122455,48.90,33.12390066,0
1506189965,22122454,48.89,1.81000000,0
1506189904,22122422,48.86,2.91609934,0
1506189904,22122421,48.85,2.15000000,0
1506189873,22122416,48.86,25.17558445,0
1506189873,22122415,48.85,14.80510736,0
1506189841,22122396,48.85,8.36520215,0
1506189841,22122395,48.81,31.61548966,0
1506189821,22122383,48.80,31.61568449,0
1506189813,22122379,48.81,31.61568449,1
1506189812,22122377,48.74,4.12700300,0
1506189812,22122376,48.74,4.12700300,0
1506189812,22122375,48.67,0.11100132,0
1506189731,22122312,48.67,19.09078708,0
1506189731,22122311,48.67,20.88990473,0
1506189704,22122291,48.67,7.72110127,0
1506189654,22122258,48.67,54.78599400,0
1506189647,22122248,48.68,58.91299700,0
1506189615,22122208,48.93,7.64710247,0
1506189614,22122207,48.91,3.04000000,0
1506189614,22122206,48.88,0.89300000,0
1506189614,22122205,48.87,1.02006553,0
1506189496,22122157,48.78,5.80090554,0
1506189490,22122122,48.78,34.17978627,0
1506189465,22122105,48.78,2.19530000,0
1506189416,22122099,48.76,0.05532185,1
1506189415,22122097,48.76,9.34000000,1
1506189414,22122096,48.76,0.83334919,0
1506189371,22122078,48.78,3.62471031,0
1506189213,22122014,48.86,33.60406550,0
1506189213,22122013,48.80,1.04383450,0
1506189131,22121987,48.60,9.34764485,0
1506189090,22121975,48.86,5.35210000,0
1506188994,22121911,48.90,17.59572146,0
1506188994,22121910,48.90,3.61000000,0
1506188994,22121909,48.89,18.77517377,0
1506188881,22121861,48.84,0.44756400,1
1506188836,22121810,48.95,32.92670252,0
1506188834,22121785,48.84,0.00251614,1
1506188833,22121782,48.84,1.53468386,1
1506188833,22121780,48.85,7.36589095,1
1506188833,22121778,48.85,3.06936800,1
1506188782,22121735,49.06,1.66205000,0
1506188755,22121721,48.88,18.77517377,1
1506188755,22121719,49.10,0.39242623,1
1506188752,22121710,49.10,33.92000000,1
1506188752,22121708,49.10,5.66846900,1
1506188522,22121535,49.11,6.16607939,0
1506188434,22121516,49.07,60.99062564,0
1506188333,22121452,49.07,1.97121709,0
1506188333,22121451,49.06,5.60000000,0
1506188333,22121450,49.00,32.40967814,0
1506188184,22121377,49.00,9.28294982,0
1506188184,22121376,48.99,20.51124541,0
1506188180,22121374,49.00,10.18670000,0
1506188155,22121368,49.00,21.76981745,0
1506188146,22121363,49.00,37.97541387,0
1506188109,22121337,48.88,20.00000000,1
1506188104,22121335,49.00,2.02438370,0
1506188052,22121318,49.00,39.98109766,0
1506187991,22121277,49.00,14.59773272,0
1506187960,22121233,49.00,2.23526604,0
1506187901,22121156,49.00,23.51766008,0
1506187895,22121146,49.00,6.38030000,0
1506187890,22121142,49.00,10.08334018,0
1506187864,22121109,49.00,33.32130026,0
1506187864,22121108,48.99,6.66000000,0
1506187858,22121101,49.00,24.16285714,0
1506187854,22121092,49.00,32.07150294,0
1506187854,22121091,48.99,7.91000000,0
1506187770,22120994,48.98,1.93733305,0
1506187770,22120992,48.98,9.40000000,0
1506187711,22120914,48.91,28.81150294,0
1506187711,22120913,48.91,11.17000000,0
1506187645,22120888,48.85,20.09800000,0
1506187536,22120820,48.84,2.50000000,0
1506187521,22120807,48.84,10.00000000,1
1506187460,22120765,48.85,35.54020633,0
1506187394,22120744,48.85,39.58190954,0
1506187394,22120743,48.85,0.40000000,0
1506187021,22120646,48.92,17.80620000,0
1506187021,22120645,48.91,13.74000000,0
1506187021,22120644,48.85,5.00000000,0
1506187019,22120640,48.68,0.58120111,1
1506187018,22120639,48.69,1.53940887,1
1506187018,22120638,48.69,3.89751000,0
1506187018,22120635,48.70,1.53846154,1
1506187018,22120634,48.72,1.53846154,1
1506187017,22120633,48.73,8.03747847,0
1506187016,22120632,48.73,8.03747847,1
1506186391,22120382,48.86,40.00000000,0
1506186087,22120222,48.93,11.05477212,0
1506186050,22120157,48.96,2.00000000,0
1506185784,22119958,48.72,2.00000000,1
1506185603,22119878,48.64,53.56601753,0
1506185603,22119877,48.64,1.54099034,1
1506185278,22119684,48.87,43.00859422,0
1506185276,22119683,48.86,5.98000000,0
1506185231,22119670,48.88,85.61354337,0
1506185229,22119669,48.83,16.47000000,0
1506185205,22119666,48.60,5.97710000,1
1506185199,22119664,48.88,3.74140752,0
1506185199,22119663,48.83,16.47000000,0
1506185197,22119661,48.82,41.10817692,0
1506185150,22119610,48.85,12.06707753,1
1506185141,22119608,48.85,1.96000000,1
1506185138,22119607,48.85,8.20859775,0
1506185091,22119587,48.87,10.41870374,0
1506184954,22119469,48.81,4.00000000,0
1506184929,22119455,48.78,4.00000000,0
1506184789,22119395,48.72,2.87171592,0
1506184755,22119362,48.58,4.60380000,1
1506184742,22119340,48.57,1.41264654,1
1506184742,22119339,48.59,1.74005346,1
1506184616,22119307,48.77,0.25000000,0
1506184502,22119271,48.50,0.37000000,0
1506184465,22119261,48.50,0.47000000,1
1506184385,22119227,48.89,18.11802004,1
1506184385,22119226,48.81,113.00000000,0
1506184385,22119225,48.78,157.97500000,0
1506184384,22119224,48.77,111.00000000,1
1506184384,22119223,48.73,102.00000000,0
1506184384,22119222,48.72,3.66000000,0
1506184383,22119221,48.65,38.19000000,0
1506184383,22119220,48.61,18.29000000,0
1506183717,22118856,48.37,2.00000000,0
1506183536,22118739,48.39,1.15325000,0
1506183270,22118542,48.31,0.00052314,1
1506183270,22118541,48.31,2.53777686,1
1506183240,22118450,48.12,10.63244508,1
1506183238,22118449,48.31,0.27410640,0
1506183232,22118443,48.11,12.74245128,1
1506183232,22118442,48.26,1.55311659,1
1506183229,22118441,48.28,0.34915232,1
1506183180,22118402,48.37,15.45110605,0
1506183030,22118297,48.42,2.81164807,1
1506183030,22118296,48.39,17.56000000,1
1506183028,22118294,48.37,0.25087413,0
1506182813,22118180,48.38,1.00000000,0
1506182759,22118158,48.43,1.59000000,0
1506182754,22118157,48.29,0.00000045,0
1506182733,22118147,48.29,1.11501200,0
1506182721,22118137,48.29,1.88361979,0
1506182720,22118136,48.29,0.20943000,0
1506182711,22118126,48.29,2.92976400,0
1506182711,22118125,48.29,4.47205500,0
1506182633,22118085,48.28,0.44384768,1
1506182633,22118084,48.29,1.55215232,1
1506182618,22118073,48.31,2.00000000,1
1506182598,22118063,48.31,2.00000000,1
1506182587,22118055,48.30,2.00000000,1
1506182567,22118050,48.29,1.99600000,1
1506182562,22118049,48.35,2.00000000,1
1506182538,22118039,48.30,2.00000000,1
1506182520,22118034,48.30,2.00000000,1
1506182469,22118014,48.35,3.99200000,1
1506182444,22117997,48.32,2.99400000,1
1506182106,22117875,48.28,0.20700000,1
1506181907,22117767,48.28,0.12479250,1
1506181907,22117766,48.46,2.39220750,1
1506181905,22117765,48.46,0.12987000,1
1506181899,22117760,48.46,1.53822250,0
1506181877,22117751,48.22,7.00000000,1
1506181866,22117747,48.53,1.60990000,1
1506181866,22117746,48.48,16.64000000,0
1506181863,22117742,48.42,29.25100000,0
1506181862,22117741,48.42,4.38949000,0
1506181827,22117726,48.11,2.32822700,1
1506181826,22117725,48.13,117.00000000,1
1506181826,22117724,48.13,8.59177300,0
1506181826,22117723,48.14,3.18000000,1
1506181824,22117722,48.22,15.90000000,1
1506181793,22117684,48.20,9.50000000,1
1506181792,22117683,48.20,40.22179950,1
1506181791,22117682,48.22,3.00000000,1
1506181791,22117681,48.23,15.97000000,0
1506181791,22117680,48.24,1.55376010,1
1506181790,22117679,48.25,39.46100000,0
1506181790,22117678,48.25,29.24344040,0
1506181789,22117677,48.25,17.55000000,1
1506181580,22117549,48.40,26.26627100,0
1506181579,22117548,48.44,2.43684400,0
1506181579,22117547,48.40,0.00797600,0
1506181578,22117545,48.40,12.87202400,0
1506181576,22117539,48.40,12.88900000,0
1506181248,22117441,48.51,0.90744100,1
1506180683,22117183,48.41,31.29320863,1
1506180626,22117106,48.40,1.02300000,0
1506180306,22116874,48.56,1.00000000,0
1506180240,22116754,48.63,1.00000000,0
1506180233,22116744,48.39,2.00000000,1
1506180182,22116682,48.60,1.00000000,0
1506180113,22116643,48.71,1.00000000,0
1506180045,22116628,48.68,1.00000000,0
1506179984,22116616,48.79,1.00000000,0
1506179930,22116568,48.52,99.80000000,1
1506179925,22116566,48.71,1.00000000,0
1506179861,22116547,48.77,1.00000000,0
1506179817,22116539,48.58,6.78640300,0
1506179817,22116538,48.58,1.63989000,0
1506179798,22116526,48.58,6.14570700,0
1506179610,22116413,48.40,1.75000000,1
1506179589,22116408,48.56,2.00000000,1
1506179134,22116232,48.80,1.00000000,0
1506179117,22116230,48.76,2.00000000,0
1506179045,22116198,48.53,2.00000000,1
1506178973,22116171,48.93,5.47500000,0
1506178921,22116111,48.70,11.78962927,1
1506178846,22116052,48.75,1.35050000,1
1506178846,22116051,48.76,12.46000000,1
1506178846,22116050,48.81,27.37400000,1
1506178730,22115974,48.75,22.46000000,1
1506178730,22115973,48.77,13.76000000,1
1506178730,22115972,48.80,63.58000000,1
1506178681,22115952,48.95,0.00400000,1
1506178679,22115951,48.95,1.99600000,1
1506178538,22115911,48.63,1.84222787,1
1506178538,22115910,48.64,14.66000000,1
1506178538,22115909,48.64,110.00000000,1
1506178538,22115908,48.65,8.22900000,1
1506178414,22115879,48.65,24.00000000,1
1506178096,22115750,48.80,34.95900000,1
1506178037,22115724,48.83,99.80000000,1
1506178020,22115715,48.83,16.09780000,1
1506178005,22115710,48.82,28.46900000,1
1506177984,22115698,48.77,35.02690000,1
1506177972,22115690,48.78,13.51690000,1
1506177972,22115689,48.79,21.51000000,1
1506177911,22115674,48.73,41.46289863,1
1506177805,22115635,48.74,1.93000000,0
1506177803,22115634,48.66,2.00000000,1
1506177790,22115629,48.66,38.41115400,1
1506177740,22115605,48.59,0.48000000,1
1506177417,22115481,48.34,3.43494000,1
1506177231,22115414,48.47,3.14402958,1
1506177224,22115412,48.47,24.85672400,1
1506177221,22115408,48.47,3.14415000,1
1506177219,22115401,48.47,10.31799505,0
1506177217,22115400,48.51,12.92455163,0
1506177217,22115399,48.50,20.23600000,0
1506177216,22115398,48.47,7.98000000,0
1506177175,22115388,48.43,0.69213297,0
1506177173,22115387,48.42,3.43000000,0
1506176875,22115262,48.50,1.00000000,0
1506176769,22115200,48.31,2.99400000,1
1506176522,22115062,48.56,4.02801183,1
1506176365,22115006,48.55,58.52300000,1
1506176363,22115005,48.55,41.47700000,0
1506176334,22114988,48.55,1.00000000,0
1506176289,22114970,48.30,8.45328934,0
1506176287,22114969,48.46,1.54671066,1
1506176000,22114836,48.58,5.00000000,1
1506175930,22114794,48.70,23.78306175,1
1506175930,22114793,48.70,62.67693825,1
1506175929,22114792,48.67,11.54000000,0
1506175929,22114791,48.65,102.00000000,0
1506175918,22114786,48.65,1.00000000,0
1506175883,22114767,48.64,0.24862155,1
1506175836,22114734,48.64,1.31074954,0
1506175828,22114729,48.69,1.00000000,0
1506175773,22114707,48.78,2.94000000,0
1506175773,22114706,48.77,17.06000000,0
1506175765,22114702,48.74,1.00000000,0
1506175704,22114684,48.73,1.00000000,0
1506175631,22114659,48.76,1.00000000,0
1506175615,22114652,48.70,4.99000000,1
1506175387,22114499,48.74,1.00000000,0
1506175320,22114422,48.69,3.66092546,1
1506175249,22114385,48.69,0.29940000,1
1506175082,22114307,48.86,1.00000000,0
1506175065,22114277,48.76,7.24000000,0
1506175062,22114276,48.74,16.85000000,1
1506175049,22114271,48.73,20.00000000,1
1506175047,22114268,48.74,16.85000000,1
1506175023,22114258,48.82,1.00000000,0
1506175003,22114238,48.82,0.15000000,0
1506174993,22114228,48.80,30.00000000,1
1506174955,22114195,48.95,1.00000000,0
1506174893,22114171,48.92,1.00000000,0
1506174830,22114124,49.03,1.00000000,0
1506174764,22114082,49.06,1.00000000,0
1506174696,22114049,49.00,100.00000000,0
1506174694,22114048,48.99,1.00000000,0
1506174630,22114020,49.09,3.84550515,0
1506174625,22114016,49.09,1.00000000,0
1506174551,22113952,49.06,1.00000000,0
1506174494,22113906,49.19,1.00000000,0
1506174424,22113884,48.96,3.44610000,1
1506174413,22113880,48.96,99.80000000,1
1506174404,22113879,49.29,1.00000000,0
1506174380,22113847,49.05,99.80000000,1
1506174347,22113810,48.97,13.17360000,1
1506174337,22113805,48.97,98.80000000,1
1506174337,22113804,48.98,1.00000000,1
1506174334,22113803,49.18,1.00000000,0
1506174319,22113799,48.88,9.43710000,1
1506174263,22113757,49.18,1.00000000,0
1506173983,22113571,48.98,17.98400000,1
1506173972,22113561,48.97,99.80000000,1
1506173932,22113522,49.16,9.53661513,0
1506173889,22113444,48.93,0.18000000,0
1506173888,22113443,48.93,19.82000000,0
1506173875,22113436,48.80,2.99400000,1
1506173761,22113395,48.75,3.84002747,1
1506173686,22113337,48.64,2.49500000,1
1506173670,22113324,48.64,23.96500000,1
1506173614,22113263,48.56,16.70000000,0
1506173602,22113252,48.56,0.15000000,1
1506173600,22113250,48.56,16.85000000,0
1506173364,22113144,48.52,19.27728978,1
1506173264,22113105,48.50,0.73710000,1
1506173262,22113104,48.50,11.05580000,1
1506173259,22113102,48.50,11.06600000,1
1506173252,22113098,48.50,3.90000000,1
1506173211,22113070,48.50,37.20910700,1
1506173205,22113069,48.50,2.00000000,1
1506172581,22112730,48.62,16.27792871,1
1506172580,22112729,48.62,24.13987200,1
1506172571,22112717,48.62,15.88850900,1
1506172552,22112681,48.62,1.75678700,1
1506172551,22112680,48.62,14.84301200,1
1506172549,22112674,48.62,2.64718400,1
1506172545,22112672,48.62,7.53115700,1
1506172544,22112671,48.62,1.47603800,1
1506172521,22112669,48.58,2.05078125,0
1506172164,22112267,48.25,5.73659119,0
1506172164,22112266,48.25,1.00382700,0
1506172163,22112265,48.25,8.51000000,1
1506172159,22112262,48.29,0.20449900,0
1506172136,22112247,48.29,17.83989200,0
1506172128,22112244,48.29,1.00000000,0
1506172121,22112237,48.29,1.00217000,0
1506172112,22112234,48.29,18.14621300,0
1506172076,22112202,48.42,1.00000000,0
1506172052,22112178,48.41,8.48322000,1
1506172036,22112156,48.42,10.49740400,0
1506172034,22112155,48.42,1.00226600,0
1506172030,22112148,48.42,4.95763572,0
1506172029,22112146,48.42,1.01871200,0
1506171828,22111902,48.99,0.00000002,1
1506171820,22111897,48.99,0.99999998,1
1506171820,22111896,48.99,30.43890202,1
1506171820,22111895,49.00,0.40000000,1
1506171635,22111777,49.00,8.88967900,1
1506171337,22111591,48.99,20.00000000,1
1506171335,22111590,49.00,15.00000000,1
1506171101,22111494,49.08,54.98000000,1
1506171100,22111490,49.12,16.85000000,1
1506171100,22111489,49.12,3.24000000,1
1506170987,22111406,49.12,17.96400000,1
1506170709,22111291,49.22,2.99400000,1
1506170707,22111290,49.43,6.17447377,1
1506170526,22111260,49.25,10.76850000,1
1506170217,22111109,49.37,5.11687219,1
1506170011,22110980,49.29,21.95600000,1
1506169967,22110965,49.18,21.95600000,1
1506169911,22110927,49.14,14.69019835,1
1506169880,22110862,49.12,6.98600000,1
1506169870,22110848,49.21,18.96200000,1
1506169725,22110737,49.17,10.00000000,1
1506169620,22110574,49.21,25.44900000,1
1506169511,22110474,49.13,42.45638750,1
1506169511,22110473,49.13,10.00000000,1
1506169509,22110472,49.14,10.21000000,1
1506169497,22110450,49.21,7.21994058,0
1506169471,22110416,49.15,50.49671182,0
1506169440,22110391,49.22,1.98448400,0
1506169438,22110390,49.22,2.00000000,0
1506169431,22110385,49.14,16.82758800,1
1506169293,22110317,49.34,6.91406567,0
1506169175,22110136,49.16,1.35564794,1
1506169115,22110091,49.16,40.91065775,1
1506169006,22110049,49.11,2.00000000,1
1506168958,22109996,49.20,13.77701300,1
1506168952,22109994,49.27,1.00000000,0
1506168941,22109981,49.20,2.44597400,1
1506168939,22109980,49.20,0.84459700,1
1506168937,22109978,49.20,12.93241600,1
1506168887,22109892,49.19,4.57761400,1
1506168886,22109891,49.27,0.55156021,0
1506168886,22109890,49.25,0.44843979,0
1506168869,22109853,49.18,0.85714477,1
1506168869,22109852,49.25,0.42258523,1
1506168799,22109731,49.52,14.66659940,0
1506168797,22109728,49.49,14.16750756,0
1506168797,22109727,49.30,0.25000000,0
1506168767,22109673,49.54,2.00000000,0
1506168753,22109606,49.55,2.00000000,0
1506168695,22109394,49.54,6.04117885,0
1506168692,22109375,49.45,1.51576395,1
1506168664,22109216,49.46,62.85000000,0
1506168663,22109215,49.46,19.62000000,1
1506168663,22109214,49.50,50.00000000,1
1506168437,22109056,49.72,9.62906186,1
1506168428,22109041,49.72,79.25000000,1
1506168426,22109039,49.72,17.12093814,1
1506168426,22109038,49.72,205.87906186,1
1506168394,22109021,49.72,0.50000000,1
1506168338,22108942,49.72,101.55066908,1
1506168275,22108894,49.72,134.24316544,1
1506168274,22108893,49.73,8.00000000,1
1506168242,22108837,49.72,242.00000000,1
1506168233,22108804,49.76,49.18000000,1
1506168085,22108566,49.76,101.55066908,0
1506168077,22108558,49.76,93.95500000,0
1506168075,22108557,49.76,19.84248900,0
1506168069,22108541,49.76,7.10229921,0
1506168065,22108531,49.76,20.04823151,0
1506168047,22108474,49.76,5.00000000,0
1506168035,22108461,49.76,0.23835000,0
1506168026,22108453,49.76,1.22736419,0
1506168010,22108429,49.76,0.36053900,0
1506168008,22108421,49.76,16.22217800,0
1506167993,22108375,49.72,2.86631016,1
1506167991,22108369,49.72,4.61538462,1
1506167989,22108361,49.72,2.84501062,1
1506167989,22108355,49.72,1.07055107,1
1506167959,22108206,49.76,49.88648900,0
1506167953,22108194,49.76,113.86763700,0
1506167950,22108187,49.75,9.98000000,1
1506167944,22108169,49.76,50.69875401,0
1506167944,22108168,49.75,16.41000000,0
1506167944,22108167,49.75,133.17560387,0
1506167943,22108159,49.72,0.30938700,0
1506167925,22108127,49.72,2.69061300,0
1506167925,22108123,49.70,18.91068586,0
1506167925,22108122,49.70,5.74392900,0
1506167925,22108121,49.70,6.75344300,0
1506167887,22107993,49.70,7.85211267,0
1506167865,22107950,49.70,3.31046277,0
1506167858,22107939,49.70,4.58208300,0
1506167856,22107933,49.70,1.84728370,0
1506167842,22107893,49.69,4.73000000,1
1506167831,22107852,49.57,15.96800000,1
1506167819,22107750,49.68,57.86460600,0
1506167818,22107741,49.54,19.96000000,1
1506167806,22107725,49.52,3.47510000,1
1506167804,22107722,49.68,36.99727700,0
1506167793,22107711,49.50,23.80630000,1
1506167784,22107705,49.50,58.51480000,1
1506167773,22107675,49.50,14.00400000,1
1506167763,22107665,49.52,64.42290000,1
1506167751,22107644,49.52,24.72416297,1
1506167751,22107643,49.58,75.07583703,1
1506167741,22107615,49.50,69.77742404,1
1506167741,22107614,49.51,30.02257596,1
1506167732,22107590,49.68,3.00272300,0
1506167732,22107588,49.65,9.84054000,0
1506167731,22107584,49.46,40.60984848,1
1506167731,22107583,49.47,1.51515152,1
1506167731,22107582,49.50,57.67500000,1
1506167716,22107535,49.51,20.51880000,1
1506167716,22107534,49.51,19.04000000,1
1506167712,22107508,49.65,0.15946000,0
1506167706,22107499,49.49,87.31510000,1
1506167696,22107473,49.49,0.99800000,1
1506167623,22107343,49.48,1.79640000,1
1506167572,22107312,49.49,21.17160000,1
1506167553,22107296,49.49,0.99800000,1
1506167534,22107269,49.49,19.75050000,1
1506167514,22107263,49.48,0.48910000,1
1506167500,22107261,49.70,1.00000000,0
1506167495,22107260,49.46,4.99000000,1
1506167474,22107243,49.46,8.98200000,1
1506167453,22107231,49.26,2.74910000,1
1506167453,22107230,49.33,14.18000000,1
1506167453,22107229,49.46,0.00400000,1
1506167443,22107226,49.49,41.38630000,1
1506167443,22107225,49.50,16.85000000,1
1506167433,22107217,49.49,99.80000000,1
1506167406,22107194,49.68,1.00000000,0
1506167296,22107151,49.54,16.81661115,1
1506167296,22107150,49.54,0.03268885,1
1506167283,22107143,49.54,16.51100000,1
1506167272,22107130,49.54,99.80000000,1
1506167264,22107124,49.54,25.89947659,0
1506167263,22107122,49.54,2.00000000,0
1506167258,22107118,49.54,2.00000000,0
1506167248,22107109,49.54,2.00000000,0
1506167245,22107107,49.54,1.00000000,0
1506167239,22107101,49.54,2.00000000,0
1506167223,22107071,49.54,1.80000000,0
1506167223,22107070,49.54,57.37682264,0
1506167217,22107055,49.54,2.00000000,0
1506167211,22107053,49.54,2.00000000,0
1506167197,22107047,49.54,2.00000000,0
1506167187,22107040,49.61,2.00000000,0
1506167182,22107039,49.61,2.00000000,0
1506167176,22107037,49.55,2.00000000,0
1506167171,22107036,49.46,1.99600000,1
1506167146,22107023,49.57,2.00000000,0
1506167140,22107018,49.57,2.00000000,0
1506167077,22106888,49.69,4.01690481,0
1506166969,22106842,49.60,1.00000000,0
1506166864,22106789,49.58,54.33783783,1
1506166858,22106779,49.56,1.00000000,0
1506166623,22106542,49.40,0.19576560,1
1506166478,22106356,49.33,7.19500000,1
1506166478,22106355,49.41,22.29000000,1
1506166462,22106351,49.41,28.48300000,1
1506166427,22106312,49.51,68.66100000,0
1506166388,22106262,49.37,14.88000000,0
1506166388,22106261,49.37,1.97000000,0
1506166370,22106222,49.36,1.96879900,0
1506166315,22105952,49.23,17.69000000,0
1506165928,22105739,49.16,4.05817738,0
1506165524,22105434,48.80,20.87287242,1
1506165517,22105426,48.77,8.15000000,0
1506165516,22105425,48.77,16.85000000,1
1506165432,22105346,49.03,1.00000000,0
1506165430,22105344,49.03,6.19447000,0
1506165422,22105335,49.03,56.00000000,0
1506165418,22105327,49.04,19.73102474,0
1506165417,22105323,49.03,55.10321740,1
1506165415,22105317,49.04,6.18002383,0
1506165412,22105310,49.00,1.03597499,1
1506165411,22105306,49.16,30.90994901,0
1506165400,22105299,49.19,1.14637121,0
1506165398,22105294,49.19,1.60662736,0
1506165394,22105289,49.08,18.88456500,1
1506165384,22105286,49.19,0.38090000,0
1506165381,22105283,49.19,0.37973418,0
1506165376,22105280,49.19,0.37973418,0
1506165371,22105275,49.20,0.37973418,0
1506165205,22105140,49.26,31.30730000,1
1506165171,22105121,49.26,94.81000000,1
1506165120,22105104,49.19,13.08480000,1
1506165116,22105103,49.51,13.10846293,0
1506165114,22105101,49.50,6.45000000,0
1506165043,22105051,49.33,5.56490000,1
1506164893,22104880,49.00,4.00000000,0
1506164868,22104816,49.00,1.00000000,0
1506164830,22104758,48.89,17.48000000,0
1506164828,22104755,48.87,1.15335250,0
1506164825,22104753,48.80,0.00008523,0
1506164824,22104745,48.80,47.96004819,0
1506164823,22104741,48.80,2.03986658,1
1506164806,22104719,48.81,2.03944866,1
1506164787,22104710,48.88,8.36720000,0
1506164766,22104701,48.81,10.44225200,1
1506164746,22104677,48.59,42.43924400,1
1506164746,22104676,48.59,6.13628100,0
1506164746,22104675,48.60,15.88200000,0
1506164744,22104669,48.80,16.94300000,1
1506164728,22104648,48.98,2.04039992,1
1506164711,22104615,49.05,18.73766816,0
1506164711,22104613,49.05,19.14100000,1
1506164705,22104606,49.03,0.92730567,1
1506164705,22104605,49.04,29.07269433,1
1506164689,22104585,49.11,15.47000000,0
1506164661,22104539,49.17,27.46401504,1
1506164661,22104538,49.17,18.33816328,1
1506164661,22104536,49.20,0.47824008,1
1506164661,22104535,49.20,0.40691760,1
1506164654,22104530,49.36,2.00000000,0
1506164632,22104490,49.17,0.00000513,0
1506164630,22104486,49.17,17.71701600,0
1506164627,22104479,49.17,16.08554300,0
1506164627,22104478,49.17,45.23860300,0
1506164627,22104473,49.17,3.71333863,0
1506164626,22104470,49.17,2.02804114,0
1506164620,22104456,49.17,0.78019871,0
1506164619,22104452,49.06,65.47203143,1
1506164619,22104451,49.07,5.68000000,1
1506164618,22104449,49.15,2.02796857,0
1506164617,22104448,49.15,2.82000000,1
1506164615,22104443,49.17,0.32128466,1
1506164565,22104378,49.33,0.92486240,1
1506164492,22104301,49.45,0.26950000,1
1506164454,22104255,49.49,57.84410000,1
1506164444,22104234,49.48,26.33730000,1
1506164333,22104069,49.45,0.58890000,1
1506164267,22104022,49.69,23.16000000,0
1506164266,22104021,49.68,6.84000000,0
1506164217,22103974,49.51,3.11380000,1
1506164204,22103968,49.45,2.56960000,1
1506164204,22103967,49.48,64.28100000,1
1506164204,22103966,49.51,0.09130000,1
1506164193,22103959,49.51,45.60270000,1
1506164181,22103899,49.51,19.92310000,1
1506164167,22103891,49.48,59.42200000,1
1506164157,22103870,49.51,0.31540000,1
1506164155,22103868,49.65,1.00000000,0
1506164155,22103867,49.64,40.03000000,0
1506164155,22103866,49.60,0.50000000,0
1506164143,22103853,49.52,3.00000000,0
1506164137,22103845,49.51,1.00000000,0
1506164117,22103811,49.50,4.53256766,0
1506164117,22103809,49.50,1.00000000,0
1506164116,22103808,49.50,3.00000000,0
1506164116,22103802,49.50,17.75623500,0
1506164067,22103710,49.50,23.71119734,0
1506164067,22103709,49.50,4.02214166,0
1506164067,22103708,49.50,50.00000000,0
1506164042,22103693,49.34,58.43490000,1
1506163944,22103622,49.29,6.09280000,1
1506163944,22103621,49.33,2.00000000,1
1506163942,22103620,49.49,9.87916750,0
1506163942,22103619,49.38,0.00000013,0
1506163937,22103615,49.38,0.40057500,0
1506163937,22103614,49.38,0.63300000,0
1506163934,22103610,49.33,1.88730000,1
1506163930,22103608,49.32,0.10859298,0
1506163921,22103603,49.22,9.45900000,1
1506163921,22103602,49.24,9.00000000,1
1506163921,22103601,49.27,42.96000000,1
1506163916,22103596,49.32,1.03357500,0
1506163907,22103589,49.32,1.85783202,0
1506163907,22103588,49.30,0.87914898,0
1506163904,22103580,49.26,49.91100000,1
1506163893,22103566,49.25,1.34240000,1
1506163893,22103563,49.30,4.26328599,0
1506163890,22103557,49.30,1.82215644,0
1506163889,22103555,49.30,14.15800000,0
1506163889,22103554,49.30,5.09858100,0
1506163888,22103553,49.30,11.33815100,0
1506163887,22103551,49.30,0.75033200,0
1506163881,22103549,49.22,19.94644344,1
1506163881,22103548,49.26,2.27130681,1
1506163881,22103547,49.26,7.72324975,1
1506163876,22103545,49.30,3.03632000,0
1506163766,22103382,49.29,0.99800000,1
1506163765,22103379,49.30,16.57672185,0
1506163765,22103377,49.29,8.72124975,0
1506163762,22103365,49.29,2.87875025,0
1506163762,22103363,49.29,47.16000000,0
1506163752,22103343,49.28,0.73668151,0
1506163746,22103324,49.17,0.00002225,0
1506163744,22103317,49.17,10.21757050,0
1506163724,22103229,49.28,10.90999500,0
1506163635,22103149,49.29,1.86837000,0
1506163632,22103142,49.29,1.86837000,0
1506163500,22103011,49.18,1.87751000,0
1506163426,22102896,48.97,8.69220056,1
1506163425,22102895,49.02,1.32321944,1
1506163425,22102894,49.15,0.18458000,1
1506163416,22102874,49.19,2.27874000,0
1506163413,22102870,49.20,0.58943149,0
1506163413,22102869,49.16,1.68862851,0
1506163411,22102864,49.15,2.27806000,0
1506163407,22102857,49.15,4.90567530,0
1506163399,22102837,49.15,2.30569000,0
1506163357,22102781,49.15,0.20000000,0
1506163357,22102780,49.09,10.00000000,0
1506163244,22102670,48.87,65.95430000,1
1506163244,22102669,48.87,1.77000000,1
1506163215,22102617,48.81,39.03248716,1
1506163215,22102616,48.82,1.47861617,1
1506163129,22102549,48.83,3.49905906,1
1506163129,22102548,48.84,1.49094094,1
1506163118,22102547,48.83,1.19370000,1
1506163118,22102546,48.92,0.10080000,1
1506162997,22102423,49.15,10.49033570,1
1506162996,22102422,49.12,3.00000000,0
1506162996,22102421,49.11,16.91000000,0
1506162996,22102420,49.10,1.00000000,0
1506162994,22102419,48.99,50.00000000,0
1506162992,22102418,48.92,50.29920000,1
1506162982,22102415,48.92,99.80000000,1
1506162972,22102395,48.92,99.80000000,1
1506162960,22102387,48.92,2.74973547,0
1506162890,22102343,48.82,5.77350000,1
1506162822,22102281,48.73,11.67020000,1
1506162822,22102280,48.73,0.08350000,1
1506162822,22102279,48.74,5.32000000,1
1506162822,22102278,48.74,0.04040000,1
1506162822,22102277,48.75,15.80800000,1
1506162812,22102266,48.74,14.29960000,1
1506162812,22102265,48.74,5.88000000,1
1506162801,22102246,48.74,5.10180000,1
1506162789,22102238,48.73,35.19650000,1
1506162789,22102237,48.73,6.50000000,1
1506162784,22102231,48.92,0.25026453,0
1506162778,22102229,48.69,5.81840000,1
1506162768,22102226,48.73,3.34330000,1
1506162758,22102221,48.71,18.94810000,1
1506162746,22102210,48.90,0.29870000,0
1506162745,22102208,48.67,22.26540000,1
1506162734,22102195,48.67,22.28540000,1
1506162718,22102166,48.57,36.57500000,1
1506162717,22102165,48.62,56.14500000,1
1506162717,22102164,48.66,7.08000000,1
1506162675,22102117,48.58,20.56823440,1
1506162675,22102116,48.67,0.00056560,1
1506162670,22102113,48.89,1.68862851,1
1506162669,22102111,48.89,20.51874831,0
1506162669,22102110,48.80,0.73368442,0
1506162669,22102109,48.75,16.57000000,0
1506162668,22102108,48.72,3.00000000,0
1506162668,22102107,48.71,16.85000000,0
1506162644,22102081,48.67,0.11780000,1
1506162631,22102075,48.67,59.22740000,1
1506162625,22102067,48.67,16.85000000,0
1506162519,22101970,48.50,14.58900000,0
1506162336,22101877,48.32,16.62308487,1
1506162323,22101867,48.50,34.75510201,0
1506162323,22101866,48.40,0.72069976,0
1506162304,22101848,48.40,6.27327700,0
1506162300,22101844,48.40,0.72070000,0
1506162294,22101840,48.40,0.72010000,0
1506162292,22101838,48.40,0.72060000,0
1506162253,22101802,48.40,37.59517400,0
1506162248,22101794,48.40,3.62490200,0
1506162139,22101710,48.25,6.22860000,1
1506162122,22101705,48.25,6.22760000,1
1506162111,22101695,48.26,6.22860000,1
1506162101,22101683,48.24,7.38510000,1
1506162089,22101673,48.29,49.08340000,1
1506162079,22101662,48.30,5.67480000,1
1506162066,22101644,48.27,49.98000000,1
1506162056,22101640,48.23,36.92284621,1
1506162056,22101639,48.30,6.81000000,1
1506162056,22101638,48.31,6.24715379,1
1506162044,22101625,48.40,7.74958100,0
1506162043,22101622,48.30,7.71500000,1
1506162028,22101583,48.25,6.09960000,1
1506162013,22101555,48.25,1.87230000,1
1506162001,22101535,48.24,49.98000000,1
1506161990,22101527,48.23,40.07200000,1
1506161979,22101517,48.15,5.98670000,1
1506161967,22101509,48.12,9.08640000,1
1506161956,22101506,48.11,2.07620000,1
1506161944,22101494,48.12,7.76690000,1
1506161931,22101481,48.12,18.26600000,1
1506161931,22101480,48.13,16.85000000,1
1506161917,22101455,48.12,6.25150000,1
1506161731,22101377,48.03,0.49980000,1
1506161728,22101375,48.33,0.50000000,1
1506161724,22101373,48.33,1.00000000,0
1506161666,22101334,48.14,8.63660000,1
1506161652,22101329,48.10,0.07390000,1
1506161652,22101328,48.12,9.55000000,1
1506161652,22101327,48.12,35.79100000,1
1506161403,22101166,48.31,9.40000000,0
1506161403,22101165,48.25,1.00000000,0
1506161220,22101013,48.23,11.90000000,0
1506161193,22100962,48.22,10.40000000,0
1506160879,22100484,48.19,1.49000000,0
1506160877,22100483,48.19,1.49000000,0
1506160852,22100471,48.14,1.49000000,0
1506160787,22100408,47.97,13.34770000,1
1506160168,22099945,48.18,19.99200000,1
1506160157,22099932,48.19,0.49790000,1
1506160147,22099916,48.19,4.95910000,1
1506160126,22099899,48.18,19.96810000,1
1506160115,22099897,48.19,1.14660000,1
1506159928,22099860,48.10,24.36430000,1
1506159893,22099845,48.12,6.69740000,1
1506159875,22099837,48.12,1.91230000,1
1506159543,22099623,48.33,2.46037657,0
1506159541,22099621,48.31,15.11000000,0
1506159455,22099601,48.33,7.00000000,0
1506159274,22099540,48.04,8.32670000,1
1506158906,22099281,47.97,0.12987000,1
1506158843,22099229,48.01,41.56634035,0
1506158736,22099210,47.97,38.61130376,1
1506158617,22099161,47.97,17.48672200,1
1506158483,22099124,48.04,11.90000000,0
1506158476,22099121,47.99,2.92000000,1
1506158472,22099119,48.00,14.43545000,0
1506158454,22099092,47.98,33.92150000,1
1506158454,22099091,47.98,14.81000000,1
1506158450,22099086,48.63,11.44632529,1
1506158450,22099085,48.63,12.79000000,1
1506158450,22099084,48.63,50.00000000,1
1506158450,22099083,48.63,13.10969700,1
1506158450,22099082,48.63,14.55986500,1
1506158450,22099081,48.63,6.87757900,1
1506158449,22099079,48.63,5.38272600,1
1506158449,22099078,48.63,6.37052600,1
1506158449,22099077,48.63,0.41639280,1
1506158448,22099076,48.63,2.07365278,1
1506158448,22099073,48.63,6.24589205,1
1506158448,22099070,48.63,14.18300000,1
1506158447,22099066,48.60,20.00000000,0
1506158447,22099065,48.53,2.79000000,0
1506158447,22099064,48.52,3.00000000,0
1506158446,22099063,48.51,1.00000000,0
1506158446,22099062,48.50,50.00000000,0
1506158446,22099061,48.40,50.00000000,0
1506158446,22099060,48.40,20.00000000,0
1506158446,22099058,48.32,3.00000000,0
1506158446,22099057,48.31,3.16000000,0
1506158446,22099056,48.30,43.32834408,0
1506158446,22099055,48.29,20.00000000,0
1506158446,22099054,48.22,15.79000000,0
1506158446,22099053,48.19,50.00000000,0
1506158445,22099052,48.17,74.47600000,0
1506158404,22099041,47.97,15.62000000,1
1506158404,22099040,47.98,20.00000000,1
1506158404,22099039,48.01,14.36000000,1
1506158401,22099034,48.27,38.44478972,1
1506158401,22099033,48.26,167.74900000,0
1506158399,22099030,48.25,0.74000000,0
1506158004,22098815,48.10,0.73560000,1
1506157887,22098771,48.10,14.83764809,1
1506157630,22098680,48.10,0.67670000,1
1506157627,22098679,48.25,0.85000000,0
1506157623,22098676,48.25,2.00000000,0
1506157620,22098674,48.25,2.00000000,0
1506157616,22098672,48.25,2.00000000,0
1506157612,22098671,48.25,2.00000000,0
1506157609,22098669,48.25,2.00000000,0
1506157606,22098668,48.25,2.00000000,0
1506157602,22098642,48.25,2.00000000,0
1506157598,22098638,48.25,2.00000000,0
1506157594,22098637,48.25,2.00000000,0
1506157590,22098636,48.25,2.00000000,0
1506157587,22098635,48.25,2.00000000,0
1506157583,22098631,48.25,2.00000000,0
1506157575,22098628,48.25,2.00000000,0
1506157567,22098622,48.24,2.00000000,0
1506157564,22098619,48.23,0.99800000,1
1506157551,22098618,48.23,1.01000000,0
1506157548,22098615,48.23,2.00000000,0
1506157536,22098613,48.23,2.00000000,0
1506157533,22098612,48.23,2.00000000,0
1506157529,22098611,48.23,2.00000000,0
1506157526,22098610,48.23,2.00000000,0
1506157522,22098609,48.23,2.00000000,0
1506157519,22098605,48.23,2.00000000,0
1506157513,22098603,48.23,2.00000000,0
1506157509,22098601,48.23,2.00000000,0
1506157506,22098599,48.23,2.00000000,0
1506157502,22098598,48.10,1.12780000,1
1506157499,22098595,48.23,1.12000000,0
1506157495,22098594,48.22,0.87000000,0
1506157491,22098592,48.21,1.99600000,1
1506157479,22098585,48.01,0.86830000,1
1506157473,22098580,48.23,0.87000000,0
1506157470,22098578,48.20,1.13000000,0
1506157466,22098571,48.22,2.00000000,0
1506157463,22098567,48.22,2.00000000,0
1506157459,22098565,48.22,2.00000000,0
1506157455,22098564,48.22,2.00000000,0
1506157447,22098562,48.22,2.00000000,0
1506157444,22098559,48.22,2.00000000,0
1506157439,22098554,48.23,2.00000000,0
1506157425,22098553,48.24,2.00000000,0
1506157420,22098551,48.24,2.00000000,0
1506157415,22098550,48.24,2.00000000,0
1506157347,22098538,48.24,2.00000000,0
1506157342,22098530,47.99,1.99600000,1
1506157329,22098527,48.23,2.00000000,0
1506157325,22098526,48.23,2.00000000,0
1506157322,22098525,48.23,2.00000000,0
1506157318,22098523,48.23,2.00000000,0
1506157315,22098522,48.23,2.00000000,1
1506157312,22098516,48.23,2.00000000,0
1506157266,22098507,48.24,1.00000000,0
1506157247,22098504,47.99,0.84800000,1
1506157247,22098503,48.00,0.15000000,1
1506157240,22098492,48.18,1.00000000,0
1506157237,22098491,48.18,2.00000000,0
1506157232,22098489,48.18,2.00000000,0
1506157019,22098450,48.29,2.00000000,0
1506157015,22098448,48.29,5.57713812,0
1506156997,22098438,48.18,2.00000000,0
1506156993,22098434,48.18,2.00000000,0
1506156989,22098433,48.18,2.00000000,0
1506156986,22098431,48.18,2.00000000,0
1506156982,22098430,48.18,2.00000000,0
1506156979,22098428,48.18,2.00000000,0
1506156976,22098427,48.18,2.00000000,0
1506156972,22098424,48.18,2.00000000,0
1506156969,22098421,48.18,2.00000000,0
1506156965,22098416,48.18,2.00000000,0
1506156962,22098414,48.18,2.00000000,0
1506156959,22098407,48.18,2.00000000,1
1506156955,22098406,48.18,2.00000000,0
1506156952,22098402,48.18,2.00000000,0
1506156948,22098401,48.18,2.00000000,0
1506156945,22098399,48.18,2.00000000,1
1506156941,22098376,48.18,2.00000000,0
1506156741,22098284,48.27,1.96000000,0
1506156708,22098252,48.23,2.00000000,0
1506156705,22098246,48.22,2.00000000,0
1506156702,22098245,48.23,2.00000000,1
1506156698,22098243,48.23,2.00000000,0
1506156612,22098208,48.20,1.37000000,0
1506156603,22098197,48.21,0.63000000,0
1506156603,22098196,48.21,1.37000000,0
1506156599,22098193,48.20,2.00000000,0
1506156596,22098186,48.20,2.00000000,0
1506156592,22098177,48.20,2.00000000,0
1506156561,22098133,48.17,2.00000000,0
1506156558,22098127,48.17,2.00000000,0
1506156555,22098118,48.17,2.00000000,0
1506156550,22098111,48.17,2.00000000,0
1506156546,22098110,48.19,2.00000000,0
1506156352,22097975,48.21,1.37000000,0
1506156346,22097961,48.20,0.63000000,0
1506156343,22097959,48.20,2.00000000,0
1506156339,22097956,48.20,2.00000000,0
1506156339,22097954,48.00,1.35750000,1
1506156336,22097952,48.20,2.00000000,0
1506156328,22097948,48.20,2.00000000,0
1506156324,22097945,47.99,1.36350000,1
1506156322,22097941,48.20,1.37000000,0
1506156319,22097938,48.19,0.63626839,0
1506156315,22097931,48.19,2.00000000,0
1506156312,22097929,48.19,2.00000000,0
1506156309,22097926,48.19,2.00000000,0
1506156083,22097784,48.20,2.00000000,0
1506156077,22097780,48.20,2.00000000,0
1506156074,22097778,48.20,2.00000000,0
1506156071,22097776,48.20,2.00000000,0
1506156065,22097774,48.20,2.00000000,0
1506155732,22097658,48.17,0.58657087,0
1506155731,22097657,48.17,1.46694500,0
1506155534,22097532,47.99,8.82333334,0
1506155534,22097531,47.99,1.17666666,1
1506155480,22097489,48.23,3.00000000,0
1506155377,22097449,48.19,57.31920000,1
1506155357,22097443,48.18,43.66760000,1
1506155326,22097426,48.20,2.51400000,1
1506155319,22097425,48.20,2.48495185,0
1506155288,22097383,48.20,38.95616715,0
1506155287,22097382,48.19,0.03983285,0
1506155278,22097364,48.19,6.00000000,0
1506155178,22097353,48.20,8.25644900,0
1506155176,22097350,48.20,0.30243200,0
1506155013,22097276,48.12,2.76700000,0
1506154988,22097274,48.12,0.23300000,0
1506154988,22097273,48.11,29.55000000,0
1506154941,22097249,48.11,36.70255664,0
1506154855,22097177,48.00,75.30000000,0
1506154835,22097174,48.00,247.00000000,0
1506154811,22097147,48.00,177.70000000,0
1506154811,22097146,47.99,2.16446300,0
1506154809,22097145,47.99,14.27553700,0
1506154662,22096896,47.84,73.98778212,1
1506154527,22096812,47.72,0.18593785,1
1506154527,22096811,47.73,34.87000000,1
1506154404,22096717,47.62,20.05383905,1
1506154398,22096712,47.78,14.61385517,0
1506154200,22096548,47.60,21.67382100,1
1506154129,22096532,47.71,56.50702159,0
1506153976,22096454,47.41,28.04890176,0
1506153975,22096453,47.41,21.41000000,1
1506153852,22096405,47.32,21.45000000,1
1506153584,22096288,47.39,1.13822860,1
1506153531,22096258,47.50,17.02000000,0
1506153413,22096181,47.46,5.94000000,1
1506153406,22096173,47.59,70.78860000,1
1506153370,22096164,47.66,2.00000000,0
1506153356,22096150,47.57,2.10084034,1
1506153354,22096147,47.60,1.07390958,1
1506152122,22095761,47.77,41.58614193,0
1506152121,22095760,47.76,13.23000000,0
1506152120,22095759,47.76,7.91375633,0
1506151741,22095679,47.59,1.59959106,1
1506151703,22095661,47.58,4.21332493,1
1506151703,22095659,47.58,2.10084034,1
1506151538,22095633,47.75,82.39560209,1
1506151537,22095632,47.75,15.72000000,0
1506151223,22095507,47.69,6.62805432,0
1506151217,22095504,47.70,9.10601416,0
1506151191,22095477,47.70,50.00000000,1
1506150883,22095323,47.87,12.90808440,0
1506149086,22094823,48.03,2.77115632,0
1506147480,22093385,47.83,6.09121587,1
1506147254,22093191,47.78,3.68170000,1
1506146371,22092767,47.81,27.89730181,0
1506146371,22092766,47.74,118.00000000,0
1506146371,22092765,47.68,15.76000000,0
1506146369,22092764,47.66,47.59707563,0
1506145694,22092611,47.66,1.04000000,0
1506145668,22092580,47.57,20.41999998,1
1506145469,22092202,47.38,0.40000000,1
1506145457,22092103,47.50,0.00007778,0
1506145457,22092101,47.47,2.73426122,0
1506145453,22092079,47.47,37.13707563,0
1506145296,22091858,47.65,5.66702500,0
1506145285,22091853,47.49,3.76088000,0
1506145026,22091419,47.66,2.00000000,0
1506145010,22091411,47.49,2.00000000,0
1506145008,22091408,47.49,3.70963200,0
1506145006,22091407,47.49,2.00000000,0
1506145003,22091406,47.49,2.00000000,0
1506145000,22091404,47.49,0.29054700,0
1506145000,22091403,47.49,1.70945300,0
1506144998,22091400,47.49,2.14054700,0
1506144997,22091397,47.49,1.86000000,0
1506144997,22091396,47.49,0.14000000,0
1506144994,22091394,47.49,2.00000000,0
1506144986,22091393,47.49,9.20927400,0
1506144985,22091392,47.49,5.71017900,0
1506144985,22091391,47.49,2.14054700,0
1506144983,22091390,47.50,5.00000000,1
1506144982,22091389,47.49,12.06000000,0
1506144982,22091388,47.49,5.00000000,1
1506144935,22091373,47.70,20.30000000,0
1506144773,22091319,47.66,2.00000000,0
1506144734,22091301,47.64,2.00000000,0
1506144720,22091298,47.63,1.00000000,1
1506144690,22091267,47.68,1.30133573,1
1506144055,22091017,47.74,32.77000000,1
1506144048,22090990,47.79,1.14894900,0
1506144048,22090989,47.79,35.54778000,0
1506144016,22090957,47.87,5.10778600,0
1506144014,22090951,47.87,0.56082000,0
1506143997,22090926,47.87,17.06000000,0
1506143993,22090919,47.95,0.50000000,0
1506143992,22090911,47.88,47.47953214,0
1506143986,22090904,47.87,17.06000000,1
1506143930,22090863,48.00,0.02218593,1
1506143771,22090829,48.00,11.21860000,1
1506143710,22090806,47.86,4.99000000,1
1506143700,22090803,48.00,2.00000000,0
1506143700,22090802,47.86,70.84410000,1
1506143690,22090798,47.85,28.87220000,1
1506143614,22090753,48.00,0.50000000,0
1506143554,22090740,47.85,17.02590000,1
1506143544,22090737,47.86,65.91790000,1
1506143534,22090736,47.76,48.87790000,1
1506143534,22090734,47.84,17.06000000,1
1506143468,22090723,48.00,17.78916667,0
1506143233,22090658,48.04,9.83959300,0
1506143233,22090657,48.00,1.00000000,0
1506143231,22090656,48.00,5.14028267,0
1506143207,22090643,48.00,1.00000000,0
1506143113,22090559,48.00,9.41464700,0
1506143111,22090553,48.00,0.36644400,0
1506143093,22090532,48.00,1.00000000,0
1506143069,22090483,48.00,4.98750000,0
1506142985,22090348,47.83,16.79130000,1
1506142962,22090307,47.86,14.29520000,1
1506142961,22090304,47.86,17.89000000,1
1506142870,22090183,47.87,3.32979080,0
1506142863,22090170,47.87,6.90319197,0
1506142430,22089904,47.81,3.75549048,0
1506142337,22089894,47.74,4.18893500,0
1506141907,22089732,47.82,1.00000000,0
1506141785,22089653,47.73,6.91999999,0
1506141722,22089621,47.72,57.85000000,0
1506141712,22089619,47.73,19.08066206,1
1506141681,22089606,47.73,0.13505100,0
1506141680,22089605,47.73,6.13911600,0
1506141582,22089581,47.80,8.38675000,0
1506141515,22089537,47.60,0.24122472,0
1506141514,22089536,47.60,41.34777919,0
1506141512,22089534,47.61,22.47000000,1
1506141512,22089533,47.62,29.72000000,1
1506141512,22089532,47.63,4.49000000,1
1506141512,22089531,47.64,32.27308984,1
1506141163,22089434,47.73,1.00000000,1
1506141019,22089398,47.59,1.00000000,1
1506140981,22089373,47.70,1.00000000,1
1506140975,22089367,47.68,1.00000000,1
1506140930,22089336,47.62,1.00000000,1
1506140917,22089331,47.59,1.00000000,1
1506140872,22089312,47.70,1.87080000,1
1506140872,22089311,47.70,0.01150000,1
1506140857,22089303,47.70,29.48730000,1
1506140770,22089249,47.70,6.99720000,1
1506140719,22089214,47.71,22.96130000,1
1506140719,22089213,47.71,66.24000000,1
1506140670,22089162,47.55,3.09780000,1
1506140646,22089099,47.73,6.43250000,1
1506140645,22089094,48.00,178.09112633,0
1506140645,22089091,47.99,10.78000000,0
1506140644,22089088,47.92,3.00000000,0
1506140644,22089086,47.91,50.85000000,0
1506140644,22089084,47.89,2.27887367,0
1506140641,22089070,47.89,0.40000000,0
1506140635,22089053,47.73,49.98000000,1
1506140625,22089033,47.80,6.21760000,1
1506140624,22089031,47.80,23.12730000,1
1506140623,22089022,47.80,83.89650000,1
1506140620,22089011,47.89,6.22000000,1
1506140619,22089007,47.86,15.78000000,0
1506140619,22089005,47.81,7.00000000,0
1506140619,22089004,47.74,22.30475700,1
1506140618,22089003,47.74,10.32629100,1
1506140618,22089002,47.81,94.14590900,1
1506140617,22088998,47.81,32.85409100,1
1506140615,22088988,47.74,15.52780000,1
1506140615,22088981,47.87,131.00000000,0
1506140614,22088976,47.67,3.45115200,1
1506140613,22088971,47.67,50.28973000,1
1506140612,22088967,47.73,11.10027000,1
1506140605,22088954,47.74,37.28110000,1
1506140598,22088927,47.73,16.06000500,0
1506140595,22088909,47.67,3.41080433,1
1506140594,22088898,47.73,0.99999500,0
1506140594,22088896,47.73,0.00000500,0
1506140593,22088891,47.62,2.25210000,1
1506140590,22088886,47.73,17.05999500,0
1506140582,22088861,47.55,13.66460000,1
1506140570,22088803,47.57,17.06000000,0
1506140570,22088801,47.56,0.74000000,0
1506140566,22088781,47.46,2.13372000,1
1506140564,22088768,47.56,18.00000000,0
1506140544,22088663,47.38,9.05640000,1
1506140539,22088640,47.51,1.00000000,0
1506140539,22088638,47.50,10.68400000,0
1506140534,22088616,47.38,23.14680000,1
1506140529,22088563,47.50,10.68400000,0
1506140528,22088555,47.38,0.00000500,0
1506140528,22088554,47.38,24.99999500,0
1506140497,22088496,47.26,0.59980000,1
1506140449,22088487,47.31,0.27990000,1
1506140433,22088482,47.31,5.03900000,1
1506140393,22088480,47.32,49.98000000,1
1506140381,22088479,47.33,40.15300000,1
1506140371,22088478,47.29,32.95390000,1
1506140277,22088453,47.18,1.92930000,1
1506140239,22088418,47.06,21.84650000,1
1506140239,22088417,47.09,3.07000000,1
1506140239,22088415,47.21,15.30000000,1
1506140042,22088278,47.12,16.90000000,1
1506139885,22088212,47.37,0.63162339,0
1506139688,22088193,47.08,4.22060000,1
1506139678,22088186,47.07,1.53029750,1
1506139678,22088185,47.10,0.01210250,1
1506139672,22088181,47.33,73.97001690,1
1506139671,22088179,47.33,22.75998310,1
1506139669,22088177,47.33,118.00000000,0
1506139669,22088176,47.32,66.10000000,0
1506139669,22088175,47.29,19.17000000,0
1506139596,22088104,47.10,6.22960000,1
1506139562,22088059,47.12,11.17760000,1
1506139552,22088053,47.12,99.80000000,1
1506139541,22088039,47.07,14.96970000,1
1506139541,22088037,47.13,0.00030000,1
1506139531,22088034,47.13,0.15570000,1
1506139517,22088032,47.13,78.03670000,1
1506139503,22088031,47.13,38.80730000,1
1506139470,22088013,47.06,16.63670000,1
1506139460,22087986,47.07,16.63670000,1
1506139427,22087971,47.07,66.04770000,1
1506137986,22087772,47.11,0.44990000,1
1506137979,22087769,47.11,28.69199746,1
1506137115,22087588,46.97,2.74003192,0
1506137105,22087585,47.04,0.27597221,0
1506136579,22087494,47.16,11.93909030,1
1506136578,22087493,47.15,5.12090970,0
1506136578,22087492,47.15,14.57909030,1
1506136577,22087491,47.16,17.06000000,0
1506136573,22087490,47.15,20.00000000,1
1506136572,22087489,47.16,17.06000000,0
1506136551,22087488,47.17,0.00425962,1
1506136402,22087455,47.17,11.56240000,1
1506136104,22087394,47.04,12.47800000,1
1506136104,22087393,47.05,11.07000000,1
1506135756,22087310,47.15,5.00000000,1
1506135447,22087181,47.30,8.88221295,1
1506135411,22087179,47.31,2.12721000,0
1506135405,22087177,47.30,5.41335492,1
1506135405,22087176,47.30,0.00354508,1
1506135395,22087175,47.30,9.44030000,1
1506135385,22087170,47.30,1.18860000,1
1506135350,22087141,47.13,44.53970000,1
1506135350,22087140,47.18,0.01250000,1
1506135340,22087130,47.18,31.16360000,1
1506135330,22087129,47.18,49.98000000,1
1506135319,22087123,47.18,27.46000000,1
1506135319,22087122,47.23,22.52000000,1
1506135309,22087113,47.22,30.21000000,1
1506135309,22087110,47.22,19.77000000,1
1506135298,22087093,47.26,49.98000000,1
1506135288,22087064,47.31,23.85150000,1
1506135276,22086974,47.31,2.26310000,1
1506135266,22086905,47.32,1.95530000,1
1506135259,22086876,47.26,7.02248048,1
1506135256,22086874,47.25,6.60940000,1
1506135252,22086868,47.25,5.84265863,0
1506135247,22086862,47.25,1.87200487,0
1506135246,22086861,47.25,17.00000000,0
1506135245,22086860,47.18,3.06180000,1
1506135235,22086858,47.18,2.32210000,1
1506135206,22086846,47.04,49.98000000,1
1506135196,22086839,47.04,31.49000000,1
1506135196,22086838,47.05,12.42000000,1
1506135196,22086837,47.05,6.07000000,1
1506135182,22086835,47.05,49.98000000,1
1506135111,22086795,46.98,9.99600000,1
1506135107,22086786,47.25,47.70209375,1
1506135107,22086785,47.24,17.03000000,0
1506135107,22086784,47.21,65.81000000,0
1506134836,22086742,47.18,0.90000000,0
1506134564,22086651,46.97,37.86000000,1
1506134564,22086650,46.98,12.12000000,1
1506134548,22086648,47.04,1.18360000,1
1506134538,22086646,47.06,8.99640000,1
1506134528,22086644,47.05,37.98480000,1
1506134518,22086638,47.04,9.99600000,1
1506134467,22086600,47.06,22.28710000,1
1506134463,22086591,47.08,73.98778200,0
1506134454,22086589,47.04,14.99400000,1
1506134444,22086587,46.97,21.74130000,1
1506134410,22086557,46.97,23.99040000,1
1506134399,22086546,46.97,0.58980000,1
1506134388,22086540,46.98,1.05960000,1
1506134378,22086532,46.90,1.19960000,1
1506134368,22086531,46.92,15.56880000,1
1506134342,22086528,46.92,0.55980000,1
1506133812,22086442,46.80,18.18119000,1
1506133777,22086432,46.78,53.75000000,0
1506133639,22086401,46.76,7.75000000,0
1506133603,22086388,46.81,221.29466961,1
1506133552,22086366,46.81,3.09984987,1
1506133292,22086287,46.98,2.54597680,1
1506133027,22086241,47.08,49.98000000,1
1506132759,22086216,47.05,9.49620000,1
1506132611,22086190,46.97,2.13910000,1
1506132611,22086189,46.98,0.24000000,1
1506132606,22086187,47.00,46.51446809,1
1506132600,22086183,46.98,0.57980000,1
1506132504,22086169,46.85,5.00000000,0
1506131861,22085768,46.94,90.57058259,0
1506131859,22085767,46.85,2.14150780,0
1506131859,22085766,46.85,17.34000000,0
1506131760,22085756,46.81,6.00811500,1
1506131636,22085726,46.82,18.81450000,1
1506131619,22085721,46.81,1.18960000,1
1506131618,22085720,47.07,13.14319099,0
1506131617,22085719,47.06,3.42000000,0
1506131617,22085718,47.01,119.00000000,0
1506131617,22085717,46.92,17.12000000,0
1506131615,22085716,46.86,17.34000000,0
1506131575,22085698,46.81,40.40776552,1
1506131575,22085697,46.81,8.09668782,1
1506131567,22085694,46.81,77.61544100,1
1506131521,22085689,46.81,0.16748558,0
1506131272,22085646,46.81,4.83251442,0
1506131057,22085616,46.62,4.01170000,1
1506131057,22085615,46.67,4.41000000,1
1506130996,22085588,46.64,4.86810000,1
1506130730,22085432,46.54,4.88810000,1
1506130345,22085381,46.49,1.63777156,0
1506130313,22085352,46.49,1.53065175,0
1506130281,22085331,46.51,8.11846914,1
1506130279,22085330,46.49,17.04000000,0
1506129740,22085173,46.51,4.89972000,1
1506129721,22085161,46.51,1.79896775,1
1506129717,22085159,46.51,9.52991300,1
1506129698,22085151,46.51,8.31157400,1
1506129696,22085149,46.51,16.37048300,1
1506129508,22085076,46.38,4.46997695,1
1506129501,22085072,46.46,7.78000000,0
1506129501,22085071,46.45,4.47000000,0
1506129498,22085060,46.39,43.00002478,0
1506129496,22085058,46.44,25.55124892,1
1506129488,22085051,46.45,22.02281532,0
1506129475,22085036,46.42,3.00000000,1
1506129130,22084896,46.50,10.85915069,1
1506129128,22084895,46.51,10.00000000,0
1506129122,22084894,46.51,4.47725823,1
1506129122,22084893,46.52,6.87000000,1
1506129121,22084892,46.53,3.24716699,1
1506129067,22084874,46.77,3.15929014,1
1506129067,22084873,46.77,0.53584990,1
1506129064,22084863,46.76,10.79000000,0
1506129035,22084834,46.69,2.83557836,0
1506128999,22084815,46.70,18.25000000,0
1506128961,22084768,46.77,18.86038058,0
1506128885,22084667,46.84,6.21429936,0
1506128810,22084510,46.63,45.24857000,0
1506128804,22084507,46.64,6.64111300,1
1506128804,22084506,46.64,0.20117000,1
1506128804,22084505,46.73,2.41091000,1
1506128801,22084504,46.73,2.41091000,1
1506128801,22084503,46.73,2.41091000,1
1506128799,22084502,46.73,2.41091000,1
1506128798,22084501,46.73,2.41091000,1
1506128798,22084500,46.74,2.36388427,1
1506128798,22084499,46.84,2.06790124,0
1506128797,22084498,46.84,1.68773946,0
1506128797,22084497,46.83,0.99702001,0
1506128795,22084495,46.83,2.00297999,0
1506128790,22084478,46.85,5.61792252,0
1506128790,22084476,46.85,1.53000000,0
1506128789,22084475,46.46,43.09300000,1
1506128789,22084472,46.49,2.80000000,1
1506128789,22084471,46.49,30.16200000,0
1506128788,22084470,46.50,1.78000000,1
1506128788,22084467,46.51,142.78200000,0
1506128787,22084466,46.55,8.88000000,1
1506128787,22084464,46.62,3.00000000,1
1506128787,22084463,46.62,15.00000000,0
1506128785,22084457,46.64,28.50300000,1
1506128784,22084455,46.84,6.57000000,0
1506128771,22084448,46.82,3.00000000,1
1506128767,22084441,46.83,6.20670510,1
1506128732,22084395,46.98,2.64218816,1
1506128722,22084378,46.83,3.00000000,1
1506128711,22084360,46.91,7.61202302,1
1506128703,22084353,46.93,0.00000042,1
1506128702,22084349,46.93,7.89260558,1
1506128702,22084347,47.01,0.00000042,1
1506128701,22084345,47.01,6.58011000,1
1506128687,22084300,47.10,5.11880724,1
1506128687,22084296,47.09,9.27000000,0
1506128682,22084255,47.08,0.37831780,1
1506128680,22084241,47.10,0.63883542,0
1506128676,22084221,47.08,0.37831780,0
1506128674,22084207,47.08,0.37831780,1
1506128671,22084183,47.10,2.24299660,0
1506128671,22084181,47.10,11.80199282,0
1506128669,22084175,47.08,0.57704944,0
1506128667,22084161,47.08,0.37831780,1
1506128667,22084154,47.11,1.58679966,0
1506128666,22084149,47.11,13.70585738,0
1506128663,22084125,47.12,1.15459517,0
1506128663,22084122,47.08,0.37858270,0
1506128662,22084106,47.08,14.62141730,1
1506128658,22084060,47.12,1.56585125,0
1506128658,22084057,47.08,0.46234463,0
1506128657,22084045,47.08,14.53765537,1
1506128654,22084006,47.08,0.05525278,0
1506128652,22083995,47.01,8.04111040,1
1506128652,22083990,47.08,0.66859305,0
1506128651,22083982,47.08,0.27615417,1
1506128648,22083953,47.08,0.02325540,0
1506128647,22083945,47.08,0.60265824,0
1506128646,22083932,47.08,0.32519462,1
1506128646,22083930,47.08,10.97927033,1
1506128646,22083928,47.08,5.06962141,1
1506128642,22083904,47.12,1.69175323,0
1506128642,22083902,47.12,1.11871952,0
1506128640,22083888,47.08,9.45661400,1
1506128639,22083885,47.12,2.65189739,0
1506128633,22083848,47.15,22.41043035,0
1506128632,22083846,47.15,2.38096247,0
1506128632,22083843,47.08,0.30749482,1
1506128631,22083841,47.08,8.41139725,1
1506128630,22083833,47.16,1.51558193,0
1506128629,22083826,47.17,11.76234895,0
1506128621,22083771,47.08,6.11000000,1
1506128617,22083743,47.08,2.35921200,0
1506128578,22083587,47.22,16.81000000,1
1506128577,22083580,47.12,16.81000000,1
1506128100,22083271,47.40,57.32128868,0
1506128100,22083270,47.39,6.45000000,0
1506127817,22083227,47.45,16.68000000,1
1506127813,22083225,47.45,0.66000000,0
1506127812,22083224,47.45,17.34000000,1
1506127262,22083044,47.56,3.61794999,1
1506127200,22083015,47.92,53.94449081,0
1506127200,22083014,47.90,3.28000000,0
1506127199,22083013,47.85,116.00000000,0
1506127199,22083012,47.76,17.34000000,0
1506127199,22083011,47.75,16.42000000,0
1506127197,22083010,47.74,69.05239827,0
1506127138,22083002,47.59,9.68515525,0
1506127016,22082951,47.60,24.67740000,1
1506127015,22082948,47.62,6.44824500,1
1506127006,22082947,47.69,17.34000000,0
1506126966,22082914,47.48,2.54542587,1
1506126963,22082910,47.66,19.11000000,0
1506126930,22082902,47.55,10.90800000,0
1506126928,22082900,47.49,2.17788806,0
1506126928,22082899,47.49,23.59000000,0
1506126928,22082898,47.44,2.54211194,0
1506126666,22082840,47.23,2.54556038,0
1506126655,22082833,47.23,16.32000000,0
1506126596,22082824,47.27,1.11000000,0
1506126503,22082799,46.98,19.44000000,0
1506126402,22082731,46.96,19.38994682,0
1506126369,22082697,47.02,1.99021000,0
1506126363,22082664,47.07,16.89005550,0
1506126363,22082663,47.07,0.44994450,0
1506126362,22082660,47.07,20.55005550,1
1506126358,22082658,47.10,20.55011223,1
1506126334,22082650,47.05,0.75636000,1
1506126332,22082646,47.05,7.37208800,1
1506126332,22082644,47.14,13.89654975,0
1506126328,22082643,47.11,14.68337369,1
1506126314,22082623,46.85,23.52556099,0
1506126314,22082622,46.85,0.42553191,0
1506126314,22082621,46.85,12.20000000,0
1506126314,22082619,47.00,0.77774658,0
1506126313,22082616,47.00,0.75116052,0
1506126311,22082609,46.84,26.08790771,1
1506126310,22082606,46.91,2.94000000,1
1506126310,22082605,46.91,129.00000000,1
1506126310,22082603,47.00,50.00000000,1
1506126309,22082602,47.01,66.02000000,1
1506126309,22082601,47.02,3.00000000,1
1506126309,22082600,47.12,1.95209229,1
1506126308,22082597,47.22,3.00000000,1
1506126270,22082578,47.27,12.96022836,0
1506126268,22082575,47.27,6.25290000,0
1506126268,22082574,47.27,6.25290513,0
1506126259,22082556,47.27,3.08916120,0
1506126259,22082554,47.32,27.13881259,1
1506126258,22082551,47.32,0.30118741,0
1506126258,22082549,47.32,27.13881259,0
1506126228,22082375,47.33,7.86996284,1
1506126221,22082370,47.32,0.66454050,0
1506126217,22082367,47.33,11.04506414,1
1506126216,22082365,47.33,14.46039536,1
1506126202,22082326,47.33,48.46001369,0
1506126088,22082244,47.41,1.52000000,0
1506126086,22082238,47.33,1.52000000,0
1506126086,22082236,47.33,52.90991968,0
1506126028,22082170,47.41,14.39565167,0
1506125931,22082124,47.46,9.31000000,0
1506125923,22082116,47.47,14.99999976,0
1506125921,22082114,47.47,0.25000000,0
1506125913,22082099,47.47,23.99999952,0
1506125907,22082097,47.55,10.25000000,0
1506125859,22082070,47.61,0.15000000,0
1506125843,22082066,47.34,38.23450386,1
1506125843,22082065,47.34,11.59000000,1
1506125843,22082062,47.34,2.06589614,1
1506125841,22082059,47.52,12.60960000,1
1506125839,22082058,47.50,1.14040000,0
1506125823,22082046,47.50,16.85960000,0
1506125821,22082045,47.50,20.99847800,0
1506125821,22082044,47.50,1.00152200,0
1506125806,22082030,47.53,15.00483701,0
1506125805,22082028,47.53,1.14040000,0
1506125799,22082023,47.55,16.85960000,0
1506125785,22082008,47.55,23.70332389,0
1506125785,22082007,47.52,0.01233511,0
1506125784,22082006,47.52,73.98766489,1
1506125781,22081999,47.55,12.70031000,0
1506125772,22081973,47.55,14.99999976,0
1506125234,22081729,47.80,5.00000000,1
