date,tid,price,amount,type
1506210427,22134218,0.14997,572.76209531,0
1506210250,22134013,0.14944,710.88888300,1
1506210237,22133998,0.15000,2985.00000000,1
1506210205,22133912,0.15000,810.45992000,1
1506210182,22133825,0.15000,1017.46554500,1
1506210151,22133719,0.15000,2985.00000000,1
1506210143,22133699,0.15000,1985.00000000,1
1506210096,22133602,0.14985,42.00000000,0
1506210040,22133492,0.15005,1668.14370000,1
1506210034,22133488,0.15004,272.27550600,1
1506210017,22133464,0.15003,1749.47833500,1
1506210008,22133443,0.15008,192.00000000,1
1506210007,22133442,0.15009,880.68447700,1
1506209911,22133367,0.15002,365.50550000,1
1506209900,22133363,0.15003,2500.00000000,1
1506209725,22133197,0.15004,6217.57293000,1
1506209725,22133196,0.15005,584.88110000,1
1506209725,22133195,0.15005,1915.11890000,1
1506209612,22133117,0.15016,148.43930000,1
1506209596,22133106,0.15010,340.07447950,1
1506209591,22133100,0.15000,6769.71980016,0
1506209590,22133095,0.15000,1915.11890000,0
1506209590,22133094,0.14994,947.82134000,0
1506209590,22133093,0.14992,7137.05976000,0
1506209589,22133092,0.14992,10000.00000000,0
1506208839,22132656,0.14937,42.00000000,0
1506207711,22132214,0.14925,192.00000000,1
1506207694,22132208,0.14918,5000.00000000,0
1506207606,22132183,0.14900,42.00000000,0
1506207138,22131988,0.14942,1100.45896000,0
1506206510,22131768,0.14942,1307.47594284,1
1506206510,22131767,0.14942,0.00004716,1
1506206497,22131745,0.14943,814.55675975,1
1506206483,22131734,0.14943,1488.86748000,1
1506206479,22131729,0.14943,196.57576025,1
1506206474,22131725,0.14940,199.59197284,0
1506206474,22131724,0.14940,1453.32268000,0
1506206467,22131710,0.14940,199.58706031,1
1506206463,22131708,0.14938,0.00001826,0
1506206463,22131707,0.14938,201.09400000,0
1506206457,22131703,0.14938,44.27390000,1
1506206457,22131702,0.14938,44.27390000,1
1506206457,22131701,0.14938,20.27548174,1
1506206454,22131694,0.14938,23.99841826,1
1506206454,22131693,0.14938,44.27390000,1
1506206454,22131692,0.14938,44.27390000,1
1506206454,22131691,0.14938,44.27390000,1
1506206454,22131689,0.14938,44.27390000,1
1506206445,22131686,0.14939,202.61735128,1
1506206445,22131685,0.14939,44.27390000,1
1506206445,22131684,0.14939,18.75214872,1
1506206444,22131683,0.14939,25.52175128,1
1506206444,22131682,0.14939,44.27390000,1
1506206444,22131681,0.14939,44.27390000,1
1506206444,22131680,0.14939,44.27390000,1
1506206444,22131679,0.14939,44.27390000,1
1506206436,22131676,0.14927,0.00002000,0
1506206436,22131675,0.14927,44.27390000,0
1506206418,22131667,0.14927,115.72608000,1
1506206410,22131659,0.14927,160.00000000,0
1506205451,22131270,0.14894,1500.00000000,1
1506205230,22130951,0.14919,249.85166000,1
1506205217,22130950,0.14924,1885.00760000,1
1506205216,22130949,0.14924,1885.00760000,1
1506205208,22130947,0.14918,1885.00760000,0
1506205206,22130946,0.14916,0.00003000,0
1506205206,22130945,0.14916,4776.07940000,0
1506205203,22130941,0.14889,160.00000000,0
1506205045,22130883,0.14925,317.34761000,1
1506205045,22130882,0.14925,332.00000000,1
1506205045,22130881,0.14925,332.00000000,1
1506205045,22130880,0.14925,332.00000000,1
1506205045,22130879,0.14925,332.00000000,1
1506205032,22130871,0.14926,2500.00000000,1
1506205022,22130869,0.14900,332.00000000,0
1506205004,22130861,0.14900,332.00000000,1
1506204903,22130822,0.14927,160.00000000,0
1506204631,22130669,0.14900,34.00000000,1
1506204600,22130629,0.14901,34.00000000,1
1506204577,22130609,0.14902,34.00000000,1
1506204506,22130567,0.14901,34.00000000,1
1506204260,22130449,0.14900,34.00000000,1
1506204173,22130410,0.14901,306.00000000,1
1506204131,22130400,0.14901,35.00000000,1
1506203463,22129990,0.14997,3457.95702883,0
1506203463,22129989,0.14981,0.42698300,0
1506203446,22129962,0.14999,609.86101700,1
1506203437,22129957,0.14999,1417.15322300,1
1506203429,22129954,0.14999,463.14800000,1
1506203426,22129948,0.14999,665.13800000,1
1506203424,22129947,0.14999,747.32800000,1
1506203421,22129944,0.14999,776.54600000,1
1506203414,22129939,0.14999,1134.15000000,1
1506203413,22129938,0.15000,1918.11029500,1
1506203380,22129914,0.14999,8790.07806500,1
1506203380,22129912,0.15000,5813.32424000,1
1506203356,22129902,0.15000,11181.95324100,1
1506203356,22129901,0.15001,2500.00000000,1
1506203336,22129888,0.15000,153.03101350,0
1506203329,22129887,0.14999,8025.03389500,1
1506203328,22129885,0.15000,4425.45836000,0
1506203327,22129884,0.14999,2496.26000000,1
1506203316,22129881,0.14999,4875.30380000,0
1506203140,22129780,0.14999,1321.70859390,0
1506202997,22129737,0.15000,798.00493333,0
1506202752,22129660,0.14998,332.54640619,0
1506202682,22129624,0.14999,206.56030402,1
1506202680,22129623,0.14998,1382.99780000,0
1506202491,22129505,0.14992,532.28715315,0
1506202265,22129432,0.14975,2653.39923338,1
1506202257,22129431,0.14999,835.00000000,0
1506202122,22129332,0.14975,8149.31395000,0
1506201794,22129165,0.14987,100.03676520,0
1506201497,22129071,0.14984,3343.23078200,0
1506201167,22128946,0.14975,150.00115845,0
1506201134,22128927,0.14984,634.44528200,0
1506201047,22128861,0.14984,150.19694122,0
1506200947,22128805,0.14998,300.39292783,1
1506200939,22128791,0.14998,119.74713006,1
1506200939,22128789,0.14998,420.14005789,1
1506200939,22128787,0.14998,420.14005789,1
1506200939,22128785,0.14998,1000.00000000,1
1506200939,22128784,0.15000,10299.56467216,1
1506200926,22128781,0.15000,300.39292800,1
1506200880,22128752,0.15054,135.37666872,0
1506200880,22128751,0.15003,0.00000280,0
1506200875,22128735,0.15003,420.00006720,1
1506200537,22128501,0.15106,732.17025307,0
1506199761,22128162,0.15100,0.00000014,1
1506199734,22128142,0.15100,14754.04227800,1
1506199732,22128141,0.15061,294.00000000,0
1506198462,22127646,0.15083,294.00000000,0
1506197482,22126918,0.15076,294.30696485,1
1506197295,22126782,0.15100,3303.33026490,0
1506197151,22126662,0.15130,660.00000000,1
1506197017,22126477,0.15076,729.21258341,0
1506197015,22126473,0.15043,294.00000000,0
1506196661,22126250,0.15020,582.59952800,1
1506196661,22126247,0.15021,3445.25863000,1
1506196660,22126245,0.15023,500.00000000,1
1506196646,22126217,0.15020,1402.70912248,1
1506196646,22126216,0.15032,492.28890852,1
1506196642,22126205,0.15113,61.80976643,0
1506196602,22126179,0.15008,3392.23831013,1
1506196602,22126178,0.15030,500.78480387,1
1506196601,22126177,0.15031,2216.57188600,1
1506196598,22126176,0.15031,283.42811400,1
1506196588,22126167,0.15150,14103.57011033,1
1506196588,22126166,0.15150,9403.93319000,1
1506196588,22126165,0.15133,744.85886000,0
1506196588,22126164,0.15120,1000.00000000,0
1506196587,22126163,0.15112,41271.55994308,0
1506196587,22126162,0.15111,363.47150000,0
1506196587,22126160,0.15100,1000.00000000,0
1506196586,22126159,0.15094,1817.35751000,0
1506196586,22126158,0.15094,500.00000000,1
1506196586,22126157,0.15059,317.13546966,0
1506196584,22126149,0.15056,748.63961000,0
1506196525,22126100,0.15031,1925.91145800,1
1506196488,22126041,0.15033,130.00000000,0
1506196488,22126040,0.15030,500.00000000,0
1506196279,22125778,0.15002,119.80818400,1
1506196277,22125771,0.15002,1983.40221300,1
1506196251,22125744,0.15003,4817.65976500,1
1506196095,22125479,0.15001,3161.29679000,1
1506196093,22125478,0.15000,10599.95760016,1
1506196093,22125477,0.15000,32828.85953177,0
1506196093,22125476,0.15000,1008.64314304,0
1506196093,22125475,0.15000,1000.00000000,0
1506196092,22125474,0.15000,3390.00000000,0
1506196058,22125428,0.14999,438.00000000,1
1506196050,22125426,0.14999,629.37000000,1
1506196046,22125422,0.14999,183.22801374,1
1506195987,22125393,0.14998,1000.00000000,0
1506195500,22125153,0.14998,397.67000000,0
1506195482,22125150,0.14999,287.22834321,0
1506195482,22125149,0.14999,377.77165679,0
1506195474,22125135,0.14998,665.09000000,0
1506195467,22125128,0.14997,300.18678419,0
1506195467,22125127,0.14997,364.90321581,0
1506195460,22125126,0.14997,665.04000000,0
1506195452,22125123,0.14998,665.04000000,0
1506195445,22125121,0.14990,665.27000000,0
1506195431,22125114,0.14994,665.04000000,0
1506195420,22125107,0.14996,665.09000000,0
1506195418,22125106,0.14996,665.18000000,0
1506195416,22125105,0.14996,665.18000000,0
1506195413,22125089,0.14995,665.13000000,0
1506195394,22125047,0.14997,665.00000000,0
1506195377,22125043,0.14985,665.04000000,0
1506195361,22125041,0.14986,665.58000000,0
1506195346,22125039,0.14988,665.53000000,0
1506195339,22125034,0.14986,665.22000000,0
1506195320,22125023,0.14988,665.53000000,0
1506195304,22125015,0.14987,665.53000000,0
1506195229,22124982,0.14980,665.75000000,0
1506195221,22124972,0.14982,665.71000000,0
1506195218,22124971,0.14982,665.04000000,0
1506195216,22124970,0.14982,665.04000000,0
1506195213,22124966,0.14983,665.04000000,0
1506195158,22124944,0.14962,666.69000000,1
1506195135,22124934,0.14961,666.69000000,0
1506194991,22124813,0.14959,666.60000000,0
1506194855,22124772,0.14981,665.67000000,0
1506194718,22124735,0.14972,666.20000000,0
1506194582,22124562,0.14974,666.15000000,1
1506194520,22124533,0.14913,70.57818000,1
1506194444,22124497,0.14982,665.53000000,0
1506193939,22124305,0.14876,35.00000027,1
1506193362,22124086,0.14902,3005.42779000,0
1506193220,22124044,0.14904,206.00000000,0
1506193039,22123967,0.14986,250.27512345,0
1506192994,22123945,0.14924,400.00000000,1
1506192986,22123935,0.14921,62.00000000,0
1506192813,22123853,0.14935,1376.79696350,1
1506192810,22123852,0.14936,712.58459300,0
1506192740,22123801,0.14935,923.97125600,1
1506192736,22123798,0.14935,998.32137727,1
1506192736,22123797,0.14950,378.51622073,1
1506191542,22123279,0.14935,35.00000000,1
1506191473,22123201,0.14998,35.00000000,0
1506191436,22123191,0.14997,35.00000000,0
1506191331,22123161,0.14993,1223.97932368,0
1506191064,22123008,0.14935,2938.00000000,1
1506190983,22122965,0.14978,3323.24482574,0
1506190932,22122948,0.14998,1662.73203094,0
1506190860,22122899,0.14991,3327.01694350,0
1506190833,22122889,0.14930,62.00000000,0
1506190674,22122777,0.14926,62.00000000,0
1506189483,22122121,0.14864,847.57573403,1
1506189483,22122120,0.14882,1046.43180797,1
1506189483,22122119,0.14906,0.81086000,1
1506189060,22121952,0.14882,1156.69914000,0
1506189045,22121947,0.14884,1156.69914000,1
1506189032,22121938,0.14882,1156.69914000,1
1506188468,22121524,0.14977,611.32683447,0
1506188466,22121522,0.14913,55.00000000,0
1506188423,22121508,0.14981,143.86609706,0
1506187832,22121071,0.14866,692.75780000,0
1506187288,22120722,0.14866,33.54991255,0
1506186787,22120538,0.14920,11890.82027000,0
1506186712,22120513,0.14896,970.98818475,0
1506186204,22120269,0.14810,2069.91836597,1
1506186147,22120239,0.14881,321.48196021,0
1506186145,22120238,0.14846,55.00000000,0
1506186025,22120137,0.14800,3283.57243663,1
1506186025,22120136,0.14803,7076.27319551,1
1506186025,22120133,0.14807,333.70290344,1
1506186025,22120131,0.14809,1545.37643277,0
1506186023,22120129,0.14809,685.46154365,1
1506185892,22120046,0.14800,36.00000000,0
1506185432,22119763,0.14709,1834.67873648,0
1506185431,22119762,0.14713,5.01440073,1
1506185431,22119761,0.14717,1000.00000000,1
1506185431,22119760,0.14718,428.13130959,1
1506185430,22119759,0.14720,428.01500906,1
1506185430,22119758,0.14720,500.00000000,1
1506185430,22119757,0.14722,338.99988614,1
1506185430,22119756,0.14737,1593.74286700,0
1506185430,22119755,0.14737,841.41779100,0
1506185425,22119754,0.14722,339.00000000,0
1506185172,22119636,0.14812,127.10068000,0
1506185169,22119629,0.14771,90.90000000,0
1506184914,22119454,0.14768,90.90000000,1
1506184837,22119417,0.14768,90.90000000,1
1506183617,22118797,0.14758,101.00000000,0
1506183274,22118556,0.14738,4168.30164900,1
1506183274,22118555,0.14776,748.63961000,1
1506183274,22118554,0.14777,1385.69057000,1
1506183267,22118520,0.14782,8100.00000000,1
1506183266,22118518,0.14785,426.19157482,1
1506183266,22118516,0.14786,6925.01488000,1
1506183266,22118513,0.14787,854.49132000,1
1506183097,22118348,0.14890,35.84412357,0
1506182972,22118260,0.14849,424.12658170,1
1506182972,22118258,0.14851,744.85886000,1
1506182972,22118257,0.14859,0.00000029,1
1506182513,22118032,0.14863,538.00000000,0
1506182500,22118029,0.14862,101.00000000,0
1506182267,22117908,0.14963,1664.00120296,1
1506182265,22117907,0.14914,158.00000000,0
1506182205,22117888,0.14900,1000.00000000,1
1506181094,22117398,0.14859,672.99999971,1
1506181094,22117397,0.14880,708.70766129,1
1506180855,22117259,0.14910,50.00000000,1
1506180653,22117125,0.14926,302.64189000,1
1506180652,22117124,0.14904,4876.31811000,0
1506180652,22117123,0.14902,158.00000000,0
1506180539,22117076,0.14900,1759.90000000,1
1506180429,22117037,0.14900,2045.95459447,1
1506180375,22116958,0.14871,299.90259605,1
1506180375,22116957,0.14872,11217.20597000,0
1506180374,22116956,0.14918,422.39266861,0
1506180374,22116955,0.14918,422.39266861,1
1506180374,22116954,0.14918,422.39266861,1
1506180374,22116953,0.14918,422.39266861,1
1506180372,22116952,0.14920,4030.32075951,1
1506180233,22116745,0.14920,471.08397208,1
1506180122,22116647,0.14920,550.24000000,1
1506180120,22116645,0.14921,4057.45000000,1
1506179954,22116592,0.14990,606.28945964,0
1506179900,22116562,0.14998,222.00000000,0
1506179410,22116329,0.14998,4992.20725016,0
1506179410,22116327,0.14982,0.43009984,0
1506179395,22116314,0.15000,614.68290016,1
1506179216,22116258,0.15000,4846.63735000,1
1506179216,22116257,0.15001,5025.10865000,1
1506179211,22116256,0.15001,3822.06027065,1
1506179211,22116255,0.15001,104.05972935,1
1506179182,22116248,0.15004,556.80900000,1
1506179115,22116228,0.15001,100.00000000,1
1506178872,22116070,0.15072,1655.19273414,0
1506178871,22116069,0.15040,158.00000000,1
1506178783,22116023,0.15010,4843.63000000,1
1506178781,22116013,0.15010,2695.88000000,1
1506178780,22116006,0.15011,2215.48000000,1
1506178677,22115950,0.15088,442.17656230,0
1506178677,22115949,0.15087,317.20952000,0
1506178676,22115948,0.15030,1000.00000000,0
1506177780,22115621,0.15098,11386.38307570,1
1506177779,22115620,0.15083,451.44387000,0
1506177779,22115619,0.15083,2257.21937000,0
1506177779,22115618,0.15050,1000.00000000,0
1506177779,22115617,0.15040,1000.00000000,0
1506177777,22115616,0.15030,433.63233533,0
1506177758,22115612,0.15030,66.36766467,0
1506177683,22115576,0.15000,146.00000000,1
1506177613,22115563,0.15016,35.00000000,0
1506177590,22115535,0.15002,3465.65909688,1
1506177567,22115527,0.15024,6405.10000000,1
1506177567,22115526,0.15000,500.00000000,0
1506177262,22115445,0.15000,500.00000000,0
1506177248,22115435,0.15000,8141.56059400,1
1506177179,22115391,0.15000,264.13509693,1
1506177140,22115374,0.15001,9106.62400000,1
1506177139,22115373,0.15000,10599.95759981,1
1506177139,22115372,0.15000,2146.43224509,1
1506177139,22115371,0.15026,0.00000010,1
1506177106,22115363,0.15056,265.22994214,0
1506177104,22115361,0.15036,397.75857884,0
1506177051,22115347,0.15033,2828.85046231,0
1506177049,22115346,0.15030,1000.00000000,0
1506176932,22115290,0.15033,67.31862402,0
1506176704,22115156,0.15026,944.12893200,1
1506176575,22115101,0.15026,2389.03501390,1
1506176558,22115083,0.15026,6666.83605400,1
1506176491,22115043,0.15050,1000.99990000,0
1506176469,22115028,0.15030,121.70425815,0
1506176469,22115027,0.15026,181.00000000,0
1506176277,22114946,0.15030,378.29574185,0
1506175222,22114376,0.15063,334.86276019,0
1506175214,22114361,0.15063,2091.81513800,0
1506175210,22114349,0.15050,153.86276000,0
1506175210,22114348,0.15033,181.00000000,0
1506175204,22114341,0.15050,1969.51827200,0
1506175076,22114295,0.15050,13967.70124000,1
1506175073,22114283,0.15050,2804.16769862,1
1506174929,22114185,0.15136,420.93855708,0
1506174929,22114184,0.15100,2000.00000000,0
1506174927,22114183,0.15063,221.00000000,0
1506173991,22113596,0.15000,121.16102494,0
1506173989,22113583,0.15000,9567.09032306,0
1506173989,22113582,0.14990,121.16101994,0
1506173836,22113415,0.14990,898.44409606,0
1506173618,22113270,0.14881,1450.00000000,1
1506173495,22113200,0.14870,65.00000000,1
1506172852,22112851,0.14863,352.49488388,1
1506172852,22112850,0.14900,572.70674350,1
1506172852,22112849,0.14900,574.79837262,1
1506172844,22112843,0.14990,131.49488400,1
1506172843,22112842,0.14990,1147.50511600,1
1506172842,22112841,0.14949,221.00000000,0
1506172695,22112774,0.14977,4900.39240168,0
1506172694,22112773,0.14975,3174.67568000,0
1506172670,22112756,0.14933,1603.15761493,1
1506172651,22112748,0.14933,1232.15300000,1
1506172410,22112618,0.14933,2496.48429700,1
1506172406,22112613,0.14933,2011.07547300,1
1506172343,22112581,0.14924,4623.04375545,0
1506172343,22112580,0.14923,28.11210088,0
1506172343,22112579,0.14923,236.76894687,0
1506172343,22112578,0.14900,28.11210088,0
1506172341,22112571,0.14900,544.59464262,0
1506172211,22112348,0.14900,1614.12364900,0
1506172099,22112219,0.14900,158.00000000,0
1506172090,22112214,0.14900,536.61532600,1
1506172047,22112174,0.14900,103.38467400,1
1506171980,22112104,0.14999,8064.57624000,0
1506171980,22112103,0.14966,4680.47729000,0
1506171980,22112102,0.14956,17254.94647000,0
1506171851,22111917,0.15000,9688.25134800,1
1506171803,22111883,0.15001,2128.80126700,1
1506171793,22111881,0.14999,1393.16060000,0
1506171687,22111822,0.14968,221.00000000,0
1506171667,22111811,0.15000,1907.80126700,1
1506171667,22111810,0.15001,841.22433000,1
1506171558,22111707,0.15001,200.00000000,1
1506171489,22111671,0.15001,474.20913000,0
1506171389,22111604,0.15004,157.02031000,0
1506171388,22111603,0.15002,2148.42132200,1
1506171297,22111580,0.14908,500.00000000,1
1506170773,22111310,0.15003,1190.00000000,0
1506170487,22111253,0.15003,5847.67966716,1
1506170455,22111222,0.15000,4752.27793300,0
1506170449,22111216,0.14961,7938.14406608,1
1506170449,22111215,0.14962,2267.85593392,1
1506170404,22111194,0.14973,965.00000000,0
1506170401,22111189,0.14946,560.47724000,1
1506170308,22111148,0.14997,1190.00000000,0
1506170108,22111031,0.14999,333.32022134,1
1506169906,22110916,0.14950,959.26421000,1
1506169725,22110735,0.14992,1821.94488949,0
1506169714,22110715,0.14999,2000.00000000,1
1506169711,22110713,0.15000,7898.03187300,1
1506169683,22110694,0.15000,879.98083767,1
1506169683,22110693,0.15000,6233.94813533,1
1506169650,22110646,0.15001,1867.07889300,1
1506169644,22110637,0.15001,994.45187500,1
1506169644,22110636,0.15001,1617.03537400,1
1506169644,22110635,0.15001,5340.25937600,1
1506169640,22110627,0.15000,13619.78519800,1
1506169639,22110621,0.15001,127.23216900,1
1506169594,22110567,0.15050,54.52275435,0
1506169548,22110504,0.15001,4687.80320887,1
1506169548,22110503,0.15002,1885.05079113,1
1506169341,22110352,0.15038,350.00000000,0
1506169010,22110056,0.15049,2353.36368000,1
1506169010,22110055,0.15050,1574.43478000,1
1506169010,22110053,0.15050,7873.20154000,1
1506168821,22109769,0.15198,600.00000000,0
1506168782,22109696,0.15192,1507.06661400,0
1506168780,22109692,0.15151,1451.84490136,0
1506168599,22109169,0.15114,1353.70810000,1
1506168565,22109138,0.15104,220.19246000,0
1506168532,22109120,0.15097,5433.72548000,1
1506168439,22109060,0.15104,1000.00000000,0
1506168350,22108959,0.15151,2843.46777300,0
1506168317,22108926,0.15151,2966.94867300,0
1506168118,22108639,0.15151,9423.98343343,0
1506168117,22108637,0.15139,733.59186000,0
1506168117,22108636,0.15139,3667.95932000,0
1506168117,22108635,0.15098,5000.00000000,0
1506168115,22108631,0.15071,965.00000000,0
1506167966,22108265,0.15098,417.35785765,1
1506167966,22108264,0.15098,206.53167784,1
1506167966,22108258,0.15098,332.83490096,1
1506167649,22107405,0.15150,713.95546919,0
1506167649,22107404,0.15150,2578.14426678,0
1506167583,22107317,0.15098,100.00001000,1
1506167568,22107309,0.15098,60.98159000,0
1506167236,22107098,0.15098,3773.18939000,0
1506167115,22106949,0.15098,421.96906179,0
1506167114,22106945,0.15096,92.09797991,0
1506167031,22106863,0.15097,1845.15931400,0
1506167031,22106862,0.15057,709.00000000,0
1506166926,22106829,0.15041,1477.01932715,1
1506166700,22106641,0.15095,52.92355084,0
1506166632,22106557,0.15022,2130.69470649,0
1506166632,22106556,0.15023,1628.04814000,1
1506166632,22106555,0.15100,22887.55653351,1
1506166619,22106537,0.15100,3716.17470300,1
1506166614,22106525,0.15100,14204.70850100,1
1506166611,22106516,0.15100,100.00000000,1
1506166609,22106511,0.15100,3474.88500000,1
1506166605,22106508,0.15101,107.96303300,1
1506166604,22106507,0.15101,5000.00000000,1
1506166600,22106505,0.15101,100.00000000,1
1506166578,22106482,0.15100,1763.00000000,1
1506166578,22106480,0.15100,33268.58672600,1
1506166577,22106479,0.15100,10000.00000000,1
1506166573,22106474,0.15100,4529.16427000,1
1506166571,22106468,0.15100,1807.38069000,1
1506166565,22106456,0.15100,8126.40635800,1
1506166558,22106448,0.15100,1292.36502500,1
1506166547,22106434,0.15100,14792.87413600,1
1506166541,22106428,0.15100,6024.23774400,1
1506166541,22106426,0.15100,8155.37773400,1
1506166540,22106425,0.15100,19540.12441700,1
1506166539,22106424,0.15100,1799.86000000,1
1506166530,22106416,0.15100,557.78670000,1
1506166529,22106415,0.15100,27497.34361900,1
1506166528,22106413,0.15100,13727.59246100,1
1506166515,22106404,0.15100,46007.33886600,1
1506166515,22106402,0.15101,3938.72848000,1
1506166506,22106394,0.15101,206.53179800,1
1506166501,22106382,0.15101,1790.65934000,1
1506166499,22106374,0.15100,557.78670000,1
1506166495,22106366,0.15100,2517.89601800,1
1506166493,22106365,0.15100,33871.19789000,1
1506166493,22106364,0.15101,6149.80211000,1
1506166489,22106361,0.15101,100.00000000,1
1506166485,22106359,0.15101,2054.37425600,1
1506166462,22106350,0.15101,2420.81512500,1
1506166461,22106349,0.15101,2692.95006300,1
1506166458,22106346,0.15100,7546.77419400,1
1506166454,22106339,0.15062,577.25683000,0
1506166420,22106305,0.15062,2147.38300000,1
1506166407,22106299,0.15060,685.84970000,1
1506166394,22106285,0.15058,2551.34614000,1
1506166362,22106197,0.15150,1160.54792957,1
1506166360,22106190,0.15150,1418.88545500,1
1506166357,22106169,0.15150,2493.49577100,1
1506166356,22106159,0.15151,5682.89484100,1
1506166355,22106154,0.15150,1360.01022078,1
1506166354,22106147,0.15150,8075.63809600,1
1506166354,22106145,0.15150,4202.26673500,1
1506166353,22106143,0.15150,11722.90933000,1
1506166353,22106141,0.15150,8016.41326700,1
1506166352,22106137,0.15150,3000.00000000,1
1506166352,22106131,0.15150,6373.80394800,1
1506166352,22106129,0.15150,3715.15601800,1
1506166351,22106127,0.15150,3653.99867000,1
1506166351,22106126,0.15150,5455.23400000,1
1506166350,22106123,0.15150,298.80000000,1
1506166350,22106120,0.15150,11218.90700000,1
1506166349,22106119,0.15150,5000.00000000,0
1506166349,22106117,0.15150,150.00000000,0
1506166349,22106116,0.15126,161.29798137,0
1506166349,22106115,0.15124,152.53313800,0
1506166349,22106114,0.15124,322.43474391,0
1506166344,22106088,0.15108,2905.65000000,1
1506166341,22106079,0.15107,3514.32082000,1
1506166338,22106065,0.15107,173.01427000,1
1506166337,22106061,0.15119,161.29800000,1
1506166337,22106058,0.15120,161.29800000,1
1506166337,22106056,0.15120,161.29800000,1
1506166337,22106055,0.15120,161.29800000,1
1506166337,22106054,0.15120,161.29800000,1
1506166336,22106051,0.15124,161.29800000,0
1506166336,22106048,0.15124,161.29800000,0
1506166336,22106045,0.15124,161.29800000,0
1506166336,22106044,0.15124,161.29800000,0
1506166335,22106039,0.15124,161.29800000,1
1506166335,22106037,0.15124,161.29800000,1
1506166335,22106035,0.15124,161.29800000,1
1506166335,22106034,0.15124,161.29800000,1
1506166335,22106033,0.15124,161.29800000,1
1506166331,22106014,0.15107,169.20614533,1
1506166329,22106004,0.15107,168.95128478,1
1506166328,22106001,0.15106,168.50595790,1
1506166328,22105999,0.15106,152.85049933,1
1506166239,22105915,0.15119,3540.00000000,0
1506166088,22105820,0.15127,1180.62642956,1
1506166088,22105819,0.15084,46.29325000,1
1506166088,22105818,0.15041,46.29325000,0
1506166086,22105815,0.15039,46.29325000,0
1506165983,22105757,0.15052,662.70674993,0
1506165552,22105459,0.15129,163.92332479,1
1506165552,22105457,0.15129,163.92332479,1
1506165552,22105456,0.15131,163.92332479,1
1506165551,22105455,0.15131,163.92332479,1
1506165551,22105454,0.15133,163.92332479,1
1506165420,22105331,0.15133,744.85886000,0
1506165418,22105326,0.15131,1531.06442000,0
1506165374,22105279,0.15131,104.59558000,0
1506165353,22105263,0.15125,690.25000000,0
1506165299,22105207,0.15120,2968.66458000,1
1506165297,22105198,0.15120,18484.75988000,0
1506165297,22105197,0.15100,1025.63833800,0
1506165291,22105195,0.15027,10599.95760016,1
1506165235,22105154,0.15100,519.21854000,0
1506165235,22105153,0.15100,100.00000000,0
1506165235,22105152,0.15070,940.00000000,0
1506165080,22105080,0.15093,2993.00764000,0
1506165080,22105078,0.15090,1013.50000000,0
1506165080,22105076,0.15063,37.00000000,0
1506165073,22105071,0.15059,2000.00000000,0
1506165073,22105070,0.15059,2874.21210754,0
1506164950,22104929,0.15001,5000.00000000,1
1506164900,22104894,0.15059,141.68703101,0
1506164872,22104839,0.15000,1968.56761700,1
1506164871,22104835,0.15000,3880.79651900,1
1506164871,22104832,0.15000,10102.71621200,1
1506164870,22104829,0.15000,9726.27915800,1
1506164850,22104779,0.15000,887.00605700,1
1506164813,22104735,0.15000,182.87483376,1
1506164812,22104733,0.15000,2477.88803380,1
1506164812,22104730,0.15000,3020.97386667,1
1506164744,22104667,0.15001,6807.27586600,1
1506164744,22104665,0.15001,1882.59370200,1
1506164711,22104618,0.15001,1725.72199761,1
1506164711,22104617,0.15034,175.18800239,1
1506164647,22104518,0.15034,10.34500000,1
1506164647,22104517,0.15045,14755.95500000,1
1506164641,22104512,0.15045,709.00000000,0
1506164610,22104441,0.15034,537.83811970,1
1506164610,22104440,0.15035,186.05788030,1
1506164568,22104379,0.15035,13.94211970,0
1506164501,22104310,0.15034,1273.99993800,1
1506164411,22104188,0.15035,331.72803459,0
1506164273,22104027,0.15035,338.39634187,0
1506164264,22104020,0.15034,2497.13345900,1
1506164238,22104014,0.15034,753.47716000,1
1506164176,22103896,0.15000,9192.50111000,1
1506164176,22103895,0.15001,13000.00000000,1
1506164174,22103894,0.15002,3505.81089000,1
1506164109,22103791,0.15034,139.49600000,0
1506164107,22103788,0.14985,0.50400000,0
1506164078,22103740,0.14878,70.00000000,1
1506163934,22103611,0.15000,719.38000000,1
1506163911,22103591,0.15000,1280.62000000,1
1506163734,22103280,0.15000,2962.28470000,1
1506163734,22103279,0.15004,546.93039120,1
1506163734,22103278,0.14988,223.29208942,0
1506163734,22103275,0.14987,322.43058095,0
1506163734,22103274,0.14986,1869.63163843,0
1506163733,22103269,0.14986,546.93038157,0
1506163733,22103267,0.14985,2415.35431843,0
1506163731,22103254,0.14985,852.33110200,1
1506163731,22103253,0.14985,1564.23089800,1
1506163729,22103244,0.14985,332.83490000,1
1506163685,22103179,0.14857,70.00000000,1
1506163519,22103025,0.14987,0.00000250,1
1506163517,22103023,0.14987,322.59183000,1
1506163516,22103021,0.14987,279.82556750,1
1506163503,22103012,0.14987,1397.58260000,0
1506163490,22103000,0.14985,3000.00000000,1
1506163451,22102940,0.14949,7651.35855477,1
1506163451,22102938,0.14949,14686.90951000,1
1506163451,22102937,0.14949,2306.44466700,1
1506163449,22102932,0.14947,1404.60580000,0
1506163449,22102931,0.14946,6779.54100000,0
1506163414,22102871,0.14887,1393.23840000,1
1506163412,22102865,0.14887,1594.43240900,1
1506163411,22102863,0.14881,1404.69530000,0
1506163410,22102862,0.14880,207.70678988,0
1506163380,22102816,0.14887,941.20300000,0
1506163367,22102801,0.14890,460.68600000,0
1506163292,22102729,0.14851,5425.06334300,1
1506163292,22102727,0.14852,4326.32515000,1
1506163289,22102724,0.14852,3663.63648900,1
1506163285,22102721,0.14852,2508.83120204,1
1506163285,22102720,0.14858,565.38796596,1
1506163285,22102719,0.14858,0.00000044,1
1506163284,22102718,0.14858,684.06649616,1
1506163284,22102717,0.14860,565.38796640,1
1506163264,22102693,0.14939,544.19137827,0
1506163223,22102637,0.14899,257.89350000,0
1506163221,22102631,0.14924,253.71400000,0
1506163221,22102630,0.14900,124.00000000,0
1506163168,22102581,0.14974,3359.72023500,1
1506163162,22102575,0.14973,124.32369700,1
1506162965,22102392,0.14954,4288.50000000,1
1506162860,22102292,0.14988,1485.24051800,1
1506162859,22102290,0.14988,4409.75948200,1
1506162850,22102287,0.15044,4498.59950000,0
1506162811,22102264,0.14989,565.72900000,1
1506162810,22102262,0.14990,562.33870000,1
1506162662,22102101,0.15058,10500.70952317,0
1506162662,22102100,0.15056,748.63961000,0
1506162661,22102099,0.15043,1530.63971692,0
1506162661,22102098,0.15043,564.83332000,0
1506162661,22102097,0.15027,2420.47103532,0
1506162660,22102096,0.15000,549.98000000,0
1506162660,22102095,0.14999,106.73657000,1
1506162660,22102094,0.14990,4405.72705632,0
1506162659,22102093,0.14989,533.68287000,1
1506162658,22102092,0.14989,533.68287000,0
1506162594,22102042,0.14990,842.78901000,0
1506162081,22101665,0.14986,33.28453223,0
1506162019,22101567,0.14990,4751.48393368,0
1506162018,22101564,0.14988,16904.70900000,0
1506162018,22101563,0.14986,34684.11900000,0
1506162018,22101562,0.14985,1322.10277000,0
1506162016,22101559,0.14940,124.00000000,0
1506161518,22101214,0.15008,658.00313166,0
1506161258,22101055,0.15025,0.96382961,1
1506161257,22101053,0.15025,190.17627127,1
1506161245,22101037,0.15025,370.92741300,0
1506161195,22100966,0.15027,2753.96788000,1
1506161194,22100964,0.14983,456.37212000,0
1506161194,22100963,0.15027,2074.52275000,1
1506161193,22100961,0.14983,438.70725000,0
1506161184,22100952,0.14983,169.05396000,0
1506161184,22100951,0.14983,3038.80604000,0
1506161178,22100935,0.14876,390.40592026,0
1506161176,22100928,0.14876,1307.48303780,0
1506161176,22100925,0.14876,113.19259720,0
1506161169,22100913,0.14984,4081.57019200,0
1506161169,22100912,0.14983,3610.46262000,0
1506161159,22100884,0.14984,0.00015101,1
1506161159,22100883,0.14984,5728.53029899,1
1506161157,22100878,0.14986,100.00000000,0
1506161154,22100877,0.14982,2773.27543000,0
1506161154,22100876,0.14981,5306.77457000,0
1506161124,22100832,0.14918,4500.00000000,1
1506161116,22100828,0.14986,100.00000000,0
1506161098,22100806,0.14992,0.99490000,0
1506161098,22100805,0.14991,1418.01510000,0
1506161088,22100798,0.14996,2853.99000000,0
1506161076,22100768,0.14927,1466.85494100,1
1506161076,22100766,0.14927,10396.61899000,1
1506161075,22100762,0.14926,342.10197088,0
1506161073,22100746,0.15043,7454.81076912,1
1506161071,22100740,0.15000,6456.74313088,0
1506161071,22100738,0.14997,1397.60010000,0
1506161071,22100737,0.14995,77621.44600000,0
1506161068,22100730,0.14996,100.00000000,0
1506161042,22100701,0.15000,1401.37000000,0
1506161038,22100691,0.14997,4.50663400,0
1506161038,22100690,0.14996,6434.76336600,0
1506161025,22100684,0.15000,2.38893000,0
1506161025,22100683,0.14997,3405.62107000,0
1506161019,22100678,0.14998,1004.46428571,0
1506161007,22100669,0.14999,100.00000000,0
1506161003,22100663,0.15000,2804.20793912,0
1506161003,22100662,0.15000,500.00000000,0
1506161003,22100661,0.15000,300.00000000,0
1506161003,22100660,0.15000,350.00000000,0
1506161003,22100659,0.14999,952.35861000,0
1506161003,22100658,0.14985,2718.55164667,0
1506161003,22100657,0.14982,527.21170521,0
1506161003,22100656,0.14981,752.40776000,0
1506161002,22100655,0.14956,4320.53578700,0
1506160999,22100650,0.14956,441.25727300,0
1506160999,22100649,0.14922,885.59157400,0
1506160999,22100648,0.14921,1391.70280000,0
1506160986,22100603,0.14922,100.00000000,0
1506160985,22100602,0.14922,14.40842600,0
1506160985,22100601,0.14919,20641.69157400,0
1506160970,22100587,0.14919,100.00000000,0
1506160968,22100585,0.14919,0.97370000,0
1506160968,22100584,0.14918,1388.16630000,0
1506160803,22100423,0.14885,500.00000000,0
1506160773,22100390,0.14919,1118.33472600,0
1506160773,22100389,0.14917,3225.22393000,0
1506160773,22100388,0.14905,756.21404000,0
1506160764,22100369,0.14904,3083.95477512,0
1506160764,22100368,0.14900,6024.93195197,0
1506160764,22100367,0.14899,1238.36381108,0
1506160764,22100366,0.14897,5145.58216620,0
1506160764,22100364,0.14896,1397.14760000,0
1506160693,22100307,0.14897,777.24100000,0
1506160509,22100199,0.14892,500.00000000,0
1506160399,22100148,0.14869,2062.14264577,0
1506160141,22099909,0.14873,67.06824447,0
1506160026,22099880,0.14894,4288.56122600,0
1506160026,22099879,0.14836,3769.01220000,0
1506160025,22099878,0.14812,224.98457400,0
1506160025,22099877,0.14812,316.01542600,0
1506159750,22099783,0.14783,850.00000000,1
1506159701,22099755,0.14785,8016.85128378,1
1506159700,22099754,0.14785,2500.00000000,1
1506159600,22099711,0.14783,540.77563000,1
1506159327,22099556,0.14847,933.80144136,0
1506159150,22099468,0.14862,382.57199569,0
1506159142,22099465,0.14794,1717.52558720,1
1506158401,22099032,0.14794,357.03484370,1
1506158401,22099031,0.14820,0.22436630,1
1506158346,22099014,0.14820,448.66564719,1
1506158322,22098984,0.14864,637.53027000,1
1506158032,22098824,0.14888,172.13041234,0
1506158032,22098823,0.14888,1503.05383000,0
1506158001,22098814,0.14820,571.40000000,1
1506157968,22098801,0.14887,201.01551689,0
1506157889,22098773,0.14896,1398.47930000,0
1506157803,22098747,0.14899,831.09586153,0
1506157803,22098746,0.14899,1116.94575200,1
1506157803,22098745,0.14898,775.38675000,0
1506157801,22098744,0.14897,1785.80653000,1
1506157801,22098743,0.14897,1416.23610000,0
1506157767,22098730,0.14897,1398.40090000,0
1506157747,22098726,0.14900,1975.06804803,0
1506157747,22098725,0.14900,95.28745532,0
1506157747,22098724,0.14899,2121.75033000,0
1506157747,22098723,0.14875,3652.00000000,0
1506157747,22098722,0.14875,720.41986471,0
1506157741,22098719,0.14875,670.58823529,0
1506157635,22098681,0.14821,183.74078814,1
1506157353,22098543,0.14821,2498.75062468,1
1506157122,22098476,0.14830,760.05902000,0
1506157064,22098464,0.14812,1129.83189272,1
1506157064,22098462,0.14829,288.29430000,1
1506157024,22098453,0.14800,0.00001952,0
1506157024,22098452,0.14800,3286.60020000,0
1506157008,22098444,0.14800,11800.77953000,0
1506156969,22098420,0.14800,27468.23018900,0
1506156960,22098408,0.14800,10516.85128378,0
1506156946,22098400,0.14800,1451.80055600,0
1506156926,22098374,0.14799,223.32222000,0
1506156921,22098371,0.14799,289.15488000,0
1506156913,22098367,0.14800,671.02513514,0
1506156887,22098361,0.14800,1762.81778614,0
1506156855,22098347,0.14800,1510.00221500,0
1506156855,22098346,0.14799,386.95887000,0
1506156851,22098345,0.14799,1041.85967000,1
1506156837,22098337,0.14799,1697.60618000,1
1506156825,22098336,0.14799,2016.95784000,1
1506156811,22098333,0.14799,2396.38555000,1
1506156807,22098332,0.14799,2847.19076000,0
1506156743,22098288,0.14800,1377.00620000,0
1506156743,22098287,0.14799,3382.80090000,0
1506156729,22098264,0.14799,4019.16938000,0
1506156696,22098242,0.14799,1500.13799900,0
1506156638,22098226,0.14799,1027.73826000,0
1506156606,22098202,0.14800,2042.24395000,0
1506156604,22098199,0.14800,1541.75464000,0
1506156604,22098198,0.14799,4358.07370000,0
1506156571,22098143,0.14799,521.24160000,0
1506156537,22098099,0.14799,513.34373400,0
1506156535,22098093,0.14799,436.66091813,0
1506156475,22098052,0.14800,1.42232000,0
1506156475,22098051,0.14799,2027.55768000,0
1506156468,22098046,0.14800,3203.15198200,0
1506156455,22098034,0.14799,144.92057206,1
1506156452,22098033,0.14799,1438.42209000,0
1506156450,22098027,0.14790,142.34804578,0
1506156448,22098024,0.14790,2923.08853300,0
1506156448,22098022,0.14790,3062.89763353,0
1506156399,22098004,0.14790,45.00000000,0
1506156327,22097947,0.14790,2023.32657200,0
1506156160,22097841,0.14790,2023.33921569,0
1506156121,22097806,0.14789,895.00000000,0
1506155834,22097696,0.14799,327.32066567,1
1506155821,22097694,0.14799,1399.92244000,1
1506155808,22097690,0.14799,2048.66699000,1
1506155806,22097688,0.14797,2048.66699000,0
1506155806,22097687,0.14794,1416.11520000,0
1506155806,22097686,0.14792,13022.23964000,0
1506155712,22097652,0.14765,1537.79547700,1
1506155552,22097544,0.14798,5128.44739509,0
1506155378,22097453,0.14799,2434.05978000,0
1506155298,22097410,0.14775,2891.95222000,0
1506155295,22097409,0.14766,396.20064117,0
1506155291,22097391,0.14766,1842.90026738,0
1506155290,22097389,0.14765,71.24973262,0
1506155288,22097385,0.14765,1460.15536738,0
1506155280,22097365,0.14766,813.96707800,0
1506154977,22097264,0.14758,675.90879523,0
1506154877,22097208,0.14762,439.24583648,0
1506154863,22097189,0.14800,15243.22799610,0
1506154863,22097188,0.14800,2369.90801741,0
1506154863,22097187,0.14795,1724.96000000,0
1506154862,22097186,0.14794,907.98278000,0
1506154862,22097185,0.14766,4539.91392000,0
1506154862,22097184,0.14765,1830.42240000,0
1506154860,22097180,0.14725,360.75000000,0
1506154828,22097167,0.14700,7160.14559927,0
1506154818,22097159,0.14700,770.95614287,0
1506154739,22097021,0.14660,12.85801633,0
1506154738,22097016,0.14660,4620.00000000,0
1506154736,22097013,0.14660,4917.92000000,0
1506154734,22097006,0.14660,4917.92000000,0
1506154731,22097002,0.14660,4917.92000000,0
1506154728,22096996,0.14660,4917.92000000,0
1506154709,22096958,0.14660,5759.58698686,0
1506154706,22096953,0.14660,49854.61968884,0
1506154704,22096952,0.14660,5753.80645284,0
1506154700,22096933,0.14660,3291.35779995,0
1506154697,22096929,0.14660,3893.36559551,0
1506154693,22096926,0.14660,10451.17721100,0
1506154690,22096922,0.14659,684.02505287,0
1506154687,22096917,0.14659,3884.92772713,0
1506154684,22096914,0.14660,3881.03581224,0
1506154680,22096909,0.14660,3864.42508622,0
1506154678,22096906,0.14660,7926.39730612,0
1506154674,22096902,0.14660,4064.96512998,0
1506154671,22096898,0.14660,2018.50790000,1
1506153520,22096242,0.14609,6689.58901300,1
1506153520,22096241,0.14610,3747.68563000,1
1506152895,22095986,0.14665,680.19093078,0
1506152771,22095914,0.14694,24.00000000,0
1506152771,22095912,0.14655,476.00000000,0
1506152401,22095818,0.14613,50.39662000,1
1506151266,22095542,0.14656,212.92605715,0
1506151264,22095539,0.14656,212.67731429,0
1506150915,22095336,0.14718,48.73284000,1
1506150910,22095335,0.14720,486.72000000,0
1506150900,22095332,0.14720,285.88716000,0
1506150885,22095326,0.14721,486.72000000,0
1506150200,22095139,0.14649,136.80000000,1
1506150000,22095054,0.14684,325.36158448,0
1506150000,22095053,0.14684,324.00000000,1
1506149998,22095052,0.14670,350.63841552,0
1506149517,22094942,0.14670,40.00000000,0
1506149446,22094920,0.14668,3975.54000000,0
1506149291,22094890,0.14670,679.96332652,0
1506149102,22094829,0.14717,1925.50499422,0
1506148824,22094659,0.14647,324.00000000,0
1506147944,22093775,0.14649,324.00000000,0
1506147931,22093755,0.14628,2568.16164293,1
1506147930,22093753,0.14629,6494.08258000,1
1506147930,22093751,0.14630,4446.76105000,1
1506147930,22093749,0.14647,324.11021907,1
1506147520,22093407,0.14613,3661.51272505,0
1506147509,22093402,0.14613,42531.30955000,0
1506147509,22093401,0.14612,273.79045000,0
1506147502,22093395,0.14613,782.26492430,0
1506147492,22093392,0.14613,5532.92252000,0
1506147492,22093391,0.14612,178.26748000,0
1506147489,22093389,0.14613,557.71200000,0
1506147480,22093384,0.14613,1584.72000000,0
1506147479,22093383,0.14613,225.17066728,0
1506147479,22093382,0.14612,211.80294000,0
1506147477,22093378,0.14613,779.25845000,0
1506147471,22093374,0.14613,500.26200259,0
1506147470,22093371,0.14613,12002.45294000,0
1506147470,22093370,0.14612,251.64706000,0
1506147452,22093347,0.14612,58.31346114,1
1506147446,22093341,0.14613,579.25663149,0
1506147443,22093328,0.14613,783.42989400,0
1506147439,22093323,0.14612,309.95647000,1
1506147438,22093319,0.14613,7931.10091014,0
1506147436,22093318,0.14613,20589.20000000,0
1506147435,22093315,0.14613,1213.52142500,0
1506147435,22093314,0.14613,7371.18831000,0
1506147434,22093313,0.14613,10211.55311000,0
1506147430,22093309,0.14613,211.99915200,0
1506147427,22093302,0.14613,2354.02985900,0
1506147427,22093300,0.14612,368.26511000,0
1506147418,22093290,0.14613,1464.14235570,0
1506147414,22093286,0.14612,437.54271000,0
1506147411,22093281,0.14613,7034.32350400,0
1506147403,22093278,0.14613,724.33016000,0
1506147400,22093276,0.14613,850.08440249,0
1506147400,22093274,0.14613,4605.95757100,0
1506147400,22093273,0.14613,23331.36268900,0
1506147400,22093272,0.14612,519.85272000,0
1506147397,22093267,0.14613,1408.99385385,0
1506147394,22093264,0.14613,850.38214870,0
1506147388,22093258,0.14613,946.14819620,0
1506147388,22093256,0.14613,0.43220000,0
1506147387,22093255,0.14612,617.64680000,0
1506147333,22093230,0.14613,437.39100063,0
1506147330,22093227,0.14613,2016.78513496,0
1506147330,22093226,0.14612,160.60036104,0
1506147327,22093224,0.14612,573.23741896,0
1506147320,22093221,0.14613,475.42500068,0
1506147318,22093220,0.14613,521.91142454,0
1506147315,22093218,0.14613,573.23741896,0
1506147312,22093216,0.14613,59.55916458,0
1506147312,22093215,0.14612,292.41122826,0
1506147307,22093210,0.14612,579.47524174,1
1506147306,22093209,0.14613,573.23741896,0
1506147302,22093205,0.14613,224.72251700,0
1506147295,22093202,0.14613,2169.73135900,0
1506147295,22093201,0.14612,1035.90472000,0
1506147283,22093196,0.14612,330.31514700,0
1506147275,22093192,0.14612,1292.91638000,0
1506147148,22093180,0.14613,3026.88845818,0
1506147143,22093175,0.14613,3026.88852658,0
1506147139,22093171,0.14613,5262.91080149,0
1506147136,22093168,0.14612,1536.13827000,1
1506147056,22093144,0.14612,196.13724444,0
1506146972,22093113,0.14612,471.08397208,0
1506146885,22093021,0.14612,325.68401516,1
1506146880,22093015,0.14613,580.29000000,0
1506146879,22093014,0.14613,9642.42054500,0
1506146879,22093013,0.14613,0.00000034,0
1506146879,22093012,0.14612,997.02997166,0
1506146876,22093003,0.14612,356.45310834,0
1506146843,22092974,0.14613,2941.90129000,0
1506146843,22092973,0.14612,1608.09871000,0
1506146819,22092959,0.14612,365.13092124,1
1506146812,22092952,0.14612,1036.39388438,0
1506146810,22092950,0.14612,1401.52480562,0
1506146805,22092945,0.14613,9021.89891000,0
1506146805,22092944,0.14612,2437.91869000,0
1506146783,22092923,0.14612,2437.91870000,0
1506146722,22092893,0.14613,23234.40672100,0
1506146722,22092892,0.14612,3206.53312000,0
1506146712,22092887,0.14612,1647.87375400,0
1506146694,22092883,0.14612,978.86000000,0
1506146691,22092880,0.14612,2828.25000000,0
1506146440,22092823,0.14610,2006.23880000,0
1506146411,22092798,0.14589,0.00011487,0
1506146411,22092794,0.14589,323.99988513,0
1506146388,22092782,0.14612,340.76056688,0
1506146383,22092777,0.14611,4509.67548871,1
1506146383,22092776,0.14612,3616.74336661,1
1506146376,22092772,0.14612,3616.74039000,0
1506146308,22092742,0.14613,1524.76180600,0
1506146308,22092741,0.14612,3589.61256500,0
1506146307,22092740,0.14612,707.50472500,0
1506146262,22092723,0.14611,654.57531997,1
1506146201,22092718,0.14612,507.61452014,0
1506146188,22092713,0.14612,4800.86415874,0
1506146185,22092709,0.14612,342.28020126,1
1506146180,22092708,0.14613,4505.84616000,1
1506145987,22092683,0.14612,342.27999607,0
1506145984,22092681,0.14612,6617.39585996,0
1506145976,22092676,0.14612,5163.89738336,0
1506145971,22092673,0.14612,3876.42676061,0
1506145485,22092300,0.14522,2344.81355000,1
1506145485,22092298,0.14524,1288.36938834,1
1506145475,22092253,0.14523,27371.03287264,1
1506145475,22092250,0.14553,1407.52400000,1
1506145474,22092248,0.14566,440.16203000,1
1506145474,22092247,0.14581,2560.58332736,1
1506145474,22092245,0.14582,2200.44784000,1
1506145236,22091687,0.14625,0.40000000,0
1506145235,22091680,0.14625,79.60000000,0
1506145233,22091662,0.14627,0.40000000,0
1506145232,22091650,0.14627,79.60000000,0
1506145229,22091634,0.14502,6175.32340600,1
1506145229,22091632,0.14502,7214.06196200,1
1506145228,22091627,0.14502,907.30101713,1
1506145228,22091625,0.14539,990.45241000,1
1506145228,22091622,0.14601,575.41504687,1
1506145228,22091619,0.14606,763.58682800,1
1506145224,22091583,0.14606,1603.13321500,1
1506145224,22091581,0.14606,1150.90890700,1
1506145224,22091579,0.14606,1432.29060000,1
1506144976,22091385,0.14711,769.58575010,1
1506144902,22091364,0.14721,437.87170500,1
1506144866,22091351,0.14728,1738.72461776,0
1506144866,22091349,0.14727,935.84070000,0
1506144864,22091347,0.14720,935.84070000,0
1506144863,22091345,0.14719,1419.89520000,0
1506144637,22091228,0.14712,598.55675000,1
1506144611,22091190,0.14712,711.15653000,1
1506144323,22091103,0.14728,810.00000000,0
1506144321,22091102,0.14728,905.59700000,0
1506144133,22091065,0.14729,1417.11368000,0
1506144046,22090984,0.14728,1832.36231200,1
1506144039,22090980,0.14730,158.68197800,0
1506144039,22090979,0.14729,1403.55070000,0
1506144033,22090977,0.14728,259.00000000,1
1506144019,22090962,0.14730,1890.49063700,0
1506144019,22090960,0.14730,6007.30338900,0
1506144014,22090950,0.14730,2142.40263600,0
1506144014,22090949,0.14729,1667.58499000,0
1506144013,22090948,0.14729,80.00000000,0
1506144002,22090930,0.14729,1916.15750200,0
1506143992,22090913,0.14730,378.27521600,0
1506143992,22090912,0.14729,2341.75437000,0
1506143965,22090891,0.14730,1741.90032500,0
1506143964,22090889,0.14730,313.64333200,0
1506143963,22090888,0.14729,268.11105000,0
1506143960,22090884,0.14728,268.11105000,0
1506143955,22090880,0.14729,2514.17137000,0
1506143950,22090875,0.14730,6300.13350457,0
1506143946,22090870,0.14730,20940.25591858,0
1506143944,22090868,0.14742,569.91260390,1
1506143944,22090867,0.14744,3731.38174000,1
1506143534,22090735,0.14790,3055.24219067,0
1506143505,22090730,0.14790,337.07958079,0
1506143297,22090691,0.14790,337.22319135,0
1506143191,22090608,0.14790,3029.29913558,0
1506143177,22090598,0.14792,4388.06844112,1
1506143136,22090571,0.14792,2672.62809000,1
1506143112,22090558,0.14793,228.35127093,0
1506143110,22090550,0.14793,3070.92104907,0
1506143089,22090529,0.14787,164.62926000,0
1506143037,22090436,0.14773,48.58866000,1
1506143018,22090393,0.14791,319.54479075,1
1506143016,22090387,0.14785,355.00000000,0
1506142956,22090299,0.14773,485.28000000,0
1506142872,22090185,0.14752,80.00000000,0
1506142459,22089910,0.14781,302.85000000,0
1506142410,22089901,0.14774,303.30000000,0
1506142172,22089850,0.14714,388.94653000,1
1506142146,22089835,0.14713,582.55638000,1
1506142133,22089830,0.14713,549.04715000,1
1506141998,22089804,0.14750,100.00000000,0
1506141993,22089795,0.14740,1222.88170693,0
1506141965,22089756,0.14735,692.14619000,0
1506141948,22089749,0.14735,692.14619000,1
1506141935,22089747,0.14735,609.21198000,1
1506141925,22089745,0.14712,0.00001000,0
1506141925,22089744,0.14712,82.93420000,0
1506141921,22089743,0.14712,609.21198000,1
1506141908,22089734,0.14712,220.01419000,1
1506141895,22089727,0.14712,432.31906000,1
1506141882,22089724,0.14712,261.40299000,1
1506141869,22089719,0.14712,977.05178000,1
1506141855,22089688,0.14712,1160.85359000,1
1506141842,22089675,0.14712,1379.23199000,1
1506141747,22089637,0.14712,265.90974000,1
1506141685,22089607,0.14728,1094.08013000,1
1506141591,22089583,0.14721,738.85325910,0
1506141584,22089582,0.14721,621.94100000,0
1506141555,22089565,0.14711,669.37136600,0
1506141555,22089564,0.14711,3600.31802900,0
1506141554,22089563,0.14711,294.76489378,0
1506141554,22089561,0.14711,1129.53180622,0
1506141553,22089555,0.14711,695.28775678,0
1506141553,22089554,0.14711,150.87643822,0
1506141516,22089539,0.14711,649.12356178,0
1506141516,22089538,0.14711,1659.59643822,0
1506141239,22089455,0.14710,288.86686377,0
1506141239,22089454,0.14710,1479.78693260,0
1506141238,22089453,0.14710,214.59341740,0
1506141222,22089449,0.14711,1.40483000,0
1506141222,22089448,0.14710,2013.12517000,0
1506140695,22089197,0.14613,79.70603000,1
1506140648,22089107,0.14605,768.72837000,1
1506140647,22089106,0.14606,2102.16796000,1
1506140568,22088793,0.14571,235.44695000,1
1506139892,22088218,0.14550,4601.89560769,0
1506139892,22088217,0.14550,341.44099231,0
1506139892,22088216,0.14549,6036.69190769,0
1506139892,22088215,0.14549,6378.13290000,0
1506138018,22087780,0.14520,1429.85610000,1
1506138012,22087777,0.14519,71.00000000,1
1506138012,22087775,0.14521,71.00000000,0
1506137561,22087710,0.14496,1739.33589200,1
1506137558,22087709,0.14495,1986.34662000,1
1506137558,22087708,0.14497,2500.00000000,1
1506136850,22087546,0.14541,71.00000000,0
1506136246,22087428,0.14509,106.42202000,1
1506136115,22087396,0.14510,100.00000000,1
1506135969,22087348,0.14498,768.18182000,0
1506135942,22087346,0.14496,916.42425000,1
1506135639,22087288,0.14535,71.00000000,1
1506135639,22087287,0.14535,71.00000000,1
1506135639,22087286,0.14535,71.00000000,1
1506135626,22087284,0.14536,71.00000000,1
1506135626,22087282,0.14536,71.00000000,1
1506135626,22087281,0.14536,71.00000000,1
1506135613,22087263,0.14537,71.00000000,1
1506135609,22087256,0.14537,71.00000000,1
1506135391,22087174,0.14483,0.00002000,0
1506135391,22087173,0.14483,958.11680000,0
1506135376,22087168,0.14482,2500.00000000,0
1506135177,22086834,0.14457,1500.00000000,1
1506135033,22086768,0.14502,1000.00000000,1
1506135031,22086767,0.14501,2816.64620200,1
1506135029,22086766,0.14502,94.10792200,1
1506135029,22086765,0.14502,1405.89207800,1
1506135023,22086764,0.14502,1000.00000000,1
1506135011,22086760,0.14501,1000.00000000,1
1506134908,22086753,0.14457,1000.00000000,1
1506134415,22086566,0.14504,529.00000000,0
1506134241,22086508,0.14481,200.75927991,0
1506133203,22086260,0.14461,529.00000000,0
1506132659,22086192,0.14520,206.09628099,0
1506132600,22086182,0.14540,3730.00000000,0
1506132293,22085998,0.14447,529.00000000,1
1506132290,22085983,0.14428,74.27160000,0
1506132289,22085969,0.14428,4666.43824346,1
1506132288,22085964,0.14428,1428.14177000,1
1506132288,22085963,0.14429,6871.85823000,1
1506132288,22085960,0.14429,1721.26313000,1
1506132286,22085947,0.14428,70.61741054,1
1506132286,22085946,0.14450,2053.99958946,1
1506132285,22085944,0.14450,1446.00041054,1
1506132285,22085941,0.14460,78.00000000,1
1506132285,22085938,0.14463,197.20324946,1
1506132285,22085935,0.14463,838.62102100,1
1506132285,22085933,0.14470,917.37897900,1
1506132284,22085926,0.14470,2453.17692900,1
1506132284,22085925,0.14470,1629.44409200,1
1506130990,22085586,0.14487,133.00000000,0
1506130989,22085585,0.14487,9867.00000000,0
1506130989,22085584,0.14481,133.00000000,0
1506129915,22085225,0.14487,55.35997791,0
1506129915,22085224,0.14486,1430.64600000,0
1506129733,22085170,0.14487,324.90000000,1
1506129692,22085147,0.14487,343.80000000,1
1506129687,22085143,0.14487,343.80000000,1
1506129679,22085135,0.14476,133.00000000,0
1506129678,22085134,0.14475,1445.49380000,0
1506129476,22085038,0.14471,547.10479200,1
1506129476,22085037,0.14471,3413.20189800,1
1506128876,22084658,0.14564,1449.25500000,0
1506128685,22084282,0.14557,5742.24471071,1
1506128685,22084281,0.14557,8057.80980000,1
1506128685,22084279,0.14557,8057.80980000,1
1506128685,22084277,0.14557,3039.18268529,1
1506128684,22084271,0.14560,3749.76157500,1
1506128684,22084269,0.14561,1974.63842000,1
1506128684,22084266,0.14561,9875.34135000,1
1506128684,22084264,0.14596,79.00000000,1
1506128683,22084260,0.14596,711.00000000,1
1506128669,22084173,0.14583,911.62000000,1
1506128663,22084127,0.14565,4652.77325183,1
1506128663,22084119,0.14557,5018.62711471,1
1506128663,22084118,0.14558,150.35262429,1
1506128662,22084113,0.14558,2567.73663500,1
1506128662,22084108,0.14568,18297.47423000,1
1506128661,22084100,0.14558,5339.72054071,1
1506128661,22084097,0.14558,8057.80980000,1
1506128660,22084094,0.14558,8057.80980000,1
1506128660,22084091,0.14558,8057.80980000,1
1506128660,22084087,0.14559,6118.90655929,1
1506128659,22084082,0.14564,4656.99250000,1
1506128659,22084072,0.14567,0.00004000,1
1506128658,22084056,0.14567,4656.99246000,1
1506128656,22084035,0.14555,1440.72760000,0
1506128656,22084030,0.14555,468.57749071,0
1506128656,22084026,0.14555,1971.78835000,0
1506128655,22084023,0.14555,10000.00000000,0
1506128655,22084019,0.14555,10000.00000000,0
1506128655,22084014,0.14555,10000.00000000,0
1506128654,22084012,0.14555,10000.00000000,0
1506128653,22084002,0.14555,10000.00000000,0
1506128653,22083997,0.14555,10000.00000000,0
1506128652,22083991,0.14558,10000.00000000,1
1506128652,22083989,0.14558,5027.44165000,1
1506128651,22083981,0.14558,4972.55835000,0
1506128651,22083980,0.14558,10000.00000000,0
1506128651,22083978,0.14558,10000.00000000,0
1506128651,22083976,0.14558,10000.00000000,0
1506128651,22083975,0.14558,10000.00000000,0
1506128650,22083972,0.14558,8057.80980000,0
1506128650,22083969,0.14558,8057.80980000,0
1506128650,22083968,0.14558,0.00005000,0
1506128649,22083966,0.14556,8057.80975000,0
1506128649,22083958,0.14558,10000.00000000,0
1506128633,22083847,0.14569,10000.00000000,0
1506128469,22083429,0.14475,2630.00000000,1
1506128469,22083428,0.14475,133.00000000,0
1506128469,22083427,0.14475,133.00000000,0
1506128469,22083426,0.14475,133.00000000,0
1506128469,22083425,0.14475,133.00000000,0
1506128469,22083424,0.14475,133.00000000,0
1506128469,22083423,0.14475,133.00000000,0
1506128468,22083422,0.14522,133.00000000,1
1506128468,22083421,0.14522,133.00000000,1
1506128468,22083420,0.14522,133.00000000,1
1506128468,22083419,0.14522,133.00000000,1
1506128468,22083418,0.14522,133.00000000,1
1506128468,22083417,0.14523,133.00000000,1
1506128467,22083416,0.14523,133.00000000,1
1506128467,22083415,0.14523,133.00000000,1
1506128467,22083414,0.14523,133.00000000,1
1506128467,22083413,0.14523,133.00000000,1
1506128467,22083412,0.14523,133.00000000,1
1506128467,22083411,0.14523,133.00000000,1
1506128467,22083410,0.14523,133.00000000,1
1506128467,22083409,0.14523,133.00000000,1
1506128464,22083408,0.14511,133.00000000,0
1506128005,22083257,0.14556,2550.10731300,1
1506127546,22083129,0.14512,211.00000000,0
1506127473,22083106,0.14532,575.08230000,0
1506127473,22083105,0.14532,211.00000000,0
1506127472,22083104,0.14534,211.00000000,1
1506127472,22083103,0.14534,211.00000000,1
1506127472,22083102,0.14534,211.00000000,1
1506127343,22083068,0.14553,4298.77810000,0
1506126385,22082725,0.14598,0.00000029,1
1506126374,22082708,0.14598,1906.06192600,1
1506126372,22082707,0.14598,1745.93807371,0
1506126260,22082562,0.14580,2000.00000000,1
1506126124,22082277,0.14581,1447.36490000,0
1506126123,22082276,0.14581,211.00000000,0
1506126055,22082209,0.14589,1422.09190000,0
1506125727,22081892,0.14615,1351.92375200,0
1506125725,22081890,0.14617,1006.08100000,1
1506125335,22081761,0.14650,8534.32320821,1
