date,tid,price,amount,type
1506211200,22134743,0.17920,124.93821000,1
1506211101,22134626,0.17920,10155.04700000,1
1506211072,22134590,0.17920,1238.68036500,1
1506211034,22134563,0.17920,9113.88300000,1
1506211015,22134553,0.17920,1907.23359900,1
1506211003,22134546,0.17920,9180.12681800,1
1506210993,22134545,0.17911,572.74492187,0
1506210993,22134544,0.17910,2021.85421552,0
1506210990,22134540,0.17910,478.14578448,0
1506210424,22134216,0.17920,282.61147209,0
1506210423,22134215,0.17915,96.60485000,0
1506210423,22134214,0.17915,43.67005517,1
1506210423,22134213,0.17911,149.60968064,0
1506210423,22134211,0.17899,149.41428532,0
1506210421,22134208,0.17887,43.67005517,0
1506210245,22134010,0.17880,5895.33011700,1
1506210208,22133934,0.17880,2985.00000000,1
1506210206,22133914,0.17880,1985.00000000,1
1506210094,22133600,0.17887,105.54876702,0
1506210094,22133596,0.17875,149.02359075,0
1506210094,22133595,0.17863,148.82844265,0
1506210092,22133589,0.17851,120.69419958,0
1506210004,22133437,0.17838,67.06178900,0
1506209951,22133387,0.17851,27.93977928,0
1506209949,22133386,0.17839,0.00000135,0
1506209790,22133283,0.17796,217.42335882,1
1506209790,22133281,0.17815,37.02672189,1
1506209788,22133280,0.17827,191.82991929,1
1506209612,22133116,0.17839,148.43930000,0
1506209596,22133105,0.17827,148.24456021,0
1506209593,22133102,0.17799,192.00000000,0
1506208936,22132688,0.17756,61.16923100,1
1506208771,22132628,0.17754,124.84416000,0
1506208204,22132406,0.17752,67.15584000,0
1506207857,22132275,0.17742,61.16923100,1
1506207542,22132159,0.17796,200.00000000,0
1506207272,22132035,0.17810,757.01639528,1
1506207271,22132033,0.17750,30.00000000,0
1506206640,22131801,0.17702,1870.85491991,0
1506206613,22131795,0.17702,28985.21100000,0
1506206523,22131776,0.17702,1100.45896000,0
1506206520,22131774,0.17702,2082.09761000,0
1506206510,22131765,0.17702,1307.47599000,0
1506206509,22131764,0.17702,599.94389700,0
1506206509,22131762,0.17701,1037.15945000,0
1506206504,22131758,0.17702,3425.87630200,0
1506206497,22131744,0.17702,105.37377284,0
1506206495,22131740,0.17701,199.59197284,1
1506206484,22131735,0.17702,1488.86748000,0
1506206479,22131727,0.17702,196.57576025,0
1506206475,22131726,0.17702,105.18755000,0
1506206470,22131718,0.17702,1713.55276500,0
1506206470,22131717,0.17701,1714.16974000,0
1506206467,22131709,0.17701,199.58706031,0
1506206454,22131688,0.17701,201.09401826,0
1506206443,22131677,0.17701,202.61735128,0
1506206414,22131666,0.17701,707.65818900,0
1506206414,22131665,0.17684,115.72608000,0
1506206404,22131653,0.17701,67.62625700,0
1506206400,22131652,0.17687,87.07532921,1
1506206400,22131651,0.17701,103.19859000,1
1506206397,22131648,0.17702,2979.50329300,0
1506206389,22131643,0.17701,2396.80141000,1
1506206380,22131634,0.17702,1539.02070000,0
1506206378,22131633,0.17702,2500.00000000,1
1506205402,22131230,0.17707,0.00003186,0
1506205401,22131229,0.17707,284.42980000,0
1506205356,22131177,0.17707,564.72016862,0
1506205353,22131153,0.17707,3339.88116900,0
1506205353,22131151,0.17707,13485.21268100,0
1506205343,22131097,0.17707,849.15000000,0
1506205337,22131089,0.17687,61.16923100,1
1506205317,22131061,0.17707,836.06100000,0
1506205281,22131007,0.17707,1532.18499100,0
1506205281,22131006,0.17706,2847.68485000,0
1506205278,22130997,0.17707,12959.74703000,0
1506205277,22130996,0.17707,2634.93825852,0
1506205277,22130995,0.17706,0.00000048,0
1506205277,22130994,0.17706,917.08471100,0
1506205270,22130982,0.17706,2466.30322852,0
1506205204,22130942,0.17697,306.00000000,0
1506205087,22130897,0.17707,1404.26780000,0
1506205086,22130896,0.17707,8128.91703000,1
1506205086,22130895,0.17708,3980.49004000,1
1506204666,22130690,0.17698,923.09404800,1
1506204603,22130633,0.17749,67.44718000,0
1506204388,22130507,0.17707,29.00000000,1
1506204379,22130505,0.17706,29.00000000,1
1506204368,22130501,0.17700,29.00000000,1
1506204361,22130499,0.17702,29.00000000,1
1506204331,22130481,0.17699,29.00000000,1
1506204305,22130474,0.17699,29.00000000,1
1506204297,22130468,0.17699,29.00000000,0
1506204258,22130446,0.17698,61.16923100,1
1506204184,22130414,0.17697,29.00000000,1
1506204176,22130413,0.17696,30.00000000,1
1506204172,22130409,0.17712,306.00000000,0
1506204170,22130408,0.17695,30.00000000,1
1506204001,22130302,0.17695,1295.53757000,1
1506203925,22130254,0.17694,2225.20587000,1
1506203903,22130227,0.17694,3157.28213000,1
1506203649,22130084,0.17759,3695.92375697,0
1506203523,22130036,0.17688,3855.30744200,1
1506203380,22129913,0.17699,5786.43600000,1
1506203379,22129910,0.17699,148.43930135,1
1506203378,22129909,0.17699,818.00000000,1
1506202816,22129696,0.17699,148.63397886,0
1506202808,22129694,0.17699,148.82844265,0
1506202804,22129690,0.17742,67.46618600,0
1506202800,22129689,0.17653,958.40981925,1
1506202800,22129688,0.17735,149.02359075,1
1506202495,22129506,0.17747,149.21882219,1
1506202431,22129494,0.17759,149.41428532,1
1506202377,22129474,0.17771,149.60968064,1
1506202212,22129410,0.17610,8193.58515991,1
1506202211,22129409,0.17664,96.60485000,1
1506202211,22129408,0.17700,1379.18470000,1
1506202211,22129407,0.17730,108.06150000,1
1506202210,22129406,0.17730,630.58886427,1
1506202210,22129405,0.17730,183.22801374,1
1506202210,22129404,0.17739,7081.52200000,1
1506202210,22129403,0.17740,2500.00000000,1
1506202208,22129400,0.17783,149.80530550,1
1506202181,22129391,0.17833,1194.29387686,0
1506202078,22129300,0.17790,6585.03461400,1
1506202057,22129276,0.17791,20000.00000000,1
1506201898,22129207,0.17849,485.56658300,0
1506201821,22129172,0.17790,1593.00000000,1
1506201737,22129156,0.17791,61.11762100,1
1506201600,22129092,0.17791,942.21465000,1
1506201168,22128948,0.17795,150.00115845,1
1506201047,22128860,0.17807,150.19694122,1
1506201003,22128843,0.17859,67.03550200,0
1506200947,22128806,0.17790,12822.54696503,1
1506200947,22128804,0.17819,150.39294997,1
1506200939,22128792,0.17790,643.41842074,1
1506200939,22128790,0.17800,300.00000000,1
1506200939,22128788,0.17800,500.00000000,1
1506200939,22128786,0.17831,150.58903526,1
1506200874,22128730,0.17835,22765.60028595,1
1506200863,22128708,0.17840,500.00000000,1
1506200863,22128706,0.17843,150.78534404,1
1506200850,22128680,0.17855,1443.61373100,1
1506200850,22128679,0.17855,11636.18657200,1
1506200843,22128660,0.17855,1570.30280600,1
1506200839,22128650,0.17855,17025.42803200,1
1506200818,22128609,0.17855,23255.56106534,1
1506200818,22128608,0.17855,150.98157966,1
1506200818,22128607,0.17856,3523.78281000,1
1506200818,22128605,0.17856,1476.21719000,1
1506200817,22128604,0.17858,7809.54584000,1
1506200817,22128602,0.17859,3523.78281000,1
1506200786,22128596,0.17892,617.75212000,0
1506200657,22128556,0.17861,61.35802500,1
1506200400,22128468,0.17856,277.39342000,1
1506200371,22128461,0.17860,9408.23112900,1
1506200181,22128415,0.17934,250.08325444,0
1506200033,22128337,0.17857,1826.62350100,0
1506200032,22128325,0.17857,2684.58658500,1
1506199585,22128083,0.17922,1763.47505858,1
1506199585,22128082,0.17924,200.00000000,1
1506199203,22127909,0.17922,66.60657700,0
1506199156,22127894,0.17978,0.00000012,1
1506198919,22127852,0.17978,2509.26685400,1
1506198895,22127834,0.17978,2490.73314588,1
1506198895,22127833,0.17978,494.26685412,1
1506198890,22127832,0.17978,88.39069700,1
1506198839,22127819,0.17978,550.00000000,1
1506198811,22127815,0.17978,800.43749400,1
1506198801,22127809,0.17978,1582.18924500,1
1506198799,22127808,0.17978,537.07092200,1
1506198797,22127807,0.17978,1396.02412300,1
1506198757,22127791,0.17978,1396.29702100,1
1506198751,22127789,0.17978,1288.24100000,1
1506198751,22127788,0.17978,1932.87239100,1
1506198748,22127784,0.17999,4007.01607693,0
1506198680,22127744,0.18000,2816.00000000,0
1506198658,22127724,0.18000,500.00000000,0
1506198641,22127712,0.18000,3276.94152323,1
1506198640,22127711,0.18000,2435.83871777,1
1506198623,22127704,0.18000,2985.00000000,1
1506198619,22127703,0.18000,1444.42900000,1
1506198617,22127702,0.18000,2738.56323700,1
1506198613,22127701,0.18001,2985.00000000,1
1506198602,22127698,0.18001,2934.92452700,1
1506198582,22127694,0.18001,790.00000000,1
1506198577,22127691,0.18001,2985.00000000,1
1506198572,22127688,0.18000,2984.99987000,1
1506198569,22127687,0.18000,1910.53331000,1
1506198540,22127682,0.18000,2560.06344300,1
1506198514,22127672,0.18000,2817.32990500,1
1506198509,22127666,0.18000,4005.91417100,1
1506198509,22127665,0.18000,5250.01000000,1
1506198504,22127659,0.18000,1913.61508900,1
1506198476,22127657,0.18001,950.00000000,1
1506198466,22127652,0.18000,3000.00000000,1
1506198461,22127645,0.18000,293.85416667,1
1506198461,22127644,0.18002,3146.98366848,0
1506198458,22127638,0.18000,10599.95760016,1
1506198458,22127637,0.18000,8311.26000000,0
1506198458,22127636,0.18000,2000.00000000,0
1506198458,22127635,0.18000,94793.90294163,0
1506198457,22127634,0.18000,4086.00000000,0
1506198457,22127633,0.18000,600.00000000,0
1506198457,22127632,0.17999,2000.00000000,0
1506198457,22127631,0.17997,10770.89259321,0
1506198457,22127630,0.17989,10915.42000000,0
1506198457,22127629,0.17988,10000.00000000,0
1506198457,22127628,0.17978,16932.79489000,0
1506198457,22127627,0.17977,3495.06551000,0
1506198200,22127473,0.17978,217.68477837,0
1506198138,22127433,0.17858,61.73913000,1
1506198100,22127405,0.17975,1021.09118220,0
1506198047,22127356,0.17977,226.04491597,1
1506198047,22127355,0.17977,2160.77370000,1
1506198047,22127354,0.17977,2160.77370000,1
1506198046,22127353,0.17977,2160.77370000,1
1506198046,22127352,0.17977,2160.77370000,1
1506198046,22127347,0.17977,2160.77370000,1
1506198045,22127346,0.17977,2160.77370000,1
1506198043,22127345,0.17977,2305.11880000,1
1506198043,22127344,0.17977,2240.30970000,1
1506198043,22127343,0.17977,2240.30970000,1
1506198043,22127342,0.17977,2240.30970000,1
1506198042,22127341,0.17977,2240.30970000,1
1506198037,22127340,0.17977,293.62930412,1
1506198036,22127339,0.17977,14004.55482300,1
1506198036,22127337,0.17977,1016.14340100,1
1506198035,22127335,0.17977,4139.92257800,1
1506198034,22127332,0.17977,4344.63954000,1
1506198033,22127331,0.17950,178.42641000,0
1506198033,22127330,0.17899,344.00000000,0
1506197404,22126875,0.17958,66.63252800,0
1506197189,22126710,0.17994,909.59014790,1
1506197178,22126693,0.17994,11787.50124000,1
1506197176,22126687,0.17994,82217.35070300,1
1506197175,22126686,0.17995,191.52750000,1
1506197172,22126685,0.17995,2101.22426300,1
1506197160,22126668,0.17994,212477.00624866,1
1506197159,22126667,0.17994,1033.74898400,1
1506197157,22126666,0.17994,2168.39800000,1
1506197156,22126664,0.17994,557.16510000,1
1506197150,22126661,0.17994,500.00000000,1
1506197148,22126658,0.17994,76527.13640800,1
1506197143,22126652,0.17994,83.20859200,1
1506197142,22126650,0.17994,820.00000000,1
1506197141,22126648,0.17994,437.19890000,1
1506197140,22126646,0.17994,1945.11489800,1
1506197140,22126645,0.17994,1962.08574100,1
1506197136,22126643,0.17994,2430.17550000,1
1506197136,22126642,0.17994,11435.67025600,1
1506197131,22126639,0.17994,2239.83274200,1
1506197127,22126636,0.17994,557.35140000,1
1506197126,22126635,0.17994,4768.47516500,1
1506197125,22126632,0.17994,7694.18837000,1
1506197115,22126626,0.17996,2000.00000000,0
1506197114,22126624,0.17996,53889.27931400,0
1506197114,22126623,0.17995,5038.44250000,0
1506197105,22126608,0.17994,3164.47680000,1
1506197097,22126587,0.17994,935.88781100,1
1506197091,22126577,0.17995,3640.27320700,1
1506197087,22126564,0.17995,921.13069400,1
1506197084,22126553,0.17995,2048.00000000,1
1506197077,22126539,0.17994,3631.64179355,1
1506197077,22126538,0.17995,4333.77003545,1
1506197071,22126524,0.17995,100.00000000,1
1506197070,22126523,0.17995,150.98157966,0
1506197070,22126522,0.17995,3773.18936489,0
1506197069,22126518,0.17994,13789.05759100,1
1506197067,22126516,0.17994,3144.73546500,1
1506197067,22126515,0.17994,1534.38361000,1
1506197064,22126512,0.17994,1523.46337200,1
1506197063,22126511,0.17994,9217.79030100,1
1506197057,22126510,0.17994,3170.62918000,1
1506197057,22126509,0.17994,8000.00000000,0
1506197057,22126508,0.17989,395.99536938,0
1506197057,22126507,0.17869,61.54798800,1
1506197038,22126494,0.17973,148.05062600,1
1506197036,22126491,0.17973,100.00000000,1
1506197030,22126488,0.17972,100.00000000,1
1506197026,22126486,0.17972,100.00000000,1
1506197021,22126483,0.17972,10766.69652000,1
1506197021,22126482,0.17973,8940.11212000,1
1506197017,22126476,0.17972,1023.21254239,1
1506197017,22126475,0.17972,2985.00000000,1
1506197015,22126469,0.17972,293.52843312,1
1506197012,22126467,0.17965,2038.61791000,0
1506196970,22126431,0.17923,2500.00000000,1
1506196960,22126428,0.17858,3994.11344600,1
1506196928,22126409,0.17858,156.33605700,1
1506196920,22126402,0.17857,7141.07368700,1
1506196919,22126401,0.17858,12124.03529000,1
1506196916,22126400,0.17857,4492.61121900,0
1506196861,22126381,0.17857,7919.38878100,0
1506196860,22126380,0.17851,344.00000000,0
1506196731,22126307,0.17857,2627.27610000,1
1506196724,22126303,0.17854,1395.79190000,1
1506196663,22126258,0.17860,1591.76552400,1
1506196654,22126238,0.17858,826.36178600,1
1506196647,22126226,0.17975,4271.84403593,0
1506196647,22126225,0.17974,1531.74473000,0
1506196647,22126224,0.17973,17472.12400000,0
1506196647,22126222,0.17972,9406.97600000,0
1506196647,22126220,0.17971,8436.42800000,0
1506196647,22126219,0.17970,8336.27000000,0
1506196622,22126194,0.17853,1849.01842034,1
1506196622,22126193,0.17855,150.98157966,1
1506196547,22126116,0.17989,5604.00463062,0
1506196547,22126115,0.17987,252.99439882,0
1506196546,22126114,0.17980,6000.00000000,0
1506196546,22126113,0.17977,448.73025000,0
1506196546,22126112,0.17970,21229.00000000,0
1506196546,22126111,0.17967,252.44387632,0
1506196546,22126110,0.17963,10052.81800000,0
1506196546,22126109,0.17961,2243.65125000,0
1506196546,22126108,0.17950,250.00000000,0
1506196546,22126107,0.17949,6304.69300000,0
1506196546,22126106,0.17948,1784.53355000,0
1506196545,22126105,0.17947,251.89371090,0
1506196545,22126104,0.17939,500.00000000,0
1506196536,22126103,0.17848,1705.00000000,1
1506196500,22126066,0.17842,61.16922770,1
1506196487,22126038,0.17939,1129.11371873,1
1506196487,22126036,0.17939,3550.00000000,1
1506196487,22126035,0.17939,1329.70700000,1
1506196487,22126034,0.17939,4087.13150800,1
1506196487,22126033,0.17939,20406.92306700,1
1506196484,22126031,0.17927,251.34440719,0
1506196484,22126030,0.17926,447.89429000,0
1506196484,22126029,0.17920,41.28906854,0
1506196484,22126028,0.17920,12359.95893407,0
1506196484,22126027,0.17918,2239.47143000,0
1506196484,22126026,0.17917,16457.62259000,0
1506196484,22126025,0.17915,95.91733000,0
1506196484,22126024,0.17910,1540.68827817,0
1506196483,22126023,0.17910,40.00000000,0
1506196483,22126022,0.17907,250.79572565,0
1506196483,22126021,0.17905,2000.00000000,0
1506196483,22126020,0.17900,30.00000000,0
1506196483,22126019,0.17887,250.24742456,0
1506196483,22126018,0.17867,249.70001215,0
1506196483,22126017,0.17850,250.00000000,0
1506196483,22126015,0.17843,148.88456683,0
1506196435,22125948,0.17840,500.00000000,1
1506196045,22125421,0.17730,630.00000000,0
1506196002,22125397,0.17810,2073.52979000,0
1506195794,22125311,0.17810,235.23447501,0
1506195645,22125218,0.17810,339.59280000,1
1506195643,22125217,0.17764,198.00000000,0
1506195353,22125040,0.17806,112.04155903,0
1506195318,22125022,0.17698,2000.00000000,1
1506194730,22124737,0.17823,545.12203333,0
1506194537,22124547,0.17701,61.54798800,1
1506194509,22124530,0.17797,861.79586171,1
1506194509,22124529,0.17763,254.03627651,0
1506194509,22124528,0.17747,206.00000000,1
1506194508,22124527,0.17730,38.08746020,0
1506193803,22124269,0.17764,67.39022700,0
1506193741,22124246,0.17695,1327.97133400,1
1506193725,22124242,0.17695,5369.18588000,1
1506193527,22124176,0.17693,259.58670800,1
1506193527,22124175,0.17694,1338.72480000,1
1506193462,22124158,0.17691,61.16922770,1
1506193462,22124157,0.17703,0.00000330,1
1506193362,22124085,0.17703,3005.42778670,0
1506193218,22124043,0.17703,148.88456683,1
1506193217,22124042,0.17709,206.00000000,1
1506192993,22123938,0.17724,400.00000000,0
1506192003,22123546,0.17843,67.08809700,0
1506192001,22123543,0.17693,342.26386000,1
1506191885,22123470,0.17785,0.00000019,1
1506191809,22123417,0.17826,1329.61657130,0
1506191788,22123408,0.17785,2031.53660500,1
1506191767,22123379,0.17785,44187.47154100,1
1506191761,22123374,0.17785,2031.53660500,1
1506191550,22123288,0.17786,1628.17067249,1
1506191550,22123287,0.17790,3880.00924751,1
1506191536,22123267,0.17790,12234.71342600,1
1506191536,22123266,0.17790,1962.12629300,1
1506191515,22123253,0.17790,597.00375000,1
1506191383,22123178,0.17791,563.44044400,1
1506191358,22123168,0.17790,512.24398300,1
1506191333,22123162,0.17790,563.63430000,1
1506191320,22123152,0.17867,3699.30657957,1
1506191319,22123151,0.17867,5564.72498700,1
1506191319,22123147,0.17847,249.15324737,0
1506191319,22123145,0.17844,300.00000000,0
1506191318,22123144,0.17844,2112.58992800,1
1506191318,22123143,0.17844,1722.57800000,1
1506191318,22123142,0.17827,248.60663515,0
1506191316,22123141,0.17820,147.92396803,0
1506191297,22123118,0.17790,2340.75334000,1
1506191297,22123117,0.17791,8807.77094000,1
1506191291,22123109,0.17820,852.07603197,0
1506191291,22123108,0.17807,248.06093803,0
1506191284,22123100,0.17791,1440.09193300,1
1506191284,22123099,0.17792,3153.03443000,1
1506191273,22123095,0.17798,563.63430000,1
1506191271,22123093,0.17797,2509.10223700,1
1506191266,22123091,0.17797,4774.02684600,1
1506191256,22123085,0.17795,1044.38773800,1
1506191252,22123084,0.17795,1289.32187300,1
1506191239,22123080,0.17794,3572.11888100,1
1506191168,22123033,0.17800,30.00000000,1
1506191061,22123007,0.17787,247.51566049,0
1506190938,22122950,0.17762,61.16923100,1
1506190877,22122901,0.17778,57.73613455,0
1506190679,22122789,0.17722,61.93800000,1
1506190412,22122694,0.17697,332.57941000,0
1506190203,22122618,0.17756,67.42059000,0
1506189858,22122402,0.17693,61.54798800,1
1506189072,22121962,0.17635,27.30086000,1
1506189071,22121961,0.17665,1156.69914000,1
1506189055,22121950,0.17665,4119.76023200,0
1506189045,22121946,0.17665,1156.69914000,0
1506189032,22121940,0.17665,6774.02589500,0
1506189032,22121939,0.17665,1156.69914000,0
1506189029,22121936,0.17665,5000.00000000,0
1506189019,22121929,0.17665,591.96617000,0
1506189014,22121926,0.17665,5896.13200000,0
1506189011,22121923,0.17665,6770.64272300,0
1506189010,22121922,0.17665,5143.44500000,0
1506189004,22121920,0.17672,1537.62970000,1
1506189004,22121919,0.17690,1184.00000000,1
1506188973,22121900,0.17770,8053.29512100,0
1506188973,22121899,0.17769,1090.16465000,0
1506188968,22121898,0.17665,59.00000000,1
1506188891,22121865,0.17764,1295.24512000,0
1506188891,22121864,0.17762,6825.21167000,0
1506188871,22121857,0.17750,22081.00000000,1
1506188835,22121792,0.17681,497.59968462,1
1506188834,22121791,0.17689,1000.45911538,1
1506188834,22121789,0.17710,22052.54088500,1
1506188834,22121787,0.17710,1000.45911500,1
1506188711,22121620,0.17769,1109.17859200,0
1506188654,22121592,0.17769,1747.56246000,0
1506188645,22121583,0.17770,15762.94370000,0
1506188645,22121582,0.17769,2076.31183000,0
1506188645,22121581,0.17740,380.00000000,0
1506188404,22121490,0.17769,67.37126500,0
1506188400,22121485,0.17700,303.69774000,1
1506188137,22121361,0.17770,2851.59527293,0
1506188136,22121360,0.17769,2621.64494000,0
1506187991,22121278,0.17770,2560.62800000,0
1506187990,22121276,0.17770,360.85574200,0
1506187990,22121275,0.17769,3114.82567000,0
1506187855,22121093,0.17689,1000.00000000,0
1506187742,22120951,0.17755,3570.46221000,0
1506187692,22120907,0.17770,18915.35317951,0
1506187692,22120906,0.17767,246.97157034,0
1506187691,22120905,0.17764,881.59561000,0
1506187691,22120904,0.17747,246.42766333,0
1506187691,22120903,0.17727,245.88419970,0
1506187689,22120900,0.17726,4407.97803000,0
1506187498,22120781,0.17669,5222.46700000,0
1506187494,22120775,0.17670,6113.79700000,0
1506187493,22120774,0.17670,21890.00000000,1
1506187492,22120773,0.17671,6766.90100000,1
1506187338,22120737,0.17672,61.54798800,1
1506187247,22120705,0.17702,76.30225080,0
1506187021,22120648,0.17720,944.08657878,0
1506187021,22120647,0.17719,1487.00920000,0
1506186903,22120585,0.17707,177.73402571,0
1506186603,22120467,0.17707,67.60716100,0
1506186489,22120419,0.17523,163.55684809,1
1506186327,22120348,0.17598,61.54798800,1
1506186203,22120250,0.17555,2069.91842136,0
1506186202,22120249,0.17595,380.08157864,1
1506186162,22120244,0.17679,1020.41859159,1
1506186076,22120203,0.17702,4897.07141162,0
1506186040,22120151,0.17695,231.44204577,0
1506186038,22120150,0.17694,343.74599292,0
1506186030,22120145,0.17679,3973.30240841,0
1506186030,22120144,0.17595,380.00000000,0
1506186024,22120130,0.17679,3973.30241000,1
1506186016,22120127,0.17679,1320.06059000,1
1506186000,22120112,0.17679,469.95475000,1
1506185926,22120072,0.17687,244.79888763,0
1506185897,22120049,0.17679,35.96400000,1
1506185891,22120044,0.17679,4238.59168000,0
1506185875,22120036,0.17587,5000.00000000,0
1506185829,22120000,0.17583,165.55886588,1
1506185828,22119997,0.17584,1221.49132311,0
1506185812,22119984,0.17583,1054.35542189,0
1506185806,22119980,0.17581,1218.03406795,0
1506185799,22119971,0.17581,1216.61100360,0
1506185793,22119967,0.17579,1214.98222433,0
1506185788,22119964,0.17579,1213.30797050,0
1506185774,22119949,0.17581,1054.35542200,0
1506185774,22119948,0.17581,1820.64457800,0
1506185754,22119924,0.17581,2825.00000000,0
1506185669,22119905,0.17581,1000.00000000,0
1506185638,22119895,0.17564,4497.09801395,0
1506185635,22119890,0.17564,5502.90200000,1
1506185607,22119879,0.17583,283.65642951,0
1506185434,22119767,0.17564,338.99988614,1
1506185121,22119602,0.17631,99.09973909,0
1506184806,22119403,0.17557,68.04524500,0
1506184695,22119321,0.17623,517.34698973,0
1506184509,22119284,0.17451,891.37854539,1
1506184508,22119283,0.17490,158.41446630,1
1506184508,22119282,0.17500,500.00000000,1
1506184508,22119281,0.17500,2207.66700000,1
1506184508,22119280,0.17500,2000.00000000,1
1506184508,22119279,0.17504,2437.20263668,1
1506184507,22119278,0.17505,7379.34800000,0
1506184507,22119277,0.17507,244.79888763,1
1506184507,22119276,0.17510,40.00000000,1
1506184507,22119275,0.17510,8312.88700000,0
1506184506,22119274,0.17511,5555.61930000,1
1506184506,22119273,0.17513,2671.23560000,1
1506184504,22119272,0.17570,8307.21066100,1
1506184290,22119182,0.17570,386.65827900,1
1506184286,22119177,0.17570,300.00076200,1
1506184268,22119169,0.17570,546.18849000,1
1506184268,22119168,0.17571,6227.72311000,1
1506184268,22119167,0.17571,1805.72040000,1
1506184258,22119160,0.17570,2400.43290800,1
1506183928,22118969,0.17586,257.07835400,0
1506183928,22118968,0.17584,257.07835400,0
1506183738,22118867,0.17513,61.16923100,1
1506183677,22118829,0.17525,538.00000000,0
1506183443,22118711,0.17586,4998.57579893,1
1506183443,22118710,0.17565,504.30044667,0
1506183441,22118709,0.17527,170.45881329,0
1506183432,22118707,0.17527,245.34118671,1
1506183394,22118683,0.17547,56.84766627,0
1506183391,22118682,0.17547,245.88419970,1
1506183318,22118626,0.17567,3192.00000000,0
1506183316,22118625,0.17567,246.42766333,1
1506183271,22118545,0.17587,481.16145134,1
1506183199,22118426,0.17587,4809.06866800,1
1506183187,22118412,0.17587,234.18988066,1
1506183187,22118410,0.17587,246.97157034,1
1506183108,22118355,0.17623,2108.28909000,0
1506183108,22118354,0.17622,3239.74491000,0
1506183102,22118351,0.17623,5865.50800000,0
1506183099,22118349,0.17627,0.00000049,1
1506183076,22118342,0.17627,1700.28166000,1
1506183062,22118333,0.17555,3872.48433951,0
1506183062,22118332,0.17598,247.51566049,0
1506183059,22118330,0.17518,2510.20191297,1
1506183058,22118329,0.17580,50.00000000,1
1506183058,22118328,0.17620,34.00000000,1
1506183058,22118327,0.17627,1405.79808703,1
1506183054,22118323,0.17627,4473.97191297,1
1506183054,22118321,0.17627,248.06093803,1
1506183045,22118313,0.17656,5663.04900000,0
1506183041,22118307,0.17661,5385.53600000,0
1506183037,22118305,0.17664,1321.87834800,1
1506183024,22118288,0.17664,3568.53030400,1
1506183019,22118286,0.17664,1321.87834800,1
1506183015,22118282,0.17664,5636.45000000,1
1506183004,22118277,0.17683,67.69509200,0
1506182987,22118268,0.17630,4202.34052000,1
1506182985,22118266,0.17664,5480.92900000,1
1506182961,22118247,0.17631,1810.73500166,1
1506182961,22118246,0.17664,1119.19856134,1
1506182921,22118226,0.17664,4559.74543866,1
1506182921,22118225,0.17664,6010.79341134,1
1506182868,22118206,0.17668,46.95300000,1
1506182866,22118204,0.17668,2439.15257700,1
1506182846,22118197,0.17664,14113.46559000,1
1506182846,22118196,0.17668,4005.85541000,1
1506182834,22118188,0.17668,1994.62859000,1
1506182830,22118186,0.17669,2150.90796500,1
1506182792,22118160,0.17667,8500.00000000,1
1506182682,22118115,0.17668,1611.40861500,1
1506182658,22118101,0.17668,60.98159500,1
1506182603,22118068,0.17664,4725.44320000,1
1506182598,22118062,0.17663,2269.86261900,1
1506182511,22118031,0.17663,538.00000000,0
1506182498,22118025,0.17661,538.00000000,0
1506182237,22117900,0.17733,46.33487219,0
1506182042,22117865,0.17762,520.97662000,0
1506181644,22117637,0.17750,50000.00000000,0
1506181644,22117636,0.17764,15712.82592000,0
1506181644,22117635,0.17755,3330.62208000,0
1506181644,22117634,0.17753,19714.77500000,0
1506181643,22117633,0.17751,11241.77700000,0
1506181569,22117531,0.17800,9518.15251480,1
1506181569,22117530,0.17800,11424.71700000,1
1506181568,22117529,0.17800,723.94374520,1
1506181568,22117525,0.17707,3957.17474000,0
1506181568,22117524,0.17699,12188.00600000,0
1506181568,22117523,0.17699,12188.00600000,0
1506181559,22117518,0.17705,8129.04600000,0
1506181559,22117517,0.17705,41870.95400000,0
1506181338,22117467,0.17714,264.68499000,1
1506181221,22117435,0.17710,163.00000000,0
1506181204,22117426,0.17808,67.69892000,0
1506181187,22117418,0.17630,3330.65948000,1
1506181187,22117417,0.17631,2138.90102000,1
1506181151,22117408,0.17630,3499.72750000,1
1506181114,22117406,0.17630,9476.18543925,1
1506181022,22117374,0.17780,2412.06858900,0
1506180785,22117244,0.17630,926.08100000,1
1506180782,22117241,0.17691,3000.00000000,0
1506180765,22117229,0.17630,1531.64000000,1
1506180738,22117213,0.17636,2197.53000000,1
1506180727,22117203,0.17636,997.35996200,1
1506180723,22117200,0.17636,1423.09569900,1
1506180720,22117198,0.17635,3185.34863993,1
1506180700,22117193,0.17635,323.65136007,1
1506180700,22117192,0.17647,248.60663515,1
1506180700,22117191,0.17664,0.00000478,1
1506180659,22117138,0.17664,95.91732522,1
1506180659,22117137,0.17667,3.34659478,1
1506180440,22117054,0.17667,245.80665259,1
1506180390,22116995,0.17687,439.00000000,0
1506180380,22116974,0.17687,249.70001215,1
1506180380,22116973,0.17700,19.85003401,1
1506180379,22116970,0.17700,439.11996200,1
1506180292,22116856,0.17730,543.03440496,0
1506180267,22116782,0.17700,2988.89993100,1
1506180244,22116760,0.17700,10707.50013800,1
1506180244,22116759,0.17701,2559.92260000,1
1506180244,22116758,0.17701,300.00000000,1
1506180200,22116692,0.17700,389.73157544,1
1506180200,22116691,0.17707,250.24742456,1
1506180159,22116667,0.17700,2469.18882700,1
1506180157,22116666,0.17700,11284.64034235,1
1506180157,22116665,0.17700,289.00000000,1
1506180157,22116664,0.17701,3117.09492000,1
1506180157,22116663,0.17727,190.55330165,1
1506180137,22116650,0.17727,60.24242400,1
1506180015,22116622,0.17783,106.49502333,1
1506180013,22116621,0.17756,163.00000000,0
1506179965,22116608,0.17805,504.21544510,0
1506179405,22116325,0.17873,5424.84139763,0
1506179405,22116323,0.17848,2729.57849000,0
1506179403,22116321,0.17788,163.00000000,0
1506179059,22116203,0.17736,60.60975600,1
1506179018,22116191,0.17809,1750.34670000,1
1506179018,22116190,0.17810,264.84722600,1
1506178996,22116184,0.17810,6704.81600000,1
1506178955,22116132,0.17810,14993.33677400,1
1506178887,22116082,0.17810,390.00000000,1
1506178800,22116033,0.17810,994.05821000,1
1506178780,22115999,0.17812,352.11600000,1
1506178776,22115994,0.17810,1600.27000000,1
1506178607,22115927,0.17884,1530.31653992,0
1506178606,22115926,0.17880,7362.09800000,0
1506178146,22115772,0.17884,460.98718000,0
1506177924,22115677,0.17880,10000.00000000,0
1506177604,22115536,0.17847,66.94178800,0
1506177251,22115438,0.17799,678.11815271,0
1506176800,22115219,0.17788,395.96467000,1
1506176717,22115161,0.17790,305.00000000,1
1506176537,22115075,0.17790,61.16923100,1
1506176525,22115065,0.17790,8655.79411780,1
1506176524,22115064,0.17791,1124.45970000,1
1506176524,22115063,0.17792,219.74618220,1
1506176510,22115057,0.17838,360.03532907,0
1506176127,22114882,0.17792,48.05852687,1
1506176127,22114881,0.17792,328.44457413,1
1506176067,22114865,0.17792,869.26732200,1
1506175818,22114725,0.17873,510.38963800,0
1506175804,22114714,0.17876,66.96800200,0
1506175459,22114553,0.17793,61.16923100,1
1506175414,22114514,0.17884,519.09194700,0
1506175346,22114461,0.17885,15446.72463100,0
1506175344,22114459,0.17885,12471.01259000,0
1506175344,22114458,0.17884,1307.00976000,0
1506175217,22114368,0.17792,9386.64265867,0
1506175214,22114362,0.17792,2384.96813000,0
1506175212,22114353,0.17792,2433.10232942,0
1506175204,22114345,0.17792,4021.73404400,0
1506175204,22114344,0.17792,6653.96709000,0
1506175204,22114343,0.17791,358.71074900,0
1506175204,22114342,0.17791,702.28925100,0
1506175204,22114340,0.17791,2361.35459000,0
1506175076,22114294,0.17792,16096.00691791,0
1506175076,22114293,0.17791,1.40211138,0
1506175073,22114282,0.17791,2804.16769862,0
1506174990,22114222,0.17791,2243.22790000,0
1506174987,22114214,0.17791,632.98784136,1
1506174984,22114208,0.17791,1345.26054900,0
1506174982,22114205,0.17791,1316.92953200,0
1506174975,22114202,0.17791,812.23047900,0
1506174974,22114201,0.17791,400.00000000,0
1506174945,22114192,0.17791,445.46414603,0
1506174932,22114186,0.17791,2426.67789819,0
1506174912,22114180,0.17792,2485.50120000,0
1506174910,22114178,0.17792,17092.90813000,0
1506174909,22114177,0.17795,2445.16950000,1
1506174792,22114093,0.17865,4845.71139099,1
1506174792,22114092,0.17865,16545.79492420,1
1506174789,22114088,0.17865,3000.00000000,1
1506174782,22114085,0.17865,3000.00000000,1
1506174752,22114069,0.17869,1199.00000000,0
1506174713,22114051,0.17865,200.00000000,1
1506174712,22114050,0.17865,16584.95097000,0
1506174450,22113892,0.17865,459.19145700,0
1506174400,22113876,0.17790,6360.00000000,1
1506174156,22113705,0.17790,8586.83841000,1
1506174156,22113704,0.17791,3470.92833000,1
1506174143,22113700,0.17791,1791.62120000,0
1506174142,22113699,0.17791,4338.76230000,0
1506174140,22113698,0.17791,4793.81535000,1
1506174140,22113697,0.17791,17060.03441000,1
1506174119,22113683,0.17920,37640.04106593,0
1506174119,22113682,0.17915,95.23669000,0
1506174119,22113681,0.17907,250.79572565,0
1506174119,22113680,0.17905,49979.79999900,0
1506174119,22113679,0.17902,3173.34547000,0
1506174119,22113678,0.17901,3887.25846000,0
1506174119,22113677,0.17887,250.24767471,0
1506174119,22113676,0.17867,249.70076429,0
1506174027,22113638,0.17847,181.90359594,0
1506174003,22113615,0.17847,67.25015400,0
1506174002,22113612,0.17801,2265.78485476,0
1506174002,22113610,0.17801,1749.73308100,0
1506174002,22113608,0.17800,1274.00000000,0
1506173992,22113599,0.17801,516.05181900,0
1506173992,22113598,0.17798,1478.89068100,0
1506173989,22113584,0.17798,3829.64017600,0
1506173989,22113581,0.17798,2235.09660000,0
1506173668,22113321,0.17752,25580.15351000,1
1506173668,22113320,0.17753,3042.27439000,1
1506173668,22113319,0.17753,1377.57210000,1
1506173532,22113213,0.17727,16504.69019677,1
1506173521,22113211,0.17721,388.90962300,1
1506173465,22113184,0.17692,1600.00000000,1
1506173184,22113059,0.17650,215.70257900,0
1506173164,22113019,0.17664,95.23669000,1
1506173136,22112980,0.17747,558.63379607,0
1506173086,22112955,0.17683,124.00000000,0
1506172993,22112925,0.17750,1290.23112676,0
1506172939,22112911,0.17683,60.98159500,1
1506172931,22112886,0.17691,1274.00000000,0
1506172931,22112885,0.17689,575.35555398,0
1506172753,22112806,0.17799,53.66872515,1
1506172675,22112759,0.17797,280.24560319,0
1506172360,22112600,0.17800,56.00000000,1
1506172350,22112594,0.17800,1199.97334000,1
1506172348,22112587,0.17800,7332.35347584,1
1506172345,22112584,0.17801,1180.31107700,1
1506172344,22112582,0.17800,572.70671080,1
1506172342,22112576,0.17800,7696.95625400,1
1506172342,22112574,0.17800,5480.61556181,1
1506172342,22112572,0.17800,544.59464262,1
1506172339,22112566,0.17668,0.00000006,0
1506172337,22112558,0.17668,9376.11922800,0
1506172337,22112555,0.17668,12596.73241500,0
1506172336,22112552,0.17668,4652.10805000,0
1506172335,22112548,0.17668,13320.04030694,0
1506172335,22112547,0.17667,4652.10805000,0
1506172335,22112546,0.17667,750.84625006,0
1506172291,22112508,0.17667,249.15374994,1
1506172238,22112377,0.17690,5197.08352400,0
1506172204,22112344,0.17690,67.67213100,0
1506172150,22112257,0.17681,5000.00000000,1
1506172150,22112256,0.17681,5000.00000000,1
1506172150,22112255,0.17690,5000.00000000,0
1506172139,22112251,0.17690,80730.69851400,0
1506172139,22112250,0.17690,55836.45080000,0
1506172139,22112249,0.17683,5030.43050000,0
1506172139,22112248,0.17681,16910.11870000,0
1506172045,22112169,0.17687,249.70076429,1
1506171949,22112078,0.17692,1274.00000000,0
1506171934,22112052,0.17699,725.86939796,1
1506171933,22112051,0.17700,643.22209204,1
1506171912,22112002,0.17734,3176.37602032,1
1506171912,22111999,0.17735,422.77339346,1
1506171895,22111978,0.17736,3004.11790000,1
1506171857,22111920,0.17737,60.98159500,1
1506171709,22111833,0.17782,3354.39268000,1
1506171700,22111831,0.17780,25289.00000000,1
1506171700,22111830,0.17781,14424.32933000,1
1506171600,22111747,0.17781,2340.73095000,1
1506171535,22111694,0.17800,43.57500000,0
1506171535,22111693,0.17800,1420.01830185,0
1506171512,22111679,0.17800,17968.30962600,0
1506171470,22111657,0.17736,1269.69539018,0
1506171463,22111647,0.17736,7567.46221000,0
1506171463,22111646,0.17735,3859.79279000,0
1506171423,22111623,0.17735,215.20632000,0
1506171417,22111619,0.17736,1277.12279567,0
1506171411,22111615,0.17736,1277.69494371,0
1506171405,22111612,0.17736,1277.94225351,0
1506171400,22111608,0.17736,1206.85641048,0
1506171381,22111599,0.17736,157.17749000,0
1506171223,22111567,0.17736,2532.25128000,0
1506171220,22111566,0.17736,300.00000000,0
1506171072,22111474,0.17735,878.65400000,0
1506171012,22111417,0.17736,422.79722645,1
1506170792,22111323,0.17800,8136.49900000,0
1506170780,22111313,0.17798,16774.51551400,0
1506170428,22111207,0.17722,6947.04380378,1
1506170428,22111206,0.17723,2958.38055000,1
1506170428,22111205,0.17771,47.28780000,1
1506170428,22111204,0.17771,47.28780000,1
1506170428,22111203,0.17771,0.00004622,1
1506170417,22111197,0.17759,47.28775378,0
1506170405,22111195,0.17723,911.10877583,1
1506170404,22111193,0.17761,67.26904900,0
1506170400,22111188,0.17723,2205.00560000,1
1506170400,22111187,0.17796,112.13923000,0
1506170347,22111183,0.17715,240.59480000,0
1506170237,22111123,0.17798,2890.38487470,0
1506170121,22111039,0.17800,2438.76339432,0
1506170121,22111037,0.17799,4402.85974000,0
1506170095,22111017,0.17798,2256.29755400,0
1506170077,22111014,0.17800,36.40967783,1
1506169986,22110972,0.17800,6552.23799000,1
1506169967,22110964,0.17865,985.23684483,0
1506169936,22110951,0.17800,5445.43057900,1
1506169936,22110950,0.17801,2811.29824000,1
1506169926,22110943,0.17700,107965.92175317,0
1506169922,22110936,0.17700,643.35882503,0
1506169916,22110934,0.17700,1307.87630200,0
1506169914,22110932,0.17700,31700.06264200,0
1506169914,22110931,0.17700,15448.49532080,0
1506169913,22110930,0.17699,3946.79531620,0
1506169911,22110925,0.17699,642.16343243,0
1506169905,22110914,0.17699,642.16173137,0
1506169901,22110901,0.17699,1265.06267200,0
1506169900,22110900,0.17699,642.15492711,0
1506169895,22110889,0.17699,642.08222775,0
1506169890,22110882,0.17700,1368.78272300,0
1506169890,22110881,0.17700,2947.64745800,0
1506169890,22110880,0.17700,8256.72881900,0
1506169890,22110879,0.17700,1046.64654800,0
1506169889,22110877,0.17698,2179.68673166,0
1506169886,22110875,0.17698,641.06352516,1
1506169886,22110874,0.17700,1303.83600000,0
1506169885,22110873,0.17700,923.34700000,0
1506169885,22110872,0.17700,2023.96200000,0
1506169885,22110871,0.17700,13569.21500000,0
1506169885,22110870,0.17700,250.24767471,0
1506169884,22110869,0.17700,5581.99372000,0
1506169884,22110868,0.17700,10706.37212000,0
1506169883,22110867,0.17698,2510.76271200,0
1506169883,22110866,0.17698,3839.87340600,0
1506169883,22110864,0.17698,4377.03701000,0
1506169878,22110860,0.17700,182.87483376,1
1506169878,22110858,0.17705,5000.00000000,1
1506169878,22110857,0.17705,300.00000000,1
1506169878,22110856,0.17706,2372.51894000,1
1506169878,22110855,0.17707,2491.52620000,1
1506169878,22110854,0.17723,80.15362459,1
1506169878,22110853,0.17723,80.15362459,1
1506169877,22110852,0.17725,250.79572565,1
1506169877,22110851,0.17725,80.15362459,1
1506169877,22110850,0.17727,250.79572565,1
1506169801,22110806,0.17730,957.00000000,0
1506169792,22110803,0.17730,257.07835400,0
1506169785,22110798,0.17739,0.64394319,1
1506169724,22110731,0.17739,250.79572614,1
1506169724,22110730,0.17739,171.28604474,1
1506169723,22110729,0.17741,171.23841904,1
1506169723,22110728,0.17741,171.23841904,1
1506169723,22110727,0.17743,171.23841904,1
1506169650,22110647,0.17745,251.34440719,1
1506169649,22110644,0.17747,251.34440719,1
1506169635,22110604,0.17759,6685.20194000,1
1506169591,22110566,0.17759,41836.85368000,1
1506169577,22110537,0.17760,2355.44400000,1
1506169576,22110533,0.17761,3156.00000000,0
1506169544,22110501,0.17760,23528.55600000,1
1506169538,22110491,0.17767,201.89371090,1
1506169405,22110374,0.17767,50.00000000,1
1506169340,22110351,0.17787,141.46228132,1
1506169339,22110345,0.17787,50.00000000,1
1506169336,22110342,0.17787,60.98159500,1
1506169218,22110236,0.17807,202.99439882,1
1506169211,22110217,0.17807,50.00000000,1
1506169208,22110202,0.17820,10012.06509500,1
1506169208,22110199,0.17821,2168.42496500,1
1506169208,22110198,0.17821,10012.06509500,1
1506168869,22109851,0.17900,1972.42469446,1
1506168869,22109850,0.17900,821.25077300,1
1506168869,22109848,0.17900,108.97671000,1
1506168868,22109847,0.17900,21046.98221100,1
1506168868,22109846,0.17900,19872.69003100,1
1506168868,22109843,0.17900,981.65306100,1
1506168867,22109842,0.17900,1045.80695800,1
1506168867,22109840,0.17900,19440.10436400,1
1506168845,22109788,0.17900,3000.00000000,1
1506168835,22109784,0.17900,21284.50106100,1
1506168811,22109754,0.17900,6913.82079300,1
1506168790,22109719,0.17900,11037.14892200,1
1506168756,22109607,0.17900,2985.00000000,1
1506168735,22109558,0.17900,2985.00000000,1
1506168733,22109557,0.17900,2985.00000000,1
1506168721,22109517,0.17900,739.99996800,1
1506168714,22109485,0.17900,10481.53586296,1
1506168695,22109397,0.17900,10049.67354600,1
1506168694,22109384,0.17900,1421.21911000,1
1506168692,22109374,0.17900,658.35751000,1
1506168692,22109373,0.17901,1584.99320000,1
1506168692,22109371,0.17901,591.64249000,1
1506168691,22109369,0.17901,658.35751000,1
1506168604,22109178,0.17940,66.72909700,0
1506168591,22109161,0.17940,1750.00000000,0
1506168583,22109157,0.17940,659.01653000,0
1506168570,22109140,0.17940,1353.70810000,0
1506168532,22109119,0.17940,5433.72548000,0
1506168519,22109097,0.17940,32789.00000000,1
1506168442,22109067,0.17944,3504.85446996,1
1506168397,22109024,0.17950,256.15688022,0
1506168387,22109017,0.17950,1220.19246000,0
1506168374,22108998,0.17950,4492.97686000,0
1506168366,22108983,0.17950,12088.95100000,0
1506168361,22108972,0.17950,3745.39583000,0
1506168350,22108958,0.17950,6564.30261400,0
1506168262,22108890,0.17945,44961.40000000,1
1506168258,22108879,0.17945,60.79510700,1
1506168246,22108864,0.17944,6976.68139300,1
1506168112,22108627,0.17937,2408.00000000,0
1506168061,22108515,0.17971,4758.34009804,0
1506168059,22108508,0.17935,414.10525888,0
1506168043,22108471,0.17904,533.84500000,1
1506168000,22108390,0.17914,1207.15539000,1
1506167953,22108192,0.17971,1736.86845200,1
1506167919,22108104,0.17971,4425.61213300,1
1506167906,22108057,0.17971,557.89192000,1
1506167896,22108021,0.17971,3500.00000000,1
1506167892,22108010,0.17971,29724.73049908,1
1506167848,22107912,0.17971,1821.54703000,0
1506167824,22107788,0.17900,3589.09380900,1
1506167824,22107786,0.17900,1905.75782300,1
1506167823,22107783,0.17900,2904.28500000,1
1506167823,22107778,0.17900,10277.41630700,1
1506167821,22107767,0.17878,7183.88586600,1
1506167821,22107765,0.17879,6804.64733000,1
1506167821,22107760,0.17888,1367.99650000,1
1506167821,22107759,0.17947,0.00000500,1
1506167583,22107318,0.17947,100.00000000,0
1506167583,22107316,0.17947,0.00000500,0
1506167492,22107259,0.17887,5000.00000000,1
1506167252,22107113,0.17947,60.98159000,0
1506167233,22107090,0.17997,2663.10740679,0
1506167232,22107088,0.17995,2690.39653289,0
1506167232,22107087,0.17987,252.99439882,0
1506167232,22107085,0.17986,5531.56174000,0
1506167231,22107084,0.17967,252.44412423,0
1506167231,22107083,0.17965,657.27675000,0
1506167231,22107082,0.17926,2938.77331245,0
1506167226,22107076,0.17926,7061.22668755,0
1506167226,22107075,0.17909,7067.56612009,0
1506167225,22107074,0.17908,2364.82003236,0
1506167225,22107073,0.17908,921.56371764,1
1506167222,22107067,0.17908,2201.65500540,0
1506167220,22107061,0.17908,1675.22894796,0
1506167217,22107057,0.17908,422.31854664,0
1506167053,22106878,0.17884,3860.83518022,1
1506167053,22106877,0.17884,1163.53313978,1
1506167051,22106876,0.17884,196.47708100,1
1506167051,22106875,0.17886,91.39899000,1
1506166804,22106711,0.17897,66.84460300,0
1506166782,22106697,0.17909,13137.74024234,0
1506166702,22106643,0.17909,6714.25832743,0
1506166702,22106642,0.17908,4593.26666000,0
1506166645,22106574,0.17909,1149.70595000,0
1506166632,22106554,0.17909,955.17812000,0
1506166630,22106552,0.17909,12861.57538100,0
1506166627,22106550,0.17909,8113.97585914,0
1506166627,22106549,0.17905,4354.28799000,0
1506166627,22106548,0.17889,14204.70850086,0
1506166568,22106466,0.17888,4533.69797000,0
1506166542,22106431,0.17887,292.00769230,0
1506166504,22106391,0.17889,34560.95175100,0
1506166502,22106386,0.17889,12414.04916100,0
1506166502,22106385,0.17888,1790.65934000,0
1506166499,22106372,0.17888,1313.54330000,0
1506166370,22106223,0.17884,371.88090000,1
1506166367,22106210,0.17888,367.75229000,1
1506166363,22106199,0.17889,2578.14426678,0
1506166361,22106194,0.17889,1160.54792957,0
1506166361,22106192,0.17889,16686.24478079,0
1506166359,22106186,0.17889,3242.77806500,0
1506166355,22106156,0.17889,1577.00098100,0
1506166355,22106155,0.17888,4105.89386000,0
1506166353,22106144,0.17889,3873.37135600,0
1506166353,22106142,0.17886,4202.26674000,0
1506166353,22106139,0.17884,4202.26673500,0
1506166337,22106053,0.17877,152.53313800,0
1506166336,22106049,0.17877,322.43474391,0
1506166334,22106026,0.17877,173.18746000,0
1506166330,22106011,0.17877,169.20614533,0
1506166329,22106006,0.17876,168.90530260,0
1506166327,22105995,0.17878,152.85049933,0
1506165994,22105769,0.17893,158.44140000,0
1506165989,22105763,0.17896,136.81080000,0
1506165943,22105742,0.17899,411.75000000,0
1506165775,22105670,0.17778,30.00000000,1
1506165747,22105646,0.17903,7073.88223700,0
1506165737,22105638,0.17767,60.98159500,1
1506165711,22105632,0.17748,27001.61891123,1
1506165711,22105631,0.17749,3511.69030000,1
1506165711,22105630,0.17787,252.44412423,1
1506165704,22105626,0.17816,1755.21280000,0
1506165703,22105624,0.17816,40182.41210667,0
1506165700,22105622,0.17815,3500.00000000,0
1506165697,22105621,0.17816,1659.31439882,0
1506165696,22105620,0.17804,1021.00560118,0
1506165695,22105619,0.17807,252.99439882,1
1506165694,22105618,0.17816,4311.22222000,0
1506165693,22105617,0.17816,6474.94512000,1
1506165677,22105613,0.17900,14771.14001917,1
1506165605,22105565,0.17900,411.63846483,1
1506165605,22105563,0.17900,103155.93011800,1
1506165598,22105555,0.17900,4007.54068400,1
1506165591,22105546,0.17900,11175.23780000,1
1506165589,22105545,0.17900,2144.52303400,1
1506165589,22105544,0.17920,10743.50492800,1
1506165588,22105539,0.17952,583.43443627,0
1506165587,22105536,0.17920,6552.09645500,1
1506165587,22105535,0.17920,3125.59545900,1
1506165586,22105531,0.17920,10014.42932891,1
1506165585,22105530,0.17950,17138.46256209,1
1506165585,22105529,0.17950,7545.05142119,1
1506165585,22105528,0.17950,7528.14766481,1
1506165584,22105527,0.17950,1681.91863186,1
1506165584,22105524,0.17950,4604.49313000,1
1506165583,22105521,0.17950,213.17099093,1
1506165581,22105513,0.17950,3282.73428000,1
1506165579,22105510,0.17950,4709.78029400,1
1506165579,22105508,0.17950,2305.05256000,1
1506165575,22105502,0.17950,6945.52054700,1
1506165558,22105469,0.17950,3829.43324100,1
1506165557,22105465,0.17950,1855.30193000,1
1506165555,22105464,0.17950,24750.89100000,1
1506165554,22105463,0.17950,15718.70700000,1
1506165540,22105446,0.17950,5909.52321400,1
1506165535,22105445,0.17950,71165.95500000,1
1506165526,22105436,0.17950,649.31740600,1
1506165526,22105435,0.17950,209.64010000,1
1506165523,22105432,0.17950,3005.00000000,1
1506165515,22105423,0.17950,6521.83955400,1
1506165511,22105418,0.17950,2864.00543700,1
1506165505,22105412,0.17950,2985.00000000,1
1506165500,22105408,0.17950,2985.00000000,1
1506165494,22105384,0.17950,2985.00000000,1
1506165490,22105380,0.17950,2996.00000000,1
1506165485,22105379,0.17986,2000.00000000,0
1506165468,22105374,0.17950,1010.50399883,1
1506165467,22105373,0.17952,1974.49600117,1
1506165455,22105367,0.17952,4600.07289888,1
1506165454,22105366,0.17952,7894.37596700,1
1506165447,22105362,0.17952,25097.54351900,1
1506165443,22105360,0.17952,3177.18020000,1
1506165440,22105354,0.17952,20380.44639300,1
1506165436,22105347,0.17952,2985.00000000,1
1506165431,22105345,0.17952,2985.00000000,1
1506165428,22105341,0.17952,278.86101600,1
1506165426,22105340,0.17952,2985.00000000,1
1506165425,22105339,0.17952,1693.63910000,1
1506165421,22105333,0.17952,163.87158819,1
1506165420,22105330,0.17952,2985.00000000,1
1506165417,22105324,0.17952,1531.06437267,1
1506165409,22105304,0.17952,2985.00000000,1
1506165406,22105302,0.17952,2985.00000000,1
1506165399,22105296,0.17953,2928.66361200,1
1506165389,22105288,0.17953,3499.99916400,1
1506165379,22105282,0.17953,104.49099000,1
1506165349,22105260,0.17953,83.60413000,1
1506165328,22105237,0.17952,210.88893453,1
1506165328,22105236,0.17952,5886.15764100,1
1506165326,22105233,0.17952,31457.83507100,1
1506165326,22105232,0.17952,37378.70916200,1
1506165326,22105231,0.17953,3205.96535100,1
1506165326,22105230,0.17953,1920.60020900,1
1506165324,22105226,0.17952,957.64140000,1
1506165323,22105223,0.17952,197.15088356,1
1506165312,22105216,0.17952,28610.10825100,1
1506165310,22105213,0.17952,10599.95760100,1
1506165307,22105212,0.17951,1586.00000000,1
1506165299,22105210,0.17995,6309.60346711,0
1506165299,22105209,0.17987,252.99439882,0
1506165299,22105208,0.17980,600.00000000,0
1506165299,22105206,0.17977,84.91561000,0
1506165299,22105205,0.17967,252.44412423,0
1506165298,22105204,0.17960,506.61208954,0
1506165298,22105203,0.17960,93.38791046,0
1506165298,22105202,0.17959,2500.00000000,0
1506165289,22105194,0.17950,1559.07818900,1
1506165289,22105193,0.17951,5507.69680200,1
1506165289,22105192,0.17951,324.57283800,1
1506165274,22105187,0.17950,2350.99171000,1
1506165271,22105186,0.17950,10174.75426200,1
1506165269,22105185,0.17950,1600.00000000,0
1506165269,22105184,0.17947,251.89445629,0
1506165269,22105183,0.17940,600.00000000,0
1506165269,22105182,0.17939,2500.00000000,0
1506165269,22105181,0.17927,251.34540328,0
1506165240,22105159,0.17920,1557.65932000,1
1506165238,22105158,0.17921,1660.74229100,1
1506165235,22105155,0.17920,502.00000000,1
1506165200,22105136,0.17921,1700.33400000,1
1506165196,22105131,0.17921,502.00000000,1
1506165150,22105119,0.17920,40.00000000,0
1506165150,22105118,0.17920,134.71450909,0
1506165144,22105116,0.17902,6776.00000000,1
1506165135,22105114,0.17900,560.00000000,1
1506165092,22105088,0.17920,465.28549091,0
1506165092,22105087,0.17915,94.56286000,0
1506165092,22105086,0.17910,40.00000000,0
1506165091,22105084,0.17910,113.85477172,0
1506165091,22105083,0.17910,40.00000000,0
1506165080,22105079,0.17907,250.79672400,0
1506165080,22105077,0.17900,600.00000000,0
1506165080,22105075,0.17894,2993.00764000,0
1506165079,22105074,0.17893,2500.00000000,0
1506165079,22105073,0.17887,250.24867531,0
1506165053,22105062,0.17885,4380.01118000,0
1506165052,22105061,0.17880,600.00000000,0
1506165052,22105060,0.17872,126.73565785,0
1506165052,22105059,0.17867,249.70126572,0
1506165052,22105058,0.17846,292.91942200,0
1506165003,22105041,0.17846,67.08057800,0
1506164977,22105015,0.17866,429.14694436,1
1506164977,22105014,0.17866,2500.00000000,1
1506164976,22105013,0.17862,140.87006525,0
1506164976,22105011,0.17860,600.00000000,0
1506164976,22105006,0.17850,10358.40008096,0
1506164975,22105003,0.17847,249.15450379,0
1506164975,22104999,0.17846,100.00000000,0
1506164975,22104998,0.17833,10000.00000000,0
1506164973,22104985,0.17831,5203.97368000,0
1506164967,22104954,0.17797,10000.00000000,0
1506164967,22104953,0.17797,10000.00000000,0
1506164967,22104951,0.17797,10000.00000000,0
1506164967,22104950,0.17797,10000.00000000,0
1506164967,22104948,0.17797,10000.00000000,0
1506164966,22104945,0.17797,10000.00000000,0
1506164966,22104944,0.17797,10000.00000000,0
1506164966,22104942,0.17797,10000.00000000,0
1506164966,22104940,0.17797,10000.00000000,0
1506164966,22104939,0.17797,10000.00000000,0
1506164905,22104897,0.17769,50000.00000000,0
1506164905,22104896,0.17768,5242.34496000,0
1506164905,22104895,0.17767,8531.64492000,0
1506164874,22104853,0.17765,8695.51750600,0
1506164812,22104734,0.17700,0.00008056,0
1506164811,22104728,0.17700,3020.97386667,0
1506164808,22104722,0.17710,7168.00000000,1
1506164721,22104640,0.17710,21598.15544900,1
1506164721,22104638,0.17711,17231.77868000,1
1506164713,22104621,0.17725,1399.15620000,1
1506164710,22104612,0.17800,9429.13235223,1
1506164710,22104611,0.17800,10000.00000000,1
1506164709,22104609,0.17800,29781.02605277,1
1506164686,22104580,0.17800,728.86000000,1
1506164657,22104534,0.17800,60.98159500,1
1506164582,22104391,0.17800,0.00000045,1
1506164581,22104389,0.17800,901.95888100,1
1506164541,22104352,0.17800,7223.79500000,1
1506164516,22104317,0.17800,7845.34624200,1
1506164501,22104311,0.17805,1273.99993800,0
1506164400,22104172,0.17800,413.84549000,1
1506164372,22104119,0.17810,29781.02605277,0
1506164361,22104089,0.17800,50.00000000,1
1506164331,22104068,0.17810,30.00000000,0
1506164308,22104043,0.17800,33565.05438655,0
1506164108,22103789,0.17800,143.18522472,0
1506163981,22103647,0.17799,2023.96344900,0
1506163905,22103587,0.17800,22854.61730400,0
1506163904,22103586,0.17799,1849.85723000,0
1506163904,22103584,0.17778,17629.84600000,0
1506163904,22103582,0.17776,4843.26388000,0
1506163904,22103581,0.17764,2822.41558600,0
1506163800,22103434,0.17793,1162.62618289,0
1506163800,22103433,0.17720,2388.77793454,0
1506163800,22103432,0.17719,41448.59588257,0
1506163800,22103431,0.17718,5000.00000000,0
1506163744,22103315,0.17719,333.85407000,0
1506163732,22103256,0.17719,2415.35431843,0
1506163617,22103124,0.17720,611.22206546,0
1506163563,22103088,0.17718,1000.00000000,0
1506163560,22103087,0.17682,403.45386900,1
1506163519,22103024,0.17729,322.43058345,0
1506163515,22103020,0.17729,279.82556750,0
1506163457,22102955,0.17753,66115.14048400,0
1506163457,22102954,0.17752,5990.40567700,0
1506163457,22102953,0.17752,2995.20283900,0
1506163457,22102952,0.17751,74899.25100000,0
1506163456,22102948,0.17681,4570.17551800,1
1506163424,22102892,0.17769,66005.95474900,0
1506163424,22102891,0.17768,6322.45283400,0
1506163423,22102890,0.17768,3161.22641700,0
1506163423,22102889,0.17768,74510.36600000,0
1506163330,22102749,0.17652,1124.00000000,0
1506163295,22102733,0.17656,3009.00000000,0
1506163204,22102603,0.17777,67.33715800,0
1506163202,22102601,0.17667,249.15450379,1
1506163190,22102594,0.17669,1747.99355000,1
1506163189,22102593,0.17686,1191.77140100,0
1506163189,22102592,0.17690,25799.00000000,1
1506163163,22102578,0.17705,1994.79071000,1
1506163163,22102577,0.17711,1927.02484000,1
1506163005,22102428,0.17831,800.05395098,0
1506162864,22102303,0.17722,2129.90699822,0
1506162863,22102301,0.17722,4285.50000000,0
1506162862,22102297,0.17722,157.47229236,0
1506162861,22102294,0.17722,223.29208942,0
1506162861,22102293,0.17722,1670.93000000,0
1506162860,22102291,0.17722,1637.76870000,0
1506162858,22102289,0.17724,1504.79540000,1
1506162858,22102288,0.17725,1324.33452000,1
1506162355,22101897,0.17750,5000.00000000,0
1506162355,22101896,0.17730,5754.12066300,0
1506162355,22101895,0.17729,753.36078000,0
1506162283,22101831,0.17700,5000.00000000,1
1506162252,22101801,0.17753,3157.00000000,0
1506162244,22101785,0.17760,0.00001200,1
1506162244,22101782,0.17760,587.45200000,1
1506162137,22101709,0.17760,61.54798800,1
1506162068,22101649,0.17843,4039.21817700,0
1506162068,22101648,0.17842,12365.04726000,0
1506162068,22101647,0.17842,901.34356000,0
1506162068,22101646,0.17841,6182.47377300,0
1506162067,22101645,0.17841,28840.56100000,0
1506162063,22101643,0.17843,2999.00000000,0
1506162050,22101637,0.17846,2999.00000000,0
1506162044,22101624,0.17849,3913.16040114,1
1506162040,22101619,0.17850,4641.59991904,0
1506162040,22101618,0.17847,249.15450379,0
1506162040,22101617,0.17840,600.00000000,0
1506162040,22101616,0.17827,248.60814627,0
1506162039,22101615,0.17827,432.52425766,0
1506162039,22101614,0.17820,40.00000000,0
1506162039,22101613,0.17820,600.00000000,0
1506162039,22101611,0.17810,40.00000000,0
1506162039,22101609,0.17807,248.06245259,0
1506162039,22101607,0.17800,200.00000000,0
1506162039,22101606,0.17800,600.00000000,0
1506162039,22101605,0.17799,222.55397000,0
1506162039,22101604,0.17790,969.54894953,0
1506162039,22101602,0.17787,247.51717848,0
1506162038,22101601,0.17785,1112.76983000,0
1506162038,22101600,0.17780,600.00000000,0
1506162038,22101599,0.17777,75.08559000,0
1506162038,22101597,0.17774,28378.63000000,0
1506162038,22101596,0.17767,50.95258464,0
1506162038,22101595,0.17760,600.00000000,0
1506162038,22101594,0.17721,49.00000000,0
1506162008,22101547,0.17709,614.00000000,0
1506161842,22101423,0.17630,50.00000000,0
1506161731,22101376,0.17744,421.62398557,0
1506161714,22101371,0.17757,3863.53459645,0
1506161714,22101370,0.17750,0.46540355,0
1506161704,22101363,0.17750,245.00000000,0
1506161558,22101236,0.17682,28.66514934,1
1506161445,22101179,0.17654,50.00000000,1
1506161403,22101167,0.17750,67.44338000,0
1506161387,22101161,0.17750,187.09121645,0
1506161387,22101160,0.17750,2392.13560179,0
1506161387,22101159,0.17750,238.20652438,0
1506161386,22101158,0.17747,247.31135204,0
1506161386,22101157,0.17740,600.00000000,0
1506161386,22101156,0.17739,400.39554000,0
1506161386,22101155,0.17739,2001.97770000,0
1506161386,22101153,0.17727,246.76608301,0
1506161385,22101152,0.17720,40.00000000,0
1506161385,22101151,0.17720,600.00000000,0
1506161385,22101150,0.17720,66.64600000,0
1506161385,22101149,0.17710,40.00000000,0
1506161385,22101148,0.17710,40.00000000,0
1506161383,22101146,0.17707,246.22099878,0
1506161378,22101142,0.17700,600.00000000,0
1506161378,22101141,0.17700,300.00000000,0
1506161378,22101140,0.17691,193.83290572,0
1506161307,22101098,0.17637,50.00000000,1
1506161281,22101084,0.17691,1727.07649828,0
1506161281,22101083,0.17689,99.29153472,0
1506161274,22101073,0.17689,193.83290600,0
1506161268,22101068,0.17689,191.92067000,0
1506161256,22101050,0.17689,576.95488928,1
1506161229,22101022,0.17691,4038.51633300,0
1506161224,22101017,0.17691,3040.57426300,0
1506161197,22100970,0.17689,1843.51614604,0
1506161196,22100968,0.17689,1097.75726496,0
1506161194,22100965,0.17689,1635.54779400,0
1506161176,22100929,0.17689,423.17879500,0
1506161176,22100926,0.17687,1268.73357000,0
1506161171,22100916,0.17670,5000.00000000,1
1506161166,22100908,0.17687,1762.50028900,0
1506161161,22100896,0.17687,245.67661668,0
1506161161,22100895,0.17680,600.00000000,0
1506161161,22100894,0.17670,2073.61648930,0
1506161159,22100885,0.17670,5740.56038483,0
1506161149,22100872,0.17669,2702.72812300,0
1506161124,22100835,0.17600,10986.78925312,1
1506161124,22100834,0.17627,2301.88392160,1
1506161124,22100833,0.17628,1112.93822328,1
1506161076,22100765,0.17669,3549.43236000,1
1506161075,22100764,0.17670,1530.63971692,0
1506161074,22100756,0.17667,564.83332000,0
1506161073,22100750,0.17669,113.19259720,1
1506161073,22100748,0.17669,1697.88895806,1
1506161057,22100719,0.17628,61.54798800,1
1506161053,22100712,0.17664,1187.88086500,0
1506161050,22100711,0.17665,985.20401700,0
1506160885,22100488,0.17627,216.11607840,1
1506160851,22100466,0.17614,663.00000000,0
1506160789,22100412,0.17600,84.60012181,1
1506160789,22100411,0.17620,333.92413819,1
1506160621,22100242,0.17655,384.79733700,0
1506160609,22100239,0.17600,4952.32500000,1
1506160585,22100230,0.17600,15000.00000000,1
1506160581,22100229,0.17600,30508.30543200,1
1506160351,22100095,0.17600,50.00000000,1
1506160307,22100074,0.17600,50.00000000,1
1506160289,22100065,0.17660,2064.89360100,0
1506160289,22100064,0.17659,1514.00640000,0
1506160289,22100061,0.17659,6419.09999900,0
1506160254,22099997,0.17658,734.74539400,0
1506160254,22099996,0.17657,6530.25460600,0
1506160232,22099972,0.17622,100.00000000,0
1506159999,22099869,0.17600,28854.62202500,1
1506159967,22099864,0.17600,3216.00000000,1
1506159903,22099848,0.17600,1039.82454300,1
1506159856,22099835,0.17600,584.30160000,1
1506159807,22099821,0.17600,3635.61798900,1
1506159773,22099806,0.17601,2078.41648000,1
1506159755,22099791,0.17617,1656.51678200,0
1506159748,22099782,0.17610,0.00000044,0
1506159703,22099759,0.17610,847.99999956,0
1506159703,22099758,0.17608,474.65767344,0
1506159603,22099714,0.17618,67.94868900,0
1506159600,22099712,0.17601,791.14909000,1
1506159586,22099703,0.17600,12620.16903000,1
1506159586,22099702,0.17601,2379.83097000,1
1506159566,22099676,0.17600,37370.19489000,1
1506159566,22099674,0.17601,2629.80511000,1
1506159545,22099625,0.17601,2834.00000000,1
1506159515,22099616,0.17601,3132.00000000,1
1506159342,22099559,0.17580,2400.00000000,1
1506159221,22099525,0.17600,44135.35786363,1
1506159221,22099524,0.17601,3461.76222000,1
1506159217,22099523,0.17620,28.41929625,0
1506159195,22099521,0.17600,63.27000000,0
1506159195,22099520,0.17600,5000.00000000,0
1506159060,22099431,0.17598,3186.00000000,0
1506158976,22099388,0.17598,4682.53265954,0
1506158976,22099387,0.17580,317.46734046,0
1506158974,22099386,0.17580,5000.00000000,0
1506158963,22099378,0.17580,5000.00000000,0
1506158755,22099213,0.17546,56.85090619,0
1506158537,22099144,0.17512,61.54798800,1
1506158474,22099120,0.17512,706.53857927,0
1506158470,22099116,0.17512,4009.51431000,1
1506158460,22099102,0.17511,61784.71535281,1
1506158460,22099101,0.17515,448.66564719,1
1506158344,22099013,0.17515,14429.19116388,0
1506158343,22099012,0.17516,570.80883612,1
1506158204,22098919,0.17565,283.94711073,0
1506157806,22098752,0.17598,185.70760000,0
1506157804,22098749,0.17598,5922.82316620,0
1506157804,22098748,0.17598,68.02591200,0
1506157750,22098727,0.17597,2069.45967261,0
1506157671,22098691,0.17598,3952.13153400,0
1506157671,22098690,0.17597,1420.38420000,0
1506157455,22098563,0.17504,61.54798800,1
1506157351,22098542,0.17500,1580.69013200,1
1506157351,22098541,0.17500,4351.55477000,0
1506157351,22098540,0.17503,1971.97980000,0
1506157351,22098539,0.17504,1115.77529800,0
1506157313,22098520,0.17598,10194.81063000,0
1506157313,22098519,0.17597,1702.28217000,0
1506157313,22098518,0.17597,17254.90720000,0
1506157313,22098517,0.17549,848.00000000,0
1506157064,22098461,0.17512,1418.12619272,0
1506157057,22098459,0.17512,1159.31400000,0
1506157011,22098445,0.17512,6727.82100000,0
1506157004,22098443,0.17512,1888.30656100,0
1506157002,22098442,0.17512,12637.84896000,1
1506157002,22098441,0.17513,1825.81420000,1
1506156960,22098410,0.17550,1740.11111100,0
1506156920,22098370,0.17550,18228.88888888,1
1506156751,22098296,0.17622,4019.16938000,1
1506156748,22098291,0.17622,0.00000485,0
1506156728,22098261,0.17622,4749.78818515,1
1506156721,22098257,0.17642,906.91265400,0
1506156688,22098241,0.17622,41665.94025500,1
1506156688,22098240,0.17623,3537.99796000,1
1506156643,22098228,0.17623,1026.71052000,1
1506156639,22098227,0.17623,180.79316100,1
1506156609,22098205,0.17622,5893.92851000,1
1506156608,22098203,0.17622,10196.41748267,1
1506156594,22098182,0.17622,227.14046600,1
1506156590,22098171,0.17622,313.28940000,1
1506156587,22098163,0.17622,3232.00000000,1
1506156581,22098157,0.17622,1980.08500000,1
1506156581,22098156,0.17622,2042.74217300,1
1506156578,22098153,0.17622,3030.00000000,1
1506156576,22098152,0.17622,520.72036000,1
1506156576,22098151,0.17622,202.00000000,1
1506156572,22098144,0.17623,122.55560000,1
1506156567,22098141,0.17623,3229.90630300,1
1506156554,22098117,0.17623,202.00000000,1
1506156552,22098116,0.17623,3030.00000000,1
1506156544,22098108,0.17623,2352.10985600,1
1506156537,22098100,0.17623,368.25523200,1
1506156536,22098096,0.17623,145.08850200,1
1506156534,22098091,0.17623,435.91943074,1
1506156500,22098059,0.17623,100.00000000,1
1506156486,22098058,0.17623,199.99999900,1
1506156481,22098057,0.17623,3232.00000000,1
1506156479,22098056,0.17622,19931.50000000,1
1506156473,22098049,0.17622,460.96241000,1
1506156473,22098048,0.17623,1568.01759000,1
1506156472,22098047,0.17623,3232.00000000,1
1506156462,22098041,0.17622,407.50862100,1
1506156462,22098040,0.17623,5304.19901000,1
1506156452,22098030,0.17622,1580.77012537,1
1506156449,22098026,0.17622,3060.15730338,1
1506156447,22098021,0.17622,3057.62785155,1
1506156446,22098020,0.17622,3205.24567900,1
1506156446,22098019,0.17622,53756.77460600,1
1506156446,22098018,0.17622,10000.00000000,1
1506156446,22098017,0.17622,11154.46794000,1
1506156444,22098016,0.17622,203.22859608,0
1506156130,22097815,0.17621,355.16595000,0
1506156130,22097814,0.17621,1775.82974000,0
1506156130,22097813,0.17580,1000.00000000,0
1506156130,22097811,0.17541,347.00000000,0
1506156004,22097758,0.17540,19931.74914500,0
1506156004,22097756,0.17540,68.25085500,0
1506156000,22097754,0.17501,188.00790000,1
1506155990,22097743,0.17500,14656.79267500,1
1506155990,22097742,0.17501,1389.41080000,1
1506155990,22097741,0.17501,3913.38657000,1
1506155292,22097400,0.17670,6568.17684957,0
1506155292,22097399,0.17670,1425.13383100,0
1506155292,22097398,0.17670,0.00000076,0
1506155292,22097397,0.17665,155.23241867,0
1506155292,22097396,0.17604,1386.45690000,0
1506155289,22097387,0.17648,4630.53000000,0
1506155288,22097384,0.17670,10346.31755924,1
1506155287,22097381,0.17667,245.13345877,0
1506155286,22097380,0.17664,97.97333000,0
1506155286,22097379,0.17661,89.21664490,0
1506155286,22097378,0.17660,600.00000000,0
1506155286,22097377,0.17659,3570.31138000,0
1506155286,22097376,0.17647,244.59025239,0
1506155286,22097375,0.17646,714.06228000,0
1506155286,22097374,0.17640,600.00000000,0
1506155286,22097373,0.17627,244.04777448,0
1506155286,22097372,0.17620,40.00000000,0
1506155285,22097371,0.17620,600.00000000,0
1506155285,22097370,0.17610,40.00000000,0
1506155285,22097369,0.17607,243.50577610,0
1506155285,22097368,0.17606,6490.96956000,0
1506155285,22097367,0.17593,4934.87198412,0
1506155160,22097342,0.17511,50.00000000,1
1506155109,22097300,0.17593,2116.44941400,0
1506155107,22097299,0.17592,4891.03547631,0
1506155106,22097298,0.17587,242.96452369,0
1506155106,22097297,0.17584,529.00000000,0
1506155104,22097295,0.17583,1404.69370000,0
1506155104,22097294,0.17567,242.42350783,0
1506155104,22097293,0.17547,241.88325453,0
1506155104,22097292,0.17520,1.52657745,0
1506154937,22097248,0.17502,61.54798800,1
1506154866,22097194,0.17520,2998.47342255,0
1506154866,22097193,0.17515,54.59456400,0
1506154816,22097154,0.17511,158.99209620,0
1506154800,22097128,0.17501,278.31447000,1
1506154790,22097122,0.17500,4470.91236080,1
1506154786,22097117,0.17491,159.02725773,0
1506154782,22097104,0.17491,1276.88358582,0
1506154782,22097103,0.17491,1279.93641418,0
1506154780,22097097,0.17491,158.81106563,0
1506154768,22097084,0.17490,158.21938902,1
1506154768,22097082,0.17491,2421.28996311,0
1506154768,22097081,0.17491,2205.99003689,0
1506154766,22097073,0.17490,2778.68755735,0
1506154765,22097072,0.17490,1468.38244265,0
1506154761,22097055,0.17490,157.90077214,0
1506154756,22097041,0.17487,157.64583951,0
1506154754,22097037,0.17490,4127.19000000,0
1506154753,22097035,0.17489,2708.13000000,0
1506154740,22097023,0.17489,157.42130648,0
1506154707,22096956,0.17490,39038.11989622,1
1506154707,22096954,0.17490,5068.70384600,1
1506154704,22096950,0.17490,5747.69881653,1
1506154700,22096932,0.17490,3287.83643016,1
1506154698,22096931,0.17491,1851.37021000,0
1506154697,22096928,0.17490,3889.20016008,1
1506154694,22096927,0.17490,5382.47336500,1
1506154693,22096925,0.17490,5068.70384600,1
1506154693,22096923,0.17490,684.02504144,1
1506154689,22096921,0.17490,3884.62637928,1
1506154687,22096915,0.17490,3880.73866559,1
1506154683,22096912,0.17490,3876.85095191,1
1506154678,22096905,0.17491,1885.86794000,1
1506154677,22096903,0.17491,1974.16953000,1
1506154674,22096901,0.17491,4005.72113234,1
1506154674,22096899,0.17493,54.59456400,1
1506154649,22096883,0.17490,2017.40102916,1
1506154519,22096787,0.17484,5733.10000000,0
1506154437,22096753,0.17497,1879.51833662,0
1506154436,22096745,0.17487,1397.06320000,1
1506154435,22096743,0.17487,247.15315986,0
1506154404,22096715,0.17401,50.00000000,1
1506154261,22096627,0.17465,404.75341900,0
1506154204,22096556,0.17429,68.68552400,0
1506153856,22096407,0.17400,61.73913000,1
1506153762,22096368,0.17400,770.94186900,1
1506153762,22096367,0.17400,846.93790100,1
1506153489,22096211,0.17480,450.81802059,0
1506153430,22096194,0.17400,886.06210900,1
1506153126,22096094,0.17441,461.97431339,0
1506152996,22095994,0.17459,519.92130133,0
1506152701,22095878,0.17483,1216.18158700,0
1506152439,22095826,0.17420,984.99400000,0
1506152439,22095825,0.17410,267.00000000,0
1506152408,22095820,0.17490,96.95597484,0
1506152403,22095819,0.17493,68.42640800,0
1506152401,22095817,0.17400,266.99999000,1
1506152353,22095802,0.17400,3000.00000000,1
1506152179,22095789,0.17400,5000.00000000,1
1506152179,22095788,0.17400,2000.00000000,1
1506152119,22095758,0.17400,3000.00000000,1
1506152119,22095757,0.17400,5000.00000000,1
1506152105,22095754,0.17324,2212.93674547,1
1506152105,22095753,0.17326,6045.18000000,1
1506152103,22095751,0.17367,241.88325453,1
1506151986,22095731,0.17384,342.59224617,1
1506151986,22095730,0.17387,242.42350783,1
1506151984,22095729,0.17400,5000.00000000,1
1506151984,22095728,0.17400,4414.98424600,1
1506151953,22095726,0.17499,28.67200000,0
1506151941,22095725,0.17400,585.01575400,0
1506151635,22095641,0.17400,633.85700000,0
1506151466,22095615,0.17400,5000.00000000,1
1506151466,22095614,0.17405,1483.84500000,1
1506151466,22095613,0.17407,242.96452369,1
1506151466,22095612,0.17409,157.54484101,1
1506151466,22095611,0.17410,5000.00000000,1
1506151466,22095610,0.17410,1777.75909429,1
1506151465,22095609,0.17415,96.01378701,1
1506151413,22095598,0.17500,2766.82181800,1
1506151412,22095597,0.17500,2233.17818200,1
1506151358,22095587,0.17500,0.00000047,1
1506151356,22095586,0.17500,792.83508300,1
1506151338,22095576,0.17500,61.54798800,1
1506151319,22095568,0.17500,2107.21925800,1
1506151299,22095556,0.17500,10182.28874200,1
1506151266,22095544,0.17500,212.92605715,1
1506151265,22095541,0.17500,212.67731429,1
1506151240,22095532,0.17500,10328.22945900,1
1506151201,22095490,0.17500,65000.00000000,1
1506151196,22095480,0.17500,5858.20000000,1
1506151191,22095476,0.17500,2114.99172500,1
1506151178,22095471,0.17500,2901.37799400,1
1506151178,22095470,0.17501,916.34829000,1
1506151171,22095462,0.17500,1414.30141600,1
1506151167,22095458,0.17500,1727.28571400,1
1506151166,22095457,0.17500,8835.49064400,1
1506151166,22095456,0.17501,1012.60229000,1
1506151161,22095454,0.17500,9308.64863400,1
1506151151,22095449,0.17500,6528.27672900,1
1506151151,22095448,0.17501,1118.96429000,1
1506151134,22095442,0.17501,456.14463700,1
1506151018,22095361,0.17520,1000.00000000,0
1506150819,22095307,0.17500,498.25655200,0
1506150680,22095277,0.17444,4400.00000000,0
1506150680,22095276,0.17428,267.00000000,0
1506150604,22095254,0.17500,68.57142900,0
1506150319,22095177,0.17451,1000.00000000,1
1506150257,22095147,0.17451,61.73913000,1
1506150003,22095056,0.17444,650.00000000,0
1506150000,22095055,0.17418,314.64684000,1
1506149794,22095004,0.17444,5000.00000000,0
1506149792,22095001,0.17444,5000.00000000,0
1506149790,22095000,0.17444,5000.00000000,0
1506149565,22094946,0.17458,586.35315200,1
1506149382,22094906,0.17460,1436.78160900,1
1506149277,22094887,0.17461,1000.00000000,1
1506149006,22094767,0.17461,1539.43874900,1
1506148941,22094726,0.17461,1559.25330700,1
1506148895,22094707,0.17461,749.22056900,1
1506148858,22094687,0.17460,6782.73171100,1
1506148858,22094686,0.17461,2263.43757000,1
1506148824,22094660,0.17461,324.00000000,0
1506148804,22094648,0.17499,68.40685700,0
1506148773,22094627,0.17498,5000.00000000,0
1506148768,22094624,0.17498,5000.00000000,0
1506148707,22094599,0.17497,1284.68199102,0
1506148607,22094474,0.17461,629.59737000,1
1506148385,22094090,0.17460,13589.11183000,1
1506148385,22094089,0.17461,2932.45304000,1
1506148365,22094074,0.17460,8196.54341000,1
1506148365,22094073,0.17461,3240.46850000,1
1506148276,22094021,0.17460,31663.70502000,1
1506148275,22094020,0.17461,3580.84708000,1
1506147944,22093773,0.17461,324.00000000,1
1506147932,22093758,0.17461,3159.79454800,1
1506147867,22093676,0.17461,324.00000000,1
1506147738,22093466,0.17458,61.93146400,1
1506147720,22093447,0.17458,901.00000000,0
1506147423,22093294,0.17415,61.95735056,0
1506147421,22093291,0.17415,1402.12200000,0
1506147398,22093269,0.17415,1408.93318472,0
1506147369,22093244,0.17420,1962.17182399,0
1506147276,22093194,0.17420,380.99759023,0
1506147238,22093189,0.17420,394.65554480,0
1506147190,22093184,0.17420,288.06443949,0
1506147147,22093178,0.17420,0.00002374,1
1506147143,22093173,0.17420,3025.88945412,1
1506147139,22093170,0.17420,1974.11052214,1
1506147139,22093169,0.17420,3287.01896357,1
1506147135,22093166,0.17420,1536.13825227,1
1506147131,22093165,0.17413,176.84278416,0
1506147130,22093164,0.17413,4925.73293418,0
1506147129,22093163,0.17413,74.26706582,0
1506147117,22093162,0.17412,3500.00000000,1
1506147003,22093117,0.17413,68.74863600,0
1506146826,22092966,0.17413,157.74474780,0
1506146818,22092958,0.17413,1100.75733400,0
1506146809,22092949,0.17413,1401.51777142,1
1506146783,22092921,0.17413,2437.91864988,1
1506146657,22092877,0.17412,61.93146400,1
1506146517,22092850,0.17475,37.54160000,0
1506146448,22092825,0.17412,78.83378096,0
1506146439,22092822,0.17411,2006.23878122,1
1506146435,22092807,0.17412,5033.06301000,0
1506146432,22092805,0.17411,6689.33432887,1
1506146431,22092804,0.17411,901.00000000,0
1506146411,22092796,0.17410,323.99988513,1
1506146411,22092795,0.17410,324.00000000,1
1506146388,22092780,0.17410,340.76033769,1
1506146381,22092775,0.17410,2233.48068289,0
1506146379,22092773,0.17410,1383.25966859,1
1506146376,22092770,0.17410,3616.74033141,1
1506146375,22092768,0.17410,0.00002007,1
1506146200,22092716,0.17410,507.61411670,1
1506146188,22092711,0.17410,4492.38586323,1
1506146188,22092710,0.17410,308.47825347,1
1506146161,22092705,0.17412,51.40309422,0
1506146156,22092704,0.17410,3074.13144100,1
1506146156,22092703,0.17411,4441.10540000,1
1506146032,22092695,0.17411,498.80000000,1
1506146023,22092692,0.17411,1100.00000000,1
1506145994,22092686,0.17411,496.12310710,1
1506145988,22092685,0.17411,342.27997932,1
1506145984,22092679,0.17410,1617.39030553,1
1506145983,22092678,0.17410,5000.00000000,1
1506145976,22092674,0.17412,5163.29993000,1
1506145971,22092671,0.17412,3875.97824464,1
1506145757,22092632,0.17412,500.00000000,0
1506145589,22092541,0.17412,2973.40914312,1
1506145441,22091988,0.17419,200.00000000,1
1506145421,22091923,0.17417,259.00000000,0
1506145409,22091922,0.17416,400.00000000,1
1506145386,22091915,0.17412,400.00000000,1
1506145204,22091504,0.17490,68.44596900,0
1506144977,22091386,0.17411,11657.36697037,1
1506144822,22091332,0.17455,1531.71922085,0
1506144816,22091328,0.17500,5000.00000000,1
1506144739,22091305,0.17410,1722.28335000,1
1506144686,22091264,0.17411,1006.48785100,1
1506144659,22091250,0.17546,5670.83931857,0
1506144659,22091249,0.17546,16273.93289800,0
1506144659,22091248,0.17545,2583.24054000,0
1506144658,22091246,0.17544,15473.18400000,0
1506144643,22091240,0.17423,2584.40600000,1
1506144609,22091186,0.17570,809.70811948,0
1506144609,22091185,0.17569,19595.70800000,0
1506144591,22091181,0.17500,2426.38860460,1
1506144591,22091180,0.17506,648.31875391,1
1506144581,22091179,0.17506,525.00000000,1
1506144580,22091178,0.17506,3029.50675400,0
1506144580,22091177,0.17506,1747.58498500,0
1506144574,22091175,0.17500,844.93845000,1
1506144574,22091174,0.17500,96728.67294540,0
1506144560,22091172,0.17500,1684.18782471,0
1506144560,22091171,0.17500,2311.92490529,0
1506144559,22091170,0.17499,1003.88727000,0
1506144555,22091169,0.17499,5000.00000000,0
1506144542,22091167,0.17500,5000.00000000,0
1506144540,22091165,0.17500,5000.00000000,0
1506144540,22091164,0.17500,5000.00000000,0
1506144529,22091161,0.17500,5000.00000000,0
1506144522,22091157,0.17500,5000.00000000,0
1506144513,22091153,0.17500,2155.21864000,0
1506144513,22091152,0.17499,1192.73735000,0
1506144513,22091151,0.17498,1652.04401000,0
1506144508,22091148,0.17500,4999.99999971,0
1506144508,22091147,0.17409,0.00000029,0
1506144507,22091146,0.17409,17973.56987900,0
1506144505,22091145,0.17412,2539.00830000,1
1506144451,22091123,0.17500,5.85645500,1
1506144334,22091105,0.17500,4994.14354500,1
1506144334,22091104,0.17500,3105.85645500,1
1506144209,22091086,0.17500,1832.21208100,1
1506144136,22091068,0.17500,61.93146400,1
1506144046,22090985,0.17503,1489.21165000,0
1506144033,22090976,0.17502,259.00000000,0
1506143972,22090896,0.17501,1527.97520000,0
1506143972,22090895,0.17504,1472.02480000,0
1506143961,22090886,0.17503,2006.78622300,1
1506143956,22090882,0.17520,5291.97892934,0
1506143956,22090881,0.17518,566.22107066,0
1506143951,22090878,0.17520,0.00013339,1
1506143950,22090876,0.17520,6300.13350457,1
1506143948,22090872,0.17520,3909.94914384,1
1506143820,22090837,0.17583,709.71961553,0
1506143506,22090732,0.17583,4958.14137578,0
1506143404,22090713,0.17583,68.08394500,0
1506143397,22090712,0.17521,4674.57142857,1
1506143345,22090704,0.17521,118.23672000,1
1506143332,22090702,0.17521,203.00000000,1
1506143324,22090698,0.17521,203.00000000,1
1506143319,22090697,0.17521,145.55185600,1
1506143314,22090695,0.17521,203.00000000,1
1506143311,22090693,0.17522,108.37641100,1
1506143309,22090692,0.17521,203.00000000,1
1506143199,22090634,0.17520,1409.13184500,1
1506143195,22090616,0.17520,1620.16729100,1
1506143192,22090611,0.17584,0.00006442,1
1506143191,22090610,0.17584,3029.29913558,1
1506143175,22090597,0.17586,187.57689796,0
1506143175,22090596,0.17586,187.57690000,0
1506143175,22090595,0.17586,187.57690000,0
1506143175,22090594,0.17586,187.57690000,0
1506143175,22090593,0.17586,0.00003204,0
1506143162,22090584,0.17585,187.57690000,0
1506143162,22090583,0.17520,5000.00000000,1
1506143151,22090579,0.17586,187.57686796,1
1506143136,22090570,0.17584,2672.62809000,0
1506143112,22090557,0.17600,34620.40648818,0
1506143112,22090556,0.17600,600.00000000,0
1506143112,22090555,0.17600,3002.10000000,1
1506143111,22090554,0.17599,3299.27232000,0
1506143111,22090552,0.17597,8245.47013800,0
1506143109,22090548,0.17593,6795.60796909,1
1506143105,22090547,0.17598,2729.11208334,0
1506143105,22090546,0.17587,84.58261979,0
1506143105,22090545,0.17587,242.96452369,0
1506143105,22090544,0.17580,0.00000050,0
1506143105,22090543,0.17580,599.99999950,0
1506143104,22090542,0.17579,76.17746887,0
1506143104,22090541,0.17567,68.62216198,0
1506143104,22090540,0.17567,242.42350783,0
1506143104,22090539,0.17565,2000.00000000,0
1506143104,22090538,0.17562,61.79747865,0
1506143104,22090537,0.17560,600.00000000,0
1506143104,22090536,0.17550,3925.48179687,0
1506143057,22090475,0.17482,62.12500000,1
1506143037,22090433,0.17550,48.58866000,0
1506143024,22090408,0.17550,250.00000000,0
1506143022,22090406,0.17482,197.70433400,1
1506142993,22090367,0.17482,2500.00000000,1
1506142915,22090248,0.17500,571.92000000,1
1506142908,22090238,0.17500,3248.00000000,1
1506142885,22090206,0.17500,3248.00000000,1
1506142880,22090196,0.17500,421.67761400,1
1506142870,22090182,0.17500,64594.95057000,1
1506142869,22090180,0.17501,5405.04943000,1
1506142851,22090158,0.17501,3036.22559000,1
1506142830,22090103,0.17500,203.00000000,1
1506142826,22090091,0.17550,1775.92954313,0
1506142825,22090090,0.17549,4414.01061000,0
1506142825,22090089,0.17547,241.88325453,0
1506142825,22090088,0.17540,600.00000000,0
1506142824,22090087,0.17528,94.27342580,0
1506142824,22090086,0.17528,104.95035477,0
1506142824,22090085,0.17527,241.34351276,0
1506142824,22090083,0.17521,291.05000000,0
1506142823,22090081,0.17520,40.00000000,0
1506142823,22090080,0.17520,600.00000000,0
1506142823,22090079,0.17520,236.43255745,0
1506142823,22090076,0.17510,40.00000000,0
1506142821,22090073,0.17495,259.00000000,0
1506142806,22090032,0.17507,240.80455162,0
1506142801,22090020,0.17418,96.51487000,1
1506142464,22089911,0.17428,1000.00000000,1
1506142258,22089867,0.17501,3500.00000000,1
1506142205,22089859,0.17500,39.09457000,1
1506142205,22089858,0.17501,4960.90543000,1
1506142192,22089857,0.17500,3518.01143000,1
1506142192,22089856,0.17501,5481.98857000,1
1506142173,22089854,0.17500,200.00000000,0
1506142173,22089853,0.17500,1069.17697146,0
1506142173,22089852,0.17499,77.78931000,0
1506142173,22089851,0.17480,2981.85838685,0
1506142146,22089836,0.17480,120.44170000,0
1506141999,22089806,0.17500,2291.32302857,0
1506141999,22089805,0.17500,600.00000000,0
1506141997,22089803,0.17488,7314.34945000,0
1506141961,22089750,0.17488,692.14619000,0
1506141948,22089748,0.17488,692.14619000,0
1506141934,22089746,0.17488,609.21198000,0
1506141921,22089742,0.17488,692.14619000,0
1506141874,22089723,0.17487,513.64640734,0
1506141874,22089722,0.17487,153.87918266,0
1506141873,22089721,0.17480,262.05341000,0
1506141868,22089718,0.17480,977.05178000,0
1506141856,22089689,0.17480,1432.48000000,0
1506141855,22089687,0.17480,240.00282000,0
1506141843,22089676,0.17480,285.15186000,0
1506141836,22089673,0.17480,1408.39013000,0
1506141836,22089672,0.17420,12.00987000,0
1506141693,22089615,0.17420,9896.44000000,0
1506141692,22089614,0.17420,6806.56000000,0
1506141691,22089613,0.17420,3179.55000000,0
1506141690,22089612,0.17420,3006.36000000,0
1506141688,22089610,0.17479,1094.08013000,1
1506141604,22089590,0.17431,68.48512600,0
1506141455,22089504,0.17480,17332.04620000,0
1506141453,22089503,0.17479,1155.14380000,0
1506141263,22089470,0.17487,86.38667449,0
1506141263,22089469,0.17480,600.00000000,0
1506141263,22089468,0.17467,239.72822289,0
1506141262,22089467,0.17460,600.00000000,0
1506141262,22089466,0.17460,285.22069000,1
1506141262,22089465,0.17447,239.19087137,0
1506141261,22089464,0.17440,600.00000000,0
1506141261,22089463,0.17440,1426.10346000,1
1506141261,22089462,0.17427,238.65433624,0
1506141260,22089461,0.17420,40.00000000,0
1506141260,22089460,0.17420,600.00000000,0
1506141260,22089459,0.17417,98.66172000,0
1506141258,22089458,0.17407,233.67172501,0
1506141222,22089447,0.17407,4.44663825,0
1506141222,22089446,0.17400,2000.00000000,0
1506141221,22089445,0.17400,4348.03336175,0
1506141207,22089442,0.17400,812.75763500,0
1506140938,22089352,0.17387,237.58296068,0
1506140695,22089196,0.17367,79.70602573,0
1506140664,22089151,0.17367,157.34211112,0
1506140664,22089150,0.17350,0.00000010,0
1506140646,22089102,0.17350,3003.42900000,0
1506140644,22089080,0.17350,3072.23818200,0
1506140644,22089078,0.17350,6011.75372800,0
1506140643,22089075,0.17349,3003.42900000,0
1506140635,22089052,0.17349,157.46456487,0
1506140621,22089013,0.17349,155.66641532,0
1506140620,22089010,0.17349,115.69387401,0
1506140614,22088974,0.17349,156.34751011,1
1506140612,22088966,0.17350,157.24850938,0
1506140602,22088943,0.17350,380.22522000,0
1506140599,22088934,0.17350,156.98469912,0
1506140593,22088894,0.17350,156.81485801,0
1506140584,22088873,0.17350,4359.46823800,0
1506140583,22088870,0.17350,2244.39947800,0
1506140583,22088869,0.17350,3478.15741339,0
1506140583,22088868,0.17349,407.48355061,0
1506140583,22088866,0.17349,3241.64377939,0
1506140583,22088865,0.17347,80.18179261,0
1506140581,22088859,0.17347,156.33184144,0
1506140574,22088838,0.17327,79.54339803,0
1506140569,22088797,0.17327,156.43659437,0
1506140569,22088796,0.17307,0.00000493,0
1506140568,22088789,0.17307,235.44695000,0
1506140554,22088711,0.17287,79.24784694,0
1506140553,22088703,0.17287,155.66641532,0
1506140538,22088624,0.17216,62.51572300,1
1506140502,22088500,0.17264,3642.25290115,0
1506140501,22088499,0.17262,13537.02989000,0
1506140501,22088498,0.17250,758.64655485,0
1506140501,22088497,0.17210,165.00000000,0
1506140183,22088359,0.17249,94.57367789,0
1506140079,22088300,0.17133,90.00000000,1
1506139804,22088203,0.17243,69.42643400,0
1506139552,22088054,0.17176,3806.51203700,0
1506139551,22088052,0.17166,165.00000000,0
1506139457,22087985,0.17115,62.31974900,1
1506139200,22087927,0.17100,460.42831000,1
1506139137,22087920,0.17101,5068.70555974,1
1506139137,22087919,0.17101,1447.47310000,1
1506139137,22087918,0.17107,234.91426226,1
1506138300,22087799,0.17167,417.93263900,0
1506138012,22087776,0.17200,5000.00000000,1
1506138003,22087774,0.17161,69.57168600,0
1506137973,22087767,0.17200,0.00000026,1
1506137962,22087766,0.17200,954.30098500,1
1506137956,22087765,0.17127,4045.69901474,0
1506137861,22087750,0.17127,148.43715100,0
1506137664,22087722,0.17127,157.01170265,0
1506137572,22087715,0.17127,834.82612100,0
1506137542,22087702,0.17127,1169.75400000,0
1506137511,22087698,0.17127,3574.73210900,0
1506137502,22087697,0.17127,2472.87700000,0
1506137475,22087686,0.17127,1202.18089100,0
1506137465,22087685,0.17126,2434.38300000,0
1506137452,22087680,0.17127,3500.00000000,0
1506137444,22087679,0.17127,235.44695493,1
1506137398,22087667,0.17150,4333.78511300,0
1506137398,22087666,0.17150,3204.53627140,0
1506137398,22087665,0.17129,294.02000760,0
1506137397,22087664,0.17147,235.97999240,1
1506137396,22087663,0.17150,5000.00000000,1
1506137396,22087662,0.17157,1560.78580000,1
1506137396,22087661,0.17158,5531.54485000,1
1506136938,22087553,0.17163,62.35073500,1
1506136515,22087483,0.17250,98.20344515,0
1506136381,22087441,0.17135,5163.82959120,0
1506136381,22087440,0.17135,13351.84800000,0
1506136380,22087439,0.17167,236.51363405,1
1506136380,22087438,0.17177,181.63490075,1
1506136378,22087437,0.17213,5525.00174000,1
1506136378,22087436,0.17214,16907.44386000,1
1506136203,22087418,0.17243,69.42643400,0
1506136143,22087402,0.17178,521.31999817,0
1506136141,22087401,0.17200,0.00000183,1
1506135968,22087347,0.17200,768.18181817,0
1506135942,22087344,0.17226,916.42425000,0
1506135902,22087337,0.17177,400.00000000,1
1506135857,22087323,0.17190,62.91139200,1
1506135692,22087294,0.17229,32.99996000,0
1506135639,22087285,0.17236,213.00000000,0
1506135626,22087278,0.17240,213.00000000,0
1506135613,22087262,0.17214,71.00000000,0
1506135612,22087261,0.17179,400.00000000,1
1506135603,22087247,0.17187,162.95186315,1
1506135602,22087246,0.17187,237.04813685,1
1506135600,22087245,0.17188,451.30270076,1
1506135600,22087244,0.17212,0.00003924,1
1506135391,22087172,0.17212,958.11678076,1
1506135350,22087139,0.17204,4440.00000000,0
1506135330,22087128,0.17207,237.58296068,0
1506135288,22087070,0.17400,9823.31720610,0
1506135288,22087069,0.17400,18259.38772500,1
1506135288,22087068,0.17400,9129.69386200,1
1506135288,22087066,0.17400,10000.00000000,1
1506135288,22087065,0.17400,10000.00000000,1
1506135288,22087063,0.17400,10000.00000000,1
1506135287,22087061,0.17400,10000.00000000,1
1506135287,22087060,0.17400,10000.00000000,1
1506135287,22087059,0.17400,10000.00000000,1
1506135287,22087058,0.17388,5000.00000000,0
1506135286,22087057,0.17388,10000.00000000,1
1506135286,22087055,0.17388,10000.00000000,1
1506135286,22087053,0.17388,10000.00000000,1
1506135286,22087047,0.17387,237.58296068,0
1506135285,22087046,0.17387,9129.67166800,1
1506135285,22087043,0.17370,180.00000000,0
1506135285,22087041,0.17367,237.04813685,0
1506135285,22087038,0.17347,236.51363405,0
1506135284,22087036,0.17327,235.97972565,0
1506135284,22087034,0.17307,235.44668755,0
1506135284,22087032,0.17287,234.91399425,0
1506135283,22087030,0.17268,10000.00000000,0
1506135283,22087029,0.17267,234.38218981,0
1506135283,22087028,0.17267,9333.95892600,1
1506135283,22087026,0.17266,838.59316000,1
1506135282,22087024,0.17250,5000.00000000,0
1506135282,22087022,0.17249,36389.44600000,0
1506135282,22087021,0.17247,233.85074635,0
1506135281,22087020,0.17227,233.31994069,0
1506135281,22087018,0.17227,4192.96581000,1
1506135281,22087016,0.17227,5858.20000000,1
1506135281,22087014,0.17226,838.59316000,0
1506135280,22087011,0.17224,60532.73600000,0
1506135280,22087009,0.17207,232.79140492,0
1506135280,22087006,0.17206,838.59316000,0
1506135279,22086996,0.17200,9334.05462300,1
1506135278,22086990,0.17200,40.00000000,0
1506135278,22086987,0.17200,1322.81368000,0
1506135273,22086950,0.17200,838.59316000,0
1506135272,22086945,0.17200,838.59316000,0
1506135270,22086934,0.17176,2682.34626000,0
1506134938,22086755,0.17196,287.43608644,0
1506134938,22086754,0.17169,4263.75861000,0
1506134731,22086716,0.17010,455.58190000,0
1506134729,22086714,0.17030,1459.35810000,1
1506134517,22086633,0.17193,1937.80654918,0
1506134403,22086551,0.17124,69.69725200,0
1506134230,22086503,0.17021,400.00000000,1
1506134221,22086501,0.17020,400.00000000,1
1506134214,22086500,0.17019,400.00000000,1
1506134198,22086499,0.17016,203.04577465,1
1506134198,22086498,0.17033,196.95422535,1
1506133453,22086342,0.17093,521.00000000,1
1506133338,22086305,0.17038,62.94267200,1
1506133200,22086259,0.17068,450.86994000,1
1506132604,22086185,0.17070,70.13005300,0
1506132259,22085870,0.17011,62.91139200,1
1506132000,22085789,0.17043,810.02980000,1
1506131233,22085640,0.17144,538.14745683,0
1506130856,22085550,0.17160,87.13267109,0
1506130804,22085437,0.17109,69.97019100,0
1506130281,22085333,0.17080,1886.76337300,1
1506130281,22085332,0.17081,1399.16423000,1
1506130134,22085282,0.17101,2065.71173098,1
1506130134,22085281,0.17102,1544.23192000,1
1506130133,22085280,0.17101,4200.85070400,1
1506130132,22085279,0.17102,8156.07673100,1
1506130132,22085277,0.17101,6090.36500000,1
1506130130,22085275,0.17101,286.58064502,1
1506130130,22085274,0.17094,4041.86867000,0
1506130129,22085273,0.17087,7738.42600000,0
1506130129,22085272,0.17084,24716.73000000,0
1506130129,22085271,0.17082,859.46725000,0
1506130125,22085270,0.17086,7.32188100,1
1506130088,22085264,0.17086,962.46061900,1
1506130065,22085262,0.17086,23135.19816800,1
1506130055,22085258,0.17086,969.78250000,1
1506130045,22085254,0.17086,1060.63879900,1
1506130039,22085253,0.17086,605.36146300,1
1506130038,22085252,0.17087,1283.63982000,1
1506130012,22085247,0.17086,1418.47243000,1
1506130012,22085246,0.17086,960.76414000,1
1506130012,22085245,0.17087,1418.47243000,1
1506129876,22085209,0.17087,1205.14472400,1
1506129761,22085178,0.17085,880.00000000,0
1506129737,22085172,0.17010,62.12500000,1
1506129600,22085107,0.17015,858.63079000,1
1506129553,22085094,0.17192,580.21533271,0
1506129473,22085032,0.17015,1608.38060000,1
1506129472,22085031,0.17027,24.21511594,1
1506129469,22085023,0.17027,208.57628898,1
1506129215,22084949,0.17047,118.17219939,0
1506129215,22084948,0.17047,1708.96861531,0
1506129164,22084913,0.17047,63.61437561,1
1506129018,22084825,0.17105,1042.56638000,0
1506129018,22084824,0.17104,8261.45200000,0
1506129018,22084823,0.17103,7377.98162000,0
1506129012,22084821,0.17104,3041.60230926,0
1506129004,22084818,0.17104,69.99064500,0
1506128976,22084788,0.17121,48.16645650,0
1506128825,22084525,0.17105,3500.00000000,0
1506128807,22084509,0.17101,3500.00000000,0
1506128795,22084496,0.17110,2709.05145869,1
1506128788,22084469,0.17109,790.94854131,0
1506128786,22084459,0.17200,4155.00142869,1
1506128786,22084458,0.17109,9076.99711200,0
1506128779,22084453,0.17009,169.70556508,0
1506128772,22084450,0.17067,1460.12090000,1
1506128771,22084449,0.17067,116.74989151,1
1506128770,22084446,0.17067,117.10085484,1
1506128769,22084445,0.17121,3500.00000000,0
1506128761,22084437,0.17128,9999.00000000,0
1506128756,22084435,0.17070,10000.00000000,1
1506128751,22084431,0.17132,3500.00000000,0
1506128725,22084384,0.17080,3638.55832000,1
1506128724,22084383,0.17080,6361.44168000,1
1506128724,22084382,0.17081,3638.55832000,1
1506128686,22084286,0.17100,4989.00000000,1
1506128677,22084230,0.17100,4076.62824949,1
1506128672,22084193,0.17100,1505.00000000,1
1506128667,22084156,0.17100,273.50877192,1
1506128665,22084137,0.17200,9.09869682,1
1506128664,22084133,0.17200,1791.79292786,1
1506128663,22084120,0.17100,1199.10837532,0
1506128662,22084116,0.17100,306.85543859,0
1506128660,22084095,0.17100,1738.39000000,0
1506128659,22084069,0.17100,1412.63864609,0
1506128658,22084059,0.17071,62.12500000,1
1506128650,22083971,0.17099,3500.00000000,0
1506128630,22083832,0.17100,3500.00000000,0
1506128622,22083780,0.17109,40129.41918895,0
1506128615,22083732,0.17077,21.36920803,0
1506128614,22083726,0.17080,4931.23675116,1
1506128614,22083724,0.17087,234.38218981,1
1506128613,22083721,0.17117,21.36920780,1
1506128612,22083716,0.17117,858.63079220,1
1506128579,22083597,0.17116,688.32267900,0
1506128578,22083595,0.17112,3499.09685100,0
1506128578,22083588,0.17080,19885.76324884,1
1506128577,22083585,0.17107,234.91399425,1
1506128577,22083584,0.17115,2823.83918213,1
1506128577,22083583,0.17115,675.25766871,1
1506128577,22083581,0.17116,1432.13990007,1
1506128577,22083578,0.17116,13551.96830278,1
1506128577,22083575,0.17118,1432.13990000,1
1506128576,22083573,0.17119,0.00000022,1
1506128576,22083571,0.17119,2804.65444300,1
1506128569,22083514,0.17119,1822.31558678,1
1506128400,22083398,0.17119,937.59369000,1
1506127877,22083235,0.17198,120.00000000,0
1506127802,22083223,0.17223,60.00000000,0
1506127204,22083017,0.17178,69.40630800,0
1506127201,22083016,0.17110,769.95186000,1
1506126974,22082919,0.17121,264.55331245,1
1506126974,22082918,0.17127,235.44668755,1
1506126700,22082852,0.17084,720.44527435,1
1506126700,22082851,0.17100,43.57500000,1
1506126698,22082850,0.17147,235.97972565,1
1506126683,22082846,0.17167,0.00003405,1
1506126682,22082845,0.17167,236.51360000,1
1506126414,22082755,0.17170,400.00000000,1
1506126410,22082751,0.17170,783.81547000,1
1506126407,22082744,0.17169,671.47770000,1
1506126407,22082743,0.17169,3359.60683000,1
1506126407,22082742,0.17170,1000.00000000,1
1506126282,22082586,0.17187,237.04813685,1
1506126262,22082566,0.17210,0.00000036,1
1506126261,22082563,0.17210,2911.39396000,1
1506126260,22082561,0.17210,742.20417800,1
1506126260,22082560,0.17211,2911.39396000,1
1506126138,22082285,0.17210,62.12500000,1
1506126066,22082217,0.17211,2209.74268400,1
1506126030,22082181,0.17210,1284.27686164,1
1506126030,22082180,0.17212,3087.18262000,1
1506126030,22082178,0.17214,0.00000036,1
1506126030,22082177,0.17215,617.11140000,1
1506126027,22082169,0.17214,877.43993600,1
1506125951,22082135,0.17225,432.00000000,1
1506125948,22082134,0.17224,2123.04265200,1
1506125937,22082128,0.17336,1145.32539225,0
1506125810,22082036,0.17214,1004.17636900,1
1506125803,22082026,0.17214,1383.22730000,1
1506125801,22082024,0.17214,810.82182300,1
1506125706,22081879,0.17259,4196.08075600,1
1506125706,22081878,0.17260,1432.51660000,1
1506125705,22081877,0.17260,17524.02676000,1
1506125630,22081855,0.17370,124007.86589739,0
1506125630,22081854,0.17370,43.12009761,0
1506125630,22081853,0.17364,1703.29469000,0
1506125629,22081852,0.17362,11199.16421000,0
1506125629,22081851,0.17362,5599.58210500,0
1506125629,22081850,0.17361,47446.97300000,0
1506125453,22081811,0.17328,793.91671300,0
1506125453,22081810,0.17322,5707.63476700,0
1506125453,22081809,0.17321,1809.70925000,0
1506125405,22081797,0.17339,69.03010000,0
1506125362,22081781,0.17205,1395.60359500,1
1506125361,22081780,0.17204,1089.99802800,1
1506125344,22081769,0.17188,1248.62086600,1
1506125343,22081768,0.17189,159.76292300,1
1506125333,22081760,0.17081,15869.54845026,1
1506125333,22081759,0.17082,2500.00000000,1
1506125333,22081758,0.17082,5000.00000000,1
1506125332,22081757,0.17082,2500.00000000,0
1506125332,22081756,0.17085,2500.00000000,1
1506125332,22081755,0.17110,1008.00000000,1
1506125332,22081754,0.17111,7079.42300000,0
1506125331,22081753,0.17200,41327.77377906,1
1506125331,22081752,0.17207,237.58296068,1
1506125331,22081751,0.17207,15621.55800000,0
1506125330,22081750,0.17211,2454.81390000,0
1506125330,22081749,0.17213,681.73078000,0
1506125330,22081748,0.17213,3413.12834000,1
1506125329,22081747,0.17246,1491.64480000,1
1506125252,22081737,0.17393,110.53866666,0
1506125231,22081726,0.17240,1734.72413492,1
1506125122,22081707,0.17400,11609.01042521,1
1506125120,22081705,0.17400,1806.15493779,1
1506125120,22081703,0.17400,5551.38848300,0
1506125120,22081702,0.17399,260.47950000,0
1506125120,22081701,0.17378,1302.39752000,0
1506125119,22081700,0.17378,5603.53113400,0
1506125119,22081699,0.17377,76688.12200000,0
1506125057,22081695,0.17240,61.93146400,1
1506125027,22081686,0.17400,35481.61151700,0
1506125027,22081685,0.17399,11581.91066300,0
1506125027,22081684,0.17365,321.57964000,0
1506125027,22081683,0.17365,1607.89818000,0
1506125027,22081682,0.17297,1007.00000000,0
