date,tid,price,amount,type
1506038414,22014386,3051.69,0.03248191,0
1506038304,22014364,3051.89,0.03092000,0
1506038286,22014362,3051.93,0.03505776,0
1506038286,22014361,3051.93,0.07380291,0
1506038253,22014346,3052.18,0.04902070,0
1506038233,22014342,3035.05,0.00256099,1
1506038233,22014341,3035.05,0.00260849,1
1506038233,22014340,3035.05,0.00689831,1
1506038125,22014309,3034.98,0.11944897,0
1506038125,22014307,3034.98,0.18055103,0
1506037981,22014267,3047.47,0.05000000,1
1506037904,22014251,3031.62,0.00124191,1
1506037904,22014250,3037.10,0.03284383,1
1506037901,22014247,3047.98,0.03100000,0
1506037891,22014243,3045.79,0.01903465,0
1506037880,22014239,3045.00,0.01909000,0
1506037873,22014238,3045.00,0.00591000,1
1506037868,22014235,3045.82,0.05000000,0
1506037868,22014234,3045.00,0.07500000,1
1506037864,22014227,3046.02,0.02079796,1
1506037862,22014220,3046.02,0.02920204,1
1506037848,22014206,3046.02,0.05124700,1
1506037840,22014199,3046.02,0.10475256,1
1506037766,22014184,3054.17,0.03042622,0
1506037748,22014173,3050.00,0.12294869,1
1506037743,22014167,3050.00,0.02620700,1
1506037730,22014161,3050.00,0.14323700,1
1506037535,22014047,3062.50,0.14537728,0
1506037535,22014046,3062.50,0.03430598,1
1506037534,22014045,3062.49,0.02000000,1
1506037534,22014044,3057.93,0.01627681,0
1506037534,22014043,3056.28,0.11000000,1
1506037534,22014042,3056.28,0.03806931,0
1506037533,22014041,3056.25,0.45158912,0
1506037344,22013997,3057.68,0.03333400,0
1506037324,22013990,3057.83,0.01537235,0
1506037303,22013976,3057.93,0.01627681,0
1506037201,22013940,3058.63,0.12222873,0
1506037199,22013937,3058.60,0.11333026,0
1506037194,22013934,3047.00,0.05000000,1
1506037193,22013933,3047.00,0.10475256,0
1506037191,22013929,3047.00,0.05000000,0
1506037190,22013925,3046.93,0.00826718,0
1506037189,22013922,3046.93,0.10561088,0
1506037182,22013915,3046.93,0.01000000,0
1506037180,22013914,3046.93,0.01000000,0
1506036912,22013729,3047.00,0.21605676,0
1506036911,22013720,3046.93,0.10419324,0
1506036909,22013716,3046.93,0.04580676,0
1506036908,22013713,3046.90,0.22916407,0
1506036870,22013671,3046.68,0.03434981,0
1506036758,22013624,3046.60,0.15528993,0
1506036676,22013593,3038.42,0.00393955,1
1506036659,22013578,3024.00,0.08877540,1
1506036659,22013577,3024.72,0.05000000,1
1506036659,22013576,3025.00,0.82438016,1
1506036658,22013575,3025.48,0.18356103,1
1506036658,22013574,3026.44,0.01000000,1
1506036657,22013573,3026.51,0.10683594,0
1506036657,22013572,3026.51,0.24252257,0
1506036495,22013500,3041.16,0.11000000,0
1506036476,22013496,3037.91,0.03252257,1
1506036407,22013469,3037.95,0.08602170,0
1506036407,22013468,3037.95,0.02397830,0
1506036405,22013465,3037.95,0.00347685,0
1506036405,22013464,3037.95,0.01638426,0
1506036395,22013456,3037.97,0.11000000,1
1506036387,22013453,3037.47,0.01674749,0
1506036381,22013452,3037.51,0.05000000,0
1506036380,22013451,3037.51,0.01412336,0
1506036289,22013410,3037.34,0.05000000,1
1506036253,22013398,3037.87,0.05000000,1
1506036227,22013372,3038.48,0.01521879,0
1506036205,22013357,3038.67,0.05000000,0
1506036176,22013342,3025.48,0.07430697,1
1506036176,22013341,3025.59,0.01000000,1
1506036176,22013340,3025.82,0.91569303,1
1506036155,22013300,3039.46,0.09845499,0
1506036150,22013294,3039.48,0.16284653,0
1506036150,22013293,3039.47,0.16854968,0
1506036140,22013277,3025.48,0.31353701,0
1506036138,22013273,3025.48,0.01972672,0
1506036136,22013271,3030.01,0.08250000,1
1506036132,22013270,3039.63,0.01314710,0
1506036115,22013262,3039.69,0.05000000,0
1506036114,22013261,3039.69,0.06000000,0
1506036108,22013251,3039.68,0.02000000,0
1506036100,22013249,3032.91,0.31209669,1
1506036099,22013248,3035.41,0.03660331,1
1506036099,22013247,3036.41,0.06230000,1
1506036099,22013246,3039.88,0.02000000,0
1506036093,22013245,3036.41,0.10300000,1
1506036089,22013242,3036.41,0.09300000,1
1506036089,22013241,3038.00,0.16000000,1
1506036083,22013240,3039.99,0.10000000,0
1506036040,22013230,3045.67,0.05000000,0
1506036023,22013216,3045.99,0.05000000,0
1506036016,22013213,3046.10,0.09800000,0
1506036008,22013209,3046.39,0.87570000,0
1506035950,22013177,3047.00,0.06460279,0
1506035947,22013175,3047.00,0.00958789,0
1506035943,22013173,3047.00,0.02500000,0
1506035935,22013168,3046.99,0.02500266,0
1506035909,22013158,3046.73,0.02577201,0
1506035907,22013157,3046.73,0.00550777,0
1506035907,22013156,3046.72,0.05000533,0
1506035844,22013121,3046.87,0.05000000,0
1506035781,22013054,3047.04,0.05000000,0
1506035752,22013031,3047.48,0.05000000,0
1506035738,22013010,3047.57,0.10195973,0
1506035715,22012975,3048.29,0.52970813,0
1506035715,22012974,3048.29,0.04473367,0
1506035715,22012973,3048.29,0.16102267,0
1506035713,22012965,3048.30,0.05000000,0
1506035705,22012931,3048.39,0.05000000,0
1506035705,22012930,3048.36,0.07525940,0
1506035704,22012928,3048.39,0.08329139,0
1506035701,22012920,3053.99,0.17536722,0
1506035663,22012863,3036.49,0.08255300,1
1506035648,22012830,3055.57,0.48514411,0
1506035627,22012803,3055.61,0.24242564,0
1506035607,22012755,3050.00,0.19605344,1
1506035607,22012754,3051.59,0.03994656,1
1506035584,22012729,3051.59,0.05811707,1
1506035566,22012723,3059.88,0.07000000,0
1506035552,22012722,3051.82,0.02611500,0
1506035465,22012599,3065.03,0.02994069,0
1506035404,22012529,3065.78,0.02993356,0
1506035226,22012494,3066.87,0.02991975,1
1506035164,22012462,3067.27,0.00575068,0
1506035164,22012461,3067.27,0.02500000,0
1506035158,22012455,3067.30,0.02398658,0
1506035153,22012448,3067.30,0.04491397,1
1506035151,22012444,3067.24,0.01351646,0
1506035149,22012443,3050.00,0.33061343,0
1506035148,22012442,3050.00,0.07168370,0
1506035146,22012440,3050.00,0.06976400,0
1506035145,22012437,3050.00,0.56121097,0
1506035144,22012435,3052.20,0.01077305,1
1506035143,22012434,3052.39,0.04639314,1
1506035143,22012433,3052.39,0.03921050,1
1506035103,22012420,3052.39,0.04895606,0
1506035102,22012419,3048.88,0.01395606,0
1506035101,22012415,3048.88,0.01000000,1
1506035098,22012412,3052.20,0.05000000,0
1506035097,22012411,3052.20,0.05000000,0
1506035092,22012407,3036.40,2.50651560,1
1506035092,22012406,3036.40,0.07000000,0
1506035092,22012405,3036.41,0.37000000,0
1506035092,22012404,3041.23,0.03127166,1
1506035091,22012402,3045.39,0.00408698,1
1506035091,22012401,3049.90,2.75090000,1
1506035091,22012400,3049.90,2.00000000,0
1506035090,22012398,3050.00,0.03536300,1
1506035090,22012397,3050.00,0.50000000,1
1506035090,22012396,3050.00,0.25000000,1
1506035090,22012395,3050.01,1.07617530,1
1506035090,22012394,3050.27,0.16382484,1
1506035089,22012393,3050.67,0.03641081,1
1506035089,22012392,3050.67,0.05000000,0
1506035089,22012391,3050.89,0.01000000,1
1506035088,22012390,3051.82,0.99341887,1
1506035088,22012389,3051.93,0.01000000,1
1506035088,22012388,3052.11,0.34000000,1
1506035087,22012387,3052.40,2.00000000,1
1506035086,22012386,3052.43,0.57203294,1
1506035042,22012348,3068.79,0.03074747,0
1506034943,22012308,3070.18,0.01072513,0
1506034943,22012307,3061.27,0.01992483,0
1506034929,22012304,3061.30,0.03189222,0
1506034923,22012299,3052.40,0.03886230,1
1506034893,22012272,3061.38,0.03747003,0
1506034892,22012270,3051.80,0.00731902,1
1506034844,22012232,3051.21,0.03191151,1
1506034844,22012231,3055.00,0.00147457,1
1506034838,22012225,3061.60,0.00326601,0
1506034788,22012179,3055.00,0.08045860,1
1506034787,22012177,3062.54,0.07857765,0
1506034750,22012139,3059.29,0.21366086,0
1506034749,22012138,3059.29,0.07000000,0
1506034744,22012123,3059.05,0.02000000,0
1506034738,22012116,3059.20,0.02000000,0
1506034729,22012103,3059.30,0.01290520,0
1506034729,22012102,3059.29,0.02709480,0
1506034726,22012096,3055.00,0.15000000,1
1506034725,22012093,3059.29,0.06290520,0
1506034725,22012092,3057.88,0.03391673,0
1506034724,22012088,3055.00,0.13307883,1
1506034711,22012070,3055.00,0.01423200,1
1506034706,22012065,3057.83,0.25869600,0
1506034700,22012054,3055.01,0.12809355,0
1506034700,22012053,3055.00,0.12075600,1
1506034698,22012050,3055.01,0.06173809,0
1506034697,22012042,3056.91,0.09000000,1
1506034697,22012041,3060.00,0.02433574,1
1506034692,22012020,3060.00,0.07566426,1
1506034690,22012013,3058.65,0.01400000,1
1506034690,22012012,3060.01,0.13282470,1
1506034690,22012010,3060.00,0.10197892,0
1506034686,22011999,3060.00,0.10201972,1
1506034680,22011989,3060.00,0.05631233,1
1506034675,22011975,3060.00,0.03778331,1
1506034668,22011945,3060.00,0.08395000,1
1506034664,22011924,3060.00,0.69800000,1
1506034642,22011891,3072.63,0.24150000,0
1506034621,22011852,3062.13,0.19213831,1
1506034621,22011851,3070.00,0.30000000,1
1506034621,22011850,3070.80,0.05000000,1
1506034621,22011849,3071.03,0.19686169,1
1506034610,22011822,3071.03,0.50000000,1
1506034595,22011808,3078.57,0.01619907,0
1506034588,22011794,3085.09,5.53819823,1
1506034587,22011793,3084.80,0.01000000,0
1506034587,22011792,3084.80,0.75600000,1
1506034587,22011790,3078.77,0.09283228,0
1506034586,22011789,3078.72,0.07000000,0
1506034581,22011786,3071.03,0.03323250,1
1506034576,22011782,3071.03,0.23100000,1
1506034566,22011766,3076.62,0.23850000,1
1506034565,22011764,3076.62,0.73400000,1
1506034546,22011749,3077.01,0.03979916,1
1506034466,22011707,3088.59,0.04510874,0
1506034435,22011691,3077.23,0.06174570,1
1506034435,22011690,3084.00,0.01143000,1
1506034435,22011689,3085.00,0.37679725,1
1506034385,22011672,3089.67,0.05708835,0
1506034247,22011610,3089.98,0.06310534,0
1506034245,22011609,3089.98,0.03148991,0
1506034212,22011602,3089.99,0.05000000,0
1506034205,22011599,3089.98,0.03182553,0
1506034159,22011584,3085.00,0.01946499,1
1506034043,22011529,3090.00,0.02497180,0
1506034023,22011522,3090.00,0.01239205,0
1506034021,22011521,3090.00,0.02071413,0
1506034003,22011516,3090.00,0.03150947,0
1506033997,22011512,3090.00,0.01000000,0
1506033995,22011510,3090.00,0.77300000,0
1506033995,22011509,3090.00,0.02000000,0
1506033972,22011504,3086.49,0.03185391,0
1506033969,22011500,3086.49,0.10000000,0
1506033965,22011495,3086.49,0.06111878,0
1506033963,22011493,3086.49,0.00945019,0
1506033924,22011456,3081.12,0.20000000,1
1506033890,22011415,3086.49,0.06377797,0
1506033830,22011394,3086.49,0.05100000,0
1506033800,22011391,3086.49,0.04395011,0
1506033784,22011390,3086.49,0.07642728,0
1506033673,22011366,3086.49,0.07966047,0
1506033671,22011365,3086.47,0.50025000,0
1506033665,22011345,3086.47,0.03095529,0
1506033664,22011343,3086.47,0.03049952,0
1506033515,22011283,3086.47,0.04500000,0
1506033506,22011279,3076.20,0.23150620,1
1506033505,22011278,3076.21,0.76401078,1
1506033440,22011245,3075.31,0.01178673,1
1506033408,22011230,3085.80,0.57910494,0
1506033408,22011228,3085.80,0.05000000,0
1506033404,22011222,3085.80,0.06355855,0
1506033334,22011188,3073.01,0.00200000,1
1506033332,22011187,3085.96,0.03232381,0
1506033323,22011186,3085.96,0.03154759,0
1506033204,22011146,3082.72,0.01093185,0
1506033181,22011101,3071.03,1.73832022,1
1506033164,22011093,3070.90,0.59720301,1
1506033144,22011085,3070.80,0.26340957,0
1506033143,22011083,3070.83,0.91972319,1
1506033133,22011073,3075.04,0.01000000,1
1506033118,22011064,3082.82,0.00447764,0
1506033114,22011057,3082.84,0.03023316,1
1506033113,22011056,3082.84,0.05587000,0
1506032944,22010964,3083.44,0.00906994,0
1506032831,22010908,3075.46,0.26381000,1
1506032831,22010907,3079.00,0.03500000,1
1506032792,22010894,3084.62,0.26797015,0
1506032773,22010888,3086.48,0.46861797,0
1506032760,22010884,3084.93,0.47421888,0
1506032705,22010863,3085.52,0.04850664,0
1506032704,22010862,3085.49,0.07435376,0
1506032660,22010839,3086.00,0.08000000,0
1506032621,22010816,3086.59,0.00165000,0
1506032612,22010814,3086.60,0.02318040,0
1506032606,22010811,3075.05,0.10135919,1
1506032606,22010809,3075.08,0.89864081,1
1506032566,22010778,3086.97,0.03145532,0
1506032524,22010775,3075.04,0.04887400,1
1506032492,22010763,3079.00,0.15100000,1
1506032429,22010717,3088.93,0.20990116,0
1506032403,22010704,3089.21,0.00172639,0
1506032396,22010700,3089.24,0.07809344,0
1506032384,22010684,3089.28,0.10000000,0
1506032384,22010683,3089.25,0.04765877,0
1506032341,22010670,3089.76,0.01614041,0
1506032303,22010657,3090.26,0.00469787,0
1506032205,22010603,3085.89,0.00926442,0
1506032118,22010577,3086.99,0.31707486,0
1506032094,22010569,3087.01,0.01615479,0
1506032084,22010565,3087.08,0.01154737,0
1506032070,22010558,3087.08,0.02000000,0
1506032070,22010557,3087.07,0.03000000,0
1506032064,22010548,3087.05,0.00659864,0
1506032004,22010515,3091.90,0.86053218,0
1506032004,22010514,3091.80,0.17410318,0
1506032004,22010513,3091.79,0.01000000,0
1506032004,22010512,3091.79,0.03000000,0
1506031997,22010500,3087.31,0.26230274,0
1506031997,22010499,3087.25,0.01588469,0
1506031995,22010498,3087.25,0.01588784,0
1506031984,22010490,3076.30,0.00596359,0
1506031965,22010470,3076.30,0.31125100,1
1506031842,22010397,3089.55,0.01959551,0
1506031824,22010388,3089.66,0.08045860,0
1506031823,22010385,3089.69,0.00905081,0
1506031805,22010366,3089.72,0.09646168,0
1506031803,22010364,3089.69,0.00176940,0
1506031784,22010358,3077.34,0.01135092,1
1506031743,22010333,3090.33,0.00300000,0
1506031703,22010315,3090.95,0.31154040,0
1506031658,22010264,3091.47,0.06453241,1
1506031639,22010254,3091.73,0.00000323,1
1506031636,22010249,3091.73,0.18491913,1
1506031628,22010245,3091.73,0.07746238,0
1506031547,22010198,3091.20,0.00000323,1
1506031543,22010194,3091.20,0.49999677,1
1506031507,22010128,3090.87,0.30572719,0
1506031465,22010099,3091.47,0.00973197,0
1506031444,22010063,3091.52,0.03226537,0
1506031405,22009988,3092.01,0.06750300,0
1506031384,22009976,3092.24,0.01587138,0
1506031363,22009970,3092.60,0.04596359,0
1506031328,22009955,3082.59,0.00980020,0
1506031327,22009951,3082.50,0.01996756,1
1506031289,22009924,3078.57,0.07176855,0
1506031226,22009900,3075.76,0.09426427,0
1506031223,22009896,3063.00,0.03830022,1
1506031223,22009895,3063.21,0.11192191,1
1506031216,22009893,3075.97,0.03283711,0
1506031214,22009891,3075.98,0.16205844,0
1506031213,22009890,3075.98,0.04794156,0
1506031198,22009873,3076.01,0.01618814,0
1506031185,22009867,3066.00,0.20000000,1
1506031126,22009856,3066.03,0.07000000,1
1506031103,22009855,3077.38,0.02312765,0
1506031031,22009808,3078.69,0.00170000,0
1506031024,22009806,3078.72,0.15879426,0
1506031001,22009787,3070.00,0.03643611,0
1506031000,22009786,3065.11,0.40315500,1
1506031000,22009785,3065.17,0.30684500,1
1506030934,22009760,3062.00,0.05715116,1
1506030921,22009756,3069.99,0.00910104,0
1506030885,22009710,3061.21,0.08089630,1
1506030884,22009709,3070.00,0.20025000,0
1506030873,22009703,3061.11,0.69315500,1
1506030851,22009683,3060.08,0.05501817,1
1506030844,22009672,3070.00,0.01002266,0
1506030830,22009658,3070.00,0.21510086,0
1506030804,22009645,3070.00,0.03054772,0
1506030803,22009641,3070.00,0.08130000,0
1506030797,22009638,3070.00,0.19495114,0
1506030791,22009635,3070.00,0.01781216,0
1506030778,22009628,3064.12,0.03548438,1
1506030769,22009624,3074.27,0.05669274,0
1506030768,22009621,3066.00,0.11035995,1
1506030743,22009614,3074.49,0.10382209,0
1506030729,22009605,3074.68,0.02302983,0
1506030720,22009596,3066.00,0.62200000,1
1506030715,22009577,3066.00,0.07085323,1
1506030715,22009575,3066.00,0.08000000,1
1506030713,22009569,3066.00,0.11678682,1
1506030713,22009567,3070.00,0.02000000,1
1506030712,22009564,3070.00,0.00501249,1
1506030712,22009557,3074.90,0.09764220,0
1506030709,22009546,3074.32,0.00404735,1
1506030696,22009523,3075.25,0.05500000,1
1506030584,22009435,3081.88,0.07905526,0
1506030546,22009419,3083.74,0.07439643,0
1506030520,22009405,3083.89,0.39332142,1
1506030519,22009402,3081.00,0.41570976,0
1506030432,22009366,3082.91,0.03429024,1
1506030428,22009363,3082.87,0.19000000,0
1506030428,22009362,3082.81,0.87570976,0
1506030384,22009348,3084.87,0.01210592,0
1506030368,22009346,3085.18,0.16245886,0
1506030318,22009333,3086.72,0.06915854,1
1506030317,22009331,3086.72,0.25400000,1
1506030302,22009315,3086.96,0.25262930,0
1506030284,22009305,3087.97,0.09409375,0
1506030225,22009244,3075.25,0.47580027,1
1506030224,22009241,3091.67,0.03019649,0
1506030182,22009194,3075.04,0.25803725,0
1506030180,22009192,3075.09,0.14196275,1
1506030146,22009126,3093.06,0.03157639,0
1506030142,22009123,3075.11,0.11248741,1
1506030141,22009120,3093.18,0.20000000,0
1506030124,22009109,3093.45,0.12214201,0
1506030124,22009108,3093.44,0.68400000,0
1506030108,22009097,3093.62,0.00903471,0
1506030107,22009095,3093.63,0.01194056,0
1506030099,22009084,3075.01,0.19800000,1
1506030099,22009083,3076.33,0.40000000,1
1506030095,22009082,3076.40,0.39235172,1
1506030084,22009077,3095.19,0.12404907,0
1506030075,22009072,3095.39,0.03222534,0
1506030065,22009064,3085.00,0.02000000,1
1506030064,22009063,3085.00,0.61568400,1
1506030014,22009004,3085.00,0.13431600,1
1506030004,22009003,3096.68,0.89833454,0
1506030004,22009002,3096.68,0.04678136,0
1506030003,22009000,3096.66,0.00189615,0
1506029981,22008975,3097.00,0.00325000,0
1506029981,22008974,3096.94,0.01000000,0
1506029972,22008963,3097.00,11.21032935,0
1506029972,22008962,3097.00,0.77000000,1
1506029971,22008961,3096.90,2.00000000,1
1506029971,22008958,3096.89,0.13000000,0
1506029969,22008953,3093.75,0.70800000,0
1506029965,22008951,3093.76,0.04102672,0
1506029964,22008950,3089.00,0.02000000,0
1506029858,22008898,3079.27,0.04565300,1
1506029847,22008892,3079.28,0.49947113,1
1506029847,22008891,3087.90,0.00052887,1
1506029842,22008888,3087.90,0.01000000,1
1506029831,22008878,3087.90,0.07500000,1
1506029806,22008865,3088.06,0.12292222,0
1506029784,22008850,3087.88,0.27358653,0
1506029784,22008849,3087.87,0.04284042,0
1506029697,22008753,3089.40,0.06556527,0
1506029681,22008732,3089.70,0.01614668,0
1506029646,22008657,3094.40,0.03921617,0
1506029645,22008647,3074.36,0.01044405,1
1506029645,22008646,3078.14,0.12160411,1
1506029630,22008609,3095.39,0.08205052,0
1506029630,22008608,3095.30,2.00000000,0
1506029630,22008607,3090.00,0.56043695,0
1506029629,22008606,3090.00,0.02996494,0
1506029622,22008602,3090.00,0.23319701,0
1506029615,22008598,3090.00,0.04604667,0
1506029610,22008589,3090.00,0.11291618,0
1506029607,22008584,3090.00,0.01743825,0
1506029584,22008559,3099.89,0.05911118,0
1506029561,22008540,3081.90,0.38251050,0
1506029560,22008537,3082.38,0.24094181,0
1506029560,22008533,3090.00,0.32310606,1
1506029559,22008532,3091.98,0.21614629,1
1506029559,22008531,3092.00,0.20000000,0
1506029559,22008530,3093.19,0.33327022,1
1506029557,22008529,3095.00,0.53688078,1
1506029538,22008520,3105.70,0.08022584,0
1506029520,22008511,3105.99,0.09634609,0
1506029490,22008488,3095.00,0.18832761,1
1506029490,22008486,3100.00,0.00005739,1
1506029488,22008480,3106.40,0.50093356,0
1506029487,22008478,3106.40,0.12270374,0
1506029444,22008420,3107.00,0.03137194,0
1506029426,22008400,3108.10,0.32093562,0
1506029412,22008388,3100.00,0.14346219,1
1506029403,22008338,3108.29,0.00196733,0
1506029358,22008282,3100.00,0.01868312,1
1506029351,22008276,3108.90,0.06437537,0
1506029350,22008271,3108.90,0.14446873,0
1506029339,22008259,3100.00,2.33779730,0
1506029327,22008254,3100.00,0.04550025,0
1506029312,22008249,3100.00,0.40221935,0
1506029287,22008239,3100.00,0.03617658,0
1506029284,22008237,3100.00,0.97000000,0
1506029284,22008236,3099.99,0.03000000,0
1506029282,22008230,3100.00,0.30613000,0
1506029278,22008228,3100.00,0.07253870,0
1506029247,22008218,3095.20,1.57900000,0
1506029239,22008211,3099.99,0.01487420,0
1506029238,22008210,3099.99,0.01504930,0
1506029226,22008198,3100.00,0.11801300,0
1506029225,22008197,3099.99,0.03000000,0
1506029214,22008189,3100.00,0.01560164,0
1506029214,22008188,3099.99,0.04000000,0
1506029186,22008172,3095.10,0.28269355,1
1506029184,22008168,3100.00,0.41830645,1
1506029182,22008164,3100.00,0.11879677,0
1506029182,22008162,3099.99,0.04000000,0
1506029154,22008113,3095.00,0.24000000,1
1506029146,22008102,3100.00,0.12231312,0
1506029125,22008097,3095.00,0.00170000,1
1506029119,22008088,3100.00,0.41304921,0
1506029112,22008082,3106.50,0.04771927,0
1506029105,22008080,3106.58,0.06977437,0
1506029103,22008079,3100.01,0.05701487,1
1506029087,22008073,3106.68,0.03614496,0
1506029085,22008072,3106.68,0.01503526,0
1506029084,22008071,3100.01,0.00170000,1
1506029062,22008048,3106.70,0.02731100,0
1506029052,22008043,3100.01,0.15746995,0
1506029041,22008037,3100.01,0.02665028,1
1506029040,22008036,3100.01,0.29534972,1
1506029039,22008035,3102.30,0.05885244,1
1506029033,22008027,3102.30,0.03907280,1
1506029004,22008000,3108.89,0.02307917,0
1506028982,22007981,3109.70,0.56244708,0
1506028982,22007980,3109.69,1.42297800,0
1506028982,22007979,3109.50,6.35380000,0
1506028962,22007937,3109.90,0.18602920,0
1506028942,22007884,3110.00,0.38647627,1
1506028941,22007881,3110.00,0.05309476,1
1506028927,22007826,3117.79,0.33185171,0
1506028921,22007798,3117.89,0.00898818,0
1506028907,22007755,3115.00,2.70117911,1
1506028897,22007732,3115.00,2.00000000,1
1506028895,22007728,3115.00,0.58870000,1
1506028890,22007725,3115.00,1.00000000,1
1506028869,22007703,3117.99,0.03197499,0
1506028857,22007681,3118.00,0.10025000,0
1506028851,22007677,3118.00,0.76837560,0
1506028851,22007674,3118.00,0.45273508,0
1506028839,22007647,3115.00,0.35775507,1
1506028834,22007640,3115.00,0.05282219,1
1506028833,22007635,3115.00,0.07886844,1
1506028833,22007634,3115.89,0.08639657,1
1506028825,22007601,3115.89,0.05067909,1
1506028824,22007599,3115.89,0.04000000,1
1506028822,22007595,3119.00,0.52625572,0
1506028812,22007584,3119.70,0.12145399,0
1506028811,22007583,3115.00,0.04000000,1
1506028803,22007568,3119.70,0.00195019,0
1506028802,22007567,3115.00,0.68586000,1
1506028800,22007564,3115.00,2.49481519,1
1506028800,22007563,3118.39,0.50518481,1
1506028800,22007562,3118.39,0.05460085,0
1506028767,22007527,3115.89,0.00909341,0
1506028738,22007469,3110.00,0.52682000,1
1506028726,22007449,3110.00,0.35177977,1
1506028719,22007426,3116.30,1.69950170,0
1506028719,22007425,3116.30,0.51544230,1
1506028719,22007424,3112.89,0.94833430,0
1506028718,22007417,3112.88,2.00000000,1
1506028717,22007415,3112.88,1.45429100,0
1506028708,22007384,3099.00,0.02982000,1
1506028704,22007379,3114.29,0.09024466,0
1506028704,22007378,3113.10,0.02637182,0
1506028704,22007377,3113.09,0.04000000,0
1506028700,22007365,3099.00,0.34771759,1
1506028700,22007364,3100.00,0.03000000,1
1506028700,22007363,3106.70,0.00000241,1
1506028691,22007323,3111.09,0.03650767,0
1506028691,22007322,3110.00,0.04366281,0
1506028689,22007320,3106.70,0.38469759,1
1506028688,22007318,3110.00,0.06218220,0
1506028686,22007315,3110.00,0.14442727,0
1506028678,22007278,3110.00,0.04972772,0
1506028677,22007277,3108.63,0.03641081,0
1506028677,22007275,3108.62,0.06000000,0
1506028674,22007272,3106.70,0.01626982,0
1506028660,22007244,3095.08,0.51850111,1
1506028654,22007240,3106.90,2.48312465,0
1506028653,22007238,3106.89,0.07000000,0
1506028653,22007237,3106.18,0.44565300,0
1506028653,22007235,3104.99,0.00404690,0
1506028651,22007195,3103.69,0.00070149,0
1506028647,22007185,3103.69,0.18754651,0
1506028647,22007184,3103.69,0.22761260,0
1506028646,22007183,3103.69,0.00913940,0
1506028637,22007144,3103.69,0.63410283,1
1506028636,22007141,3100.00,0.04334560,1
1506028636,22007139,3100.00,0.03220000,0
1506028636,22007138,3100.00,0.92477420,0
1506028635,22007134,3100.00,0.01640968,0
1506028632,22007126,3100.00,0.05881612,0
1506028632,22007124,3098.00,0.11857312,0
1506028622,22007055,3089.33,0.07809307,0
1506028622,22007054,3089.00,0.04178159,0
1506028613,22006990,3089.32,0.00882873,1
1506028612,22006978,3089.32,0.00307018,1
1506028612,22006973,3089.35,0.02020014,1
1506028607,22006913,3089.34,0.02926443,0
1506028605,22006896,3098.00,0.17161132,0
1506028605,22006894,3097.99,0.01396702,0
1506028605,22006892,3097.99,0.16400000,0
1506028598,22006841,3089.33,0.02106251,0
1506028595,22006829,3089.33,0.05327518,1
1506028585,22006769,3098.00,0.06140087,0
1506028583,22006764,3098.00,0.05025000,0
1506028577,22006755,3098.00,0.16583101,0
1506028568,22006742,3098.00,0.16593000,0
1506028565,22006740,3098.00,0.02434600,0
1506028564,22006737,3098.00,0.07405423,0
1506028564,22006735,3098.00,0.14898928,0
1506028554,22006717,3098.00,0.01901417,0
1506028536,22006695,3097.98,0.03213477,0
1506028529,22006669,3087.61,0.00253994,1
1506028527,22006664,3097.99,0.16099148,0
1506028524,22006656,3087.59,0.01074056,1
1506028490,22006555,3093.08,1.06908140,0
1506028482,22006549,3093.08,0.00281871,0
1506028482,22006546,3093.08,0.03464868,0
1506028474,22006508,3098.22,0.06449832,0
1506028472,22006505,3093.09,0.01073320,0
1506028461,22006479,3093.08,0.02427262,0
1506028460,22006475,3093.09,0.02587011,0
1506028456,22006449,3089.00,0.95308760,0
1506028449,22006428,3089.00,0.03165448,0
1506028447,22006422,3089.00,0.01525792,0
1506028438,22006409,3080.03,0.02994605,0
1506028424,22006371,3087.96,0.01829894,0
1506028407,22006351,3075.00,0.13225292,1
1506028407,22006350,3079.99,3.32671071,1
1506028406,22006349,3087.59,1.86686703,1
1506028405,22006348,3087.55,0.07174297,0
1506028404,22006347,3086.09,0.01196191,0
1506028398,22006344,3087.58,1.50224447,1
1506028397,22006343,3087.55,0.11310975,1
1506028395,22006340,3080.00,0.01371555,0
1506028395,22006339,3080.00,0.14925555,0
1506028395,22006338,3080.00,0.00446754,0
1506028387,22006337,3079.99,0.08969428,1
1506028381,22006332,3079.99,0.86073916,1
1506028381,22006330,3079.99,0.64844275,1
1506028380,22006328,3079.99,0.00255726,1
1506028378,22006325,3079.99,0.00256065,1
1506028367,22006316,3079.99,0.02743111,0
1506028345,22006298,3080.00,0.04553246,0
1506028343,22006295,3079.99,0.05486221,0
1506028324,22006282,3079.99,0.00910690,0
1506028307,22006266,3072.40,0.19217028,1
1506028299,22006256,3072.40,0.00256250,1
1506028284,22006246,3072.40,0.12560600,1
1506028202,22006161,3072.40,0.00188090,0
1506028166,22006133,3072.00,0.01515935,0
1506028146,22006120,3061.03,0.10247348,0
1506028142,22006115,3072.29,0.10064772,0
1506028125,22006110,3070.79,0.06085354,0
1506028121,22006101,3070.79,0.10000000,0
1506028103,22006091,3060.30,0.01063627,1
1506028087,22006076,3071.00,0.07198385,0
1506027984,22006024,3070.60,0.01624113,0
1506027972,22006011,3070.77,0.25000000,0
1506027946,22006002,3070.40,0.07986232,0
1506027924,22005979,3070.44,0.01162873,0
1506027924,22005978,3069.39,0.01000000,0
1506027883,22005939,3070.68,0.03505000,0
1506027877,22005934,3070.69,0.20025000,0
1506027866,22005868,3070.71,0.16242172,0
1506027863,22005866,3070.71,0.00908083,0
1506027861,22005862,3070.72,0.03729725,0
1506027861,22005861,3070.64,0.92180677,0
1506027860,22005860,3060.00,0.50144327,1
1506027827,22005805,3070.93,0.01447353,0
1506027819,22005785,3071.01,0.03217656,0
1506027810,22005776,3070.94,0.02388139,0
1506027793,22005770,3071.00,0.23224031,0
1506027786,22005768,3071.01,0.02988267,0
1506027785,22005767,3071.01,0.05773670,0
1506027784,22005764,3070.98,0.02212990,0
1506027763,22005748,3071.02,0.03069834,0
1506027744,22005725,3070.99,0.03048772,0
1506027727,22005708,3071.02,0.07470482,0
1506027721,22005698,3057.80,2.28714748,1
1506027721,22005697,3064.51,0.04285252,1
1506027717,22005692,3064.52,0.02516190,1
1506027705,22005678,3069.39,0.01811743,0
1506027705,22005677,3069.38,0.01258095,0
1506027690,22005671,3069.39,0.02604200,0
1506027687,22005667,3069.39,0.00959306,0
1506027686,22005664,3069.39,0.78729277,0
1506027684,22005663,3069.38,0.02516190,0
1506027673,22005658,3064.51,0.95714748,0
1506027666,22005655,3064.51,0.02994605,0
1506027656,22005653,3064.51,2.00834530,0
1506027650,22005650,3057.10,0.25180073,1
1506027635,22005628,3064.51,0.00456117,0
1506027613,22005605,3069.39,0.06411088,0
1506027604,22005600,3069.30,0.00169422,1
1506027584,22005568,3067.00,0.02049939,0
1506027565,22005555,3067.00,0.03188342,0
1506027564,22005552,3055.61,0.07151507,1
1506027561,22005549,3066.49,0.01469998,0
1506027543,22005524,3055.51,0.01149139,1
1506027522,22005508,3056.43,1.26365209,0
1506027521,22005506,3056.43,2.73880000,0
1506027520,22005505,3056.62,0.34000000,1
1506027520,22005504,3056.93,0.65754791,1
1506027519,22005503,3066.50,2.00000000,0
1506027483,22005477,3066.50,0.00958190,0
1506027466,22005462,3060.01,0.50000000,1
1506027425,22005435,3066.47,0.02992691,0
1506027390,22005415,3066.34,0.01982697,0
1506027390,22005414,3066.34,0.01790857,0
1506027388,22005409,3066.31,0.17662716,0
1506027365,22005386,3066.47,0.10902159,0
1506027346,22005372,3067.99,0.00943037,0
1506027337,22005366,3068.80,0.11439978,0
1506027328,22005361,3068.93,0.04548135,0
1506027315,22005356,3060.00,0.01000000,1
1506027264,22005337,3070.07,0.03064657,0
1506027248,22005325,3070.26,0.01804662,0
1506027229,22005321,3070.50,0.03027957,0
1506027227,22005320,3070.51,0.01506138,0
1506027205,22005307,3070.73,0.05212605,0
1506027169,22005283,3071.30,0.06982711,0
1506027166,22005277,3071.37,0.03895641,0
1506027164,22005275,3071.38,0.01025000,0
1506027163,22005272,3071.47,0.00170000,0
1506027146,22005265,3071.54,0.12627382,0
1506027143,22005257,3071.55,0.03409679,1
1506027096,22005186,3074.72,0.00344537,0
1506027090,22005184,3060.01,0.17472753,1
1506027090,22005183,3060.02,0.03027000,1
1506027089,22005181,3068.50,1.79500247,1
1506027080,22005171,3074.99,0.45000000,0
1506027076,22005167,3075.00,0.08974704,0
1506027073,22005162,3068.50,0.08381734,1
1506027068,22005155,3068.50,0.02023441,1
1506027063,22005140,3068.50,0.18210968,1
1506027058,22005130,3068.50,0.25808400,1
1506027054,22005124,3068.50,0.15670773,1
1506027053,22005120,3068.50,0.25808400,1
1506027050,22005112,3068.50,0.53301174,1
1506027046,22005103,3068.50,0.37645453,1
1506027044,22005094,3075.56,0.01522576,0
1506027044,22005093,3068.50,0.25808400,1
1506027014,22005061,3068.50,0.90000000,1
1506027005,22005052,3076.20,0.95371950,0
1506027003,22005048,3076.22,0.06256214,0
1506026993,22005039,3076.47,0.02869197,0
1506026966,22004995,3078.68,0.30361774,0
1506026963,22004986,3078.57,0.09473300,1
1506026961,22004982,3068.15,0.00551700,0
1506026961,22004981,3068.15,0.02500000,0
1506026953,22004958,3068.00,0.00164000,0
1506026952,22004954,3067.00,0.17841010,1
1506026952,22004953,3067.03,0.90531779,1
1506026940,22004925,3066.02,0.29523735,1
1506026940,22004923,3068.00,0.70000000,1
1506026940,22004922,3068.15,0.00463564,1
1506026939,22004915,3068.15,0.01162200,0
1506026935,22004909,3068.16,0.10000000,0
1506026923,22004869,3068.27,0.06239390,1
1506026922,22004868,3078.89,0.02000000,0
1506026895,22004836,3078.97,0.06479440,0
1506026887,22004826,3079.00,0.00301608,0
1506026886,22004825,3078.98,0.00508791,0
1506026886,22004824,3075.68,0.05000000,0
1506026886,22004823,3075.00,0.08089391,0
1506026885,22004820,3074.00,0.01019686,0
1506026850,22004778,3074.00,0.06490891,0
1506026850,22004777,3074.00,0.32449577,0
1506026819,22004763,3060.99,0.01400000,1
1506026813,22004757,3073.91,0.10000000,0
1506026803,22004752,3074.00,0.06355797,0
1506026800,22004750,3073.95,0.04444275,0
1506026794,22004746,3060.60,0.03833800,1
1506026793,22004745,3060.41,0.01019700,1
1506026793,22004744,3060.59,0.01023100,1
1506026785,22004737,3073.98,0.01524000,0
1506026785,22004736,3064.72,0.00049246,0
1506026781,22004729,3064.72,0.13000000,0
1506026772,22004727,3064.72,0.11978751,0
1506026772,22004726,3064.71,0.01627312,0
1506026765,22004720,3064.72,0.14972003,0
1506026741,22004699,3060.22,0.02982300,1
1506026726,22004681,3072.74,0.03139751,0
1506026717,22004673,3060.01,0.02917639,1
1506026717,22004672,3060.01,0.15650953,1
1506026717,22004670,3060.01,0.06349047,1
1506026715,22004666,3072.79,0.01626943,0
1506026712,22004660,3060.01,0.67722403,1
1506026712,22004659,3060.01,0.14050773,1
1506026707,22004638,3060.39,0.02205731,0
1506026695,22004626,3072.87,0.00503427,0
1506026692,22004622,3060.48,0.02500000,0
1506026691,22004619,3060.16,0.06198500,1
1506026689,22004616,3060.12,0.02460806,1
1506026686,22004606,3072.88,0.00948987,0
1506026685,22004599,3074.00,0.56577169,0
1506026684,22004598,3073.00,1.00000000,0
1506026684,22004597,3072.89,0.18193465,0
1506026665,22004583,3074.00,0.00151234,0
1506026665,22004582,3067.99,0.01753311,0
1506026645,22004566,3068.00,0.02996740,0
1506026644,22004564,3067.99,0.03506622,0
1506026633,22004558,3060.00,1.00000000,1
1506026619,22004537,3060.01,0.18538800,1
1506026619,22004535,3060.01,0.02460793,1
1506026619,22004533,3060.04,0.18193465,1
1506026604,22004512,3068.00,0.00511757,0
1506026604,22004511,3067.99,0.07013243,0
1506026585,22004501,3067.99,0.03136347,0
1506026585,22004500,3063.95,0.00002357,0
1506026583,22004495,3067.74,0.03328083,1
1506026580,22004491,3067.74,0.23605600,1
1506026578,22004490,3067.61,0.17162834,0
1506026577,22004489,3067.58,0.55903483,0
1506026545,22004459,3067.79,0.06343999,0
1506026543,22004458,3060.00,0.14973894,1
1506026535,22004455,3067.82,0.30000000,0
1506026533,22004453,3060.00,0.00500000,1
1506026507,22004440,3067.98,0.03195500,0
1506026486,22004418,3060.00,0.07723603,1
1506026486,22004415,3068.26,1.50452139,0
1506026486,22004414,3060.00,0.03000000,1
1506026478,22004405,3068.27,0.02671461,1
1506026476,22004403,3061.84,0.02371930,0
1506026476,22004402,3061.84,0.03007090,0
1506026475,22004398,3060.00,0.35812000,1
1506026469,22004382,3060.00,0.02762228,1
1506026468,22004381,3065.64,0.00040902,1
1506026468,22004378,3065.64,0.08139584,1
1506026464,22004356,3060.01,0.03000000,1
1506026463,22004353,3060.01,0.32021400,1
1506026463,22004351,3060.01,0.02500000,1
1506026457,22004331,3060.00,0.02596010,1
1506026453,22004300,3060.00,0.11425056,1
1506026452,22004294,3060.00,0.03449981,1
1506026450,22004286,3060.01,0.10640128,1
1506026449,22004280,3071.99,0.07717000,0
1506026448,22004273,3060.01,0.10720339,1
1506026448,22004269,3071.99,0.02601157,0
1506026446,22004262,3071.97,0.00931699,0
1506026441,22004226,3060.00,0.09548775,1
1506026438,22004202,3060.03,0.02730362,0
1506026438,22004194,3060.00,0.02378200,1
1506026437,22004192,3060.00,0.07800030,1
1506026429,22004123,3060.00,0.01037799,1
1506026426,22004106,3060.00,0.13067084,1
1506026426,22004104,3060.00,0.00907918,1
1506026426,22004099,3060.00,0.24225075,1
1506026416,22004041,3072.80,0.04840290,0
1506026416,22004040,3055.11,0.03327944,1
1506026392,22003998,3073.81,0.00876841,0
1506026384,22003987,3073.88,0.01584944,0
1506026365,22003934,3073.93,0.07154427,0
1506026359,22003863,3055.01,0.02576295,1
1506026353,22003820,3061.76,0.22644000,1
1506026351,22003807,3061.76,0.24661419,1
1506026344,22003745,3074.94,0.08661307,0
1506026343,22003731,3061.75,0.21996000,1
1506026304,22003647,3074.88,0.03303328,0
1506026301,22003638,3074.91,0.02526357,0
1506026300,22003636,3069.31,0.00379533,0
1506026294,22003615,3069.31,0.02599933,0
1506026293,22003614,3069.31,0.03249916,0
1506026288,22003592,3067.00,0.07121294,0
1506026286,22003584,3067.00,0.03720247,0
1506026286,22003582,3065.87,0.04245781,0
1506026284,22003578,3062.00,0.07007866,0
1506026283,22003575,3062.00,0.03053260,0
1506026269,22003548,3065.87,0.08089630,0
1506026268,22003545,3078.08,0.27213067,1
1506026268,22003544,3077.62,0.03678206,0
1506026267,22003543,3077.15,0.09000000,0
1506026267,22003542,3077.14,0.02000000,0
1506026267,22003540,3075.68,0.04508414,0
1506026266,22003539,3075.00,1.00000000,0
1506026266,22003538,3074.80,2.00000000,1
1506026266,22003536,3074.79,1.06368450,1
1506026265,22003534,3067.00,1.00000000,0
1506026265,22003533,3066.99,0.11000000,0
1506026264,22003530,3065.42,0.24426556,0
1506026264,22003526,3062.49,0.03257153,0
1506026263,22003515,3060.00,0.13101439,0
1506026257,22003498,3050.40,0.21745132,1
1506026257,22003496,3050.41,0.12000000,1
1506026257,22003495,3050.43,0.06838125,1
1506026256,22003490,3060.00,0.01633339,0
1506026234,22003463,3050.30,0.26523238,1
1506026233,22003462,3054.00,0.13642163,1
1506026233,22003461,3054.00,0.15000000,1
1506026233,22003460,3054.00,0.13723685,1
1506026231,22003457,3054.07,0.59484116,1
1506026230,22003453,3060.00,0.03161461,0
1506026229,22003448,3060.00,0.06143989,0
1506026226,22003445,3060.00,0.75959772,0
1506026226,22003444,3060.00,0.10000000,0
1506026224,22003442,3054.00,0.86275810,0
1506026220,22003422,3054.00,0.13724190,0
1506026220,22003420,3053.99,0.01358071,0
1506026196,22003397,3053.78,0.13067084,0
1506026185,22003371,3053.88,0.00905909,0
1506026185,22003370,3049.77,0.05452975,0
1506026184,22003366,3049.77,0.47505000,0
1506026182,22003358,3048.40,0.02716141,1
1506026181,22003355,3047.86,0.58069244,0
1506026174,22003344,3047.86,0.01638559,0
1506026172,22003337,3047.86,0.11122322,0
1506026172,22003336,3047.85,0.05432283,0
1506026164,22003314,3047.80,0.02058111,0
1506026164,22003313,3047.79,0.10864566,0
1506026156,22003293,3031.18,0.00242102,1
1506026155,22003292,3031.15,0.00247312,1
1506026155,22003291,3031.15,0.00252062,1
1506026155,22003290,3039.20,0.00252062,1
1506026154,22003286,3039.26,0.00252062,1
1506026152,22003266,3039.20,0.61661831,0
1506026152,22003263,3039.20,0.09996446,0
1506026152,22003261,3038.00,0.02539408,0
1506026149,22003252,3031.01,0.46567950,1
1506026148,22003251,3031.01,0.25026046,1
1506026148,22003250,3031.02,0.25026004,1
1506026148,22003248,3031.10,2.00000000,1
1506026124,22003197,3038.00,0.03180633,0
1506026121,22003191,3030.66,3.86765566,0
1506026120,22003186,3031.50,0.20000000,1
1506026120,22003182,3031.84,0.04000000,1
1506026120,22003180,3035.12,0.22000000,1
1506026119,22003169,3035.15,0.01699030,1
1506026118,22003166,3035.20,2.75530000,1
1506026118,22003164,3035.30,2.00000000,1
1506026116,22003136,3038.00,0.03534820,0
1506026115,22003131,3035.23,0.13330906,1
1506026106,22003082,3038.00,0.03063639,0
1506026090,22002996,3038.00,0.11281500,0
1506026086,22002986,3032.00,0.08078394,1
1506026086,22002984,3034.65,0.06757582,1
1506026085,22002983,3037.98,0.05164024,1
1506026085,22002981,3038.00,0.16400000,0
1506026076,22002973,3037.98,0.14835976,0
1506026067,22002955,3037.98,0.03283432,0
1506026065,22002954,3037.98,0.00959875,0
1506026044,22002925,3037.98,0.00920717,0
1506026021,22002913,3037.97,0.03957771,1
1506026017,22002910,3037.97,0.01042229,0
1506026016,22002907,3037.97,0.00827771,0
1506025985,22002866,3037.97,0.03020767,0
1506025985,22002864,3037.97,0.00492434,0
1506025967,22002852,3024.47,0.40000000,1
1506025905,22002788,3038.67,0.09866944,0
1506025905,22002787,3038.64,0.90133056,0
1506025835,22002715,3022.20,0.24740695,1
1506025835,22002714,3022.21,0.01870000,1
1506025835,22002712,3022.21,0.05419874,1
1506025834,22002709,3039.20,0.13128455,0
1506025833,22002708,3039.20,0.15213268,0
1506025833,22002707,3039.20,0.02623715,0
1506025833,22002706,3039.20,0.01904989,0
1506025828,22002697,3039.20,0.15595011,1
1506025828,22002696,3039.20,0.02619769,1
1506025825,22002695,3046.57,0.01534854,0
1506025824,22002694,3039.20,1.00000000,1
1506025824,22002692,3039.20,0.26062698,1
1506025818,22002687,3039.20,0.10502650,1
1506025817,22002684,3039.20,0.11988000,1
1506025817,22002683,3039.20,0.02619769,1
1506025817,22002681,3039.20,0.04033396,1
1506025786,22002631,3047.63,0.03227647,0
1506025773,22002603,3039.21,0.03189966,1
1506025767,22002591,3048.50,0.03139036,0
1506025758,22002579,3039.20,0.14202960,1
1506025754,22002571,3039.20,0.24399553,1
1506025753,22002562,3039.20,0.03628124,1
1506025745,22002541,3048.87,0.01419235,0
1506025705,22002469,3039.20,0.01052134,1
1506025688,22002423,3049.71,0.00582490,0
1506025686,22002406,3049.77,0.03093225,0
1506025674,22002354,3054.37,0.02033000,1
1506025674,22002353,3054.37,0.00489790,1
1506025654,22002318,3043.00,0.14503559,1
1506025652,22002310,3043.00,0.22304649,1
1506025652,22002307,3043.00,0.02380746,0
1506025650,22002296,3043.50,0.05314605,1
1506025604,22002262,3053.17,0.03102718,0
1506025600,22002253,3039.51,0.12206058,0
1506025600,22002252,3039.70,0.05075742,0
1506025598,22002243,3039.81,0.01718200,1
1506025578,22002186,3051.01,0.03641820,0
1506025578,22002185,3050.00,0.05000000,0
1506025578,22002184,3050.00,0.01718080,1
1506025576,22002179,3049.86,0.22000000,0
1506025573,22002174,3040.00,0.01718750,0
1506025570,22002168,3040.00,0.03281250,0
1506025552,22002149,3039.20,0.03215410,0
1506025531,22002118,3039.20,0.01000000,0
1506025529,22002113,3039.18,0.06564271,0
1506025527,22002109,3035.00,1.00869699,0
1506025520,22002105,3034.00,0.05421686,0
1506025512,22002090,3034.00,0.02631837,0
1506025512,22002088,3034.00,0.34205033,0
1506025493,22002066,3034.00,0.03295979,0
1506025486,22002053,3034.00,0.12266996,0
1506025472,22002040,3034.00,0.12776580,0
1506025471,22002038,3034.00,0.12776580,0
1506025468,22002029,3034.00,0.02524990,0
1506025457,22002004,3034.00,0.00293624,0
1506025445,22001970,3034.00,0.02934171,0
1506025408,22001921,3034.00,0.03196360,0
1506025407,22001919,3021.11,0.52944519,1
1506025407,22001918,3021.11,0.11630030,1
1506025407,22001917,3021.19,0.10189626,1
1506025407,22001916,3021.22,0.25235825,1
1506025405,22001913,3034.00,0.03067196,0
1506025397,22001901,3033.97,0.02680000,0
1506025368,22001859,3034.00,0.01676664,0
1506025364,22001856,3033.97,0.02480770,0
1506025347,22001843,3034.00,0.10985827,0
1506025345,22001841,3031.00,0.02167423,0
1506025326,22001790,3030.98,0.02898738,1
1506025325,22001787,3030.98,0.00128996,0
1506025324,22001782,3030.98,0.01793631,0
1506025306,22001746,3020.53,0.06237000,1
1506025286,22001734,3020.53,0.01171855,1
1506025285,22001729,3030.95,0.03136190,0
1506025277,22001712,3031.00,0.79177169,0
1506025276,22001710,3030.98,0.16026831,1
1506025275,22001709,3030.98,0.03526253,0
1506025273,22001707,3031.00,0.03257673,0
1506025270,22001704,3030.99,0.46210743,0
1506025266,22001697,3031.00,0.15397735,0
1506025260,22001691,3031.41,0.18210022,0
1506025255,22001686,3031.40,0.18188364,0
1506025253,22001685,3020.51,0.12999767,0
1506025253,22001683,3020.51,0.16512112,0
1506025250,22001679,3020.51,0.18409383,0
1506025245,22001672,3020.51,0.02500000,0
1506025243,22001671,3020.51,0.10025000,0
1506025202,22001634,3032.63,0.03260618,0
1506025177,22001625,3020.51,0.59478864,1
1506025177,22001624,3020.53,0.42830801,1
1506025177,22001623,3030.00,0.06801435,1
1506025163,22001610,3034.77,0.50000000,0
1506025162,22001607,3034.78,0.02536080,0
1506025144,22001573,3035.10,0.48630712,0
1506025129,22001557,3035.39,0.04878427,0
1506025107,22001535,3035.58,0.47129142,0
1506025106,22001532,3035.55,0.16782874,0
1506025106,22001530,3035.52,0.06415524,0
1506025104,22001526,3030.00,0.02555822,0
1506025095,22001522,3030.00,0.03292000,0
1506025093,22001517,3030.00,0.02802390,0
1506025084,22001506,3020.15,0.01880000,1
1506025076,22001497,3030.00,0.05000000,0
1506025065,22001481,3030.00,0.14989101,0
1506025064,22001477,3030.00,0.10824517,0
1506025058,22001453,3030.00,0.24929445,0
1506025032,22001425,3030.00,0.32372039,0
1506025028,22001420,3018.47,0.08900000,1
1506025024,22001419,3030.00,0.03234686,0
1506025009,22001397,3017.70,0.11239794,1
1506025009,22001396,3017.71,1.08390811,1
1506025004,22001394,3029.99,0.00619809,0
1506025004,22001393,3028.97,0.11855515,0
1506024983,22001360,3015.43,0.05000000,1
1506024981,22001359,3028.96,0.01074059,0
1506024974,22001350,3028.96,0.09879298,0
1506024969,22001345,3028.97,0.13172795,0
1506024924,22001309,3027.85,0.03233658,0
1506024906,22001286,3029.07,0.06370830,0
1506024905,22001285,3029.07,0.01982822,0
1506024904,22001282,3012.67,0.01255128,1
1506024886,22001254,3026.11,0.26370489,0
1506024867,22001190,3026.49,0.00806978,0
1506024867,22001189,3020.00,0.09193022,0
1506024864,22001188,3020.00,0.10025000,0
1506024861,22001185,3012.21,0.10208378,1
1506024860,22001183,3020.00,0.03030000,0
1506024834,22001107,3024.40,0.16000000,0
1506024826,22001099,3020.60,0.06552060,0
1506024825,22001096,3020.60,0.03297904,0
1506024825,22001094,3020.58,0.94333333,0
1506024825,22001093,3017.90,0.02393763,0
1506024823,22001091,3017.90,0.01571880,0
1506024811,22001012,3020.49,0.14198396,0
1506024811,22001011,3016.84,0.02801604,0
1506024806,22000994,3020.59,0.10500335,0
1506024797,22000972,3012.00,0.72239601,1
1506024797,22000970,3012.35,0.05373628,1
1506024795,22000966,3016.00,0.01844000,0
1506024795,22000962,3016.00,0.81333635,1
1506024791,22000953,3016.01,0.04754090,0
1506024789,22000943,3016.01,0.01202403,1
1506024789,22000942,3016.02,0.01911022,1
1506024758,22000869,3025.00,0.03297190,1
1506024745,22000835,3029.67,0.03125772,0
1506024744,22000831,3029.70,0.23791321,0
1506024735,22000800,3029.90,0.03558780,0
1506024735,22000797,3033.20,0.01751530,0
1506024733,22000790,3029.99,0.01163040,0
1506024731,22000787,3030.00,0.26342589,0
1506024731,22000786,3029.96,0.06020265,0
1506024724,22000774,3029.97,0.03182676,0
1506024720,22000755,3012.00,0.57441557,1
1506024720,22000753,3012.00,0.06373100,0
1506024720,22000752,3012.33,0.17519547,1
1506024719,22000751,3012.33,0.32480453,1
1506024719,22000748,3012.34,0.20000000,1
1506024719,22000745,3012.35,0.04000000,0
1506024718,22000744,3014.96,0.03308502,1
1506024718,22000741,3014.96,0.10408466,0
1506024718,22000737,3015.11,0.35000000,0
1506024718,22000736,3015.11,0.01602579,1
1506024717,22000728,3022.98,0.01534296,1
1506024716,22000727,3029.56,0.17131500,1
1506024713,22000720,3015.10,0.84568600,0
1506024713,22000718,3022.98,0.14431400,0
1506024710,22000715,3015.00,1.06973080,1
1506024710,22000713,3015.00,0.10000000,1
1506024710,22000712,3015.00,0.30000000,1
1506024710,22000711,3015.01,0.04000000,1
1506024710,22000710,3017.25,0.01308797,1
1506024710,22000709,3019.00,0.07723603,1
1506024710,22000708,3020.00,0.10000000,1
1506024710,22000707,3020.00,1.25028037,1
1506024709,22000706,3020.24,0.03678206,1
1506024709,22000705,3020.70,0.14600000,1
1506024709,22000704,3022.00,0.01300000,1
1506024709,22000703,3022.00,0.66000000,1
1506024709,22000702,3022.79,0.20000000,1
1506024709,22000701,3022.89,0.03000000,1
1506024709,22000700,3023.00,0.30000000,1
1506024708,22000699,3024.00,0.02000000,1
1506024708,22000697,3025.00,0.30614354,1
1506024708,22000695,3025.01,0.22000000,1
1506024708,22000693,3025.02,0.47987556,1
1506024708,22000692,3025.44,0.01200000,1
1506024708,22000690,3025.45,0.59400064,1
1506024708,22000689,3025.47,0.03186303,1
1506024684,22000663,3044.67,0.01536978,0
1506024662,22000606,3045.62,0.03233404,0
1506024659,22000592,3026.30,0.63789929,0
1506024659,22000589,3026.30,0.37866071,1
1506024601,22000410,3025.08,0.00680780,1
1506024601,22000406,3025.08,0.12031439,1
1506024601,22000402,3025.08,0.02397882,0
1506024600,22000400,3025.16,0.67500000,0
1506024600,22000398,3025.16,0.03070679,0
1506024600,22000396,3025.19,0.60000000,0
1506024599,22000391,3025.44,0.00519220,0
1506024590,22000311,3048.20,0.04836489,0
1506024588,22000288,3048.20,0.03181947,0
1506024587,22000277,3048.20,0.12775465,0
1506024586,22000275,3025.00,0.02113868,1
1506024586,22000273,3025.00,0.00413203,1
1506024586,22000272,3025.12,0.03296400,1
1506024586,22000270,3027.64,0.04757345,1
1506024586,22000268,3028.00,0.10362074,1
1506024586,22000266,3029.16,0.38202537,1
1506024586,22000264,3029.64,0.01646070,1
1506024585,22000261,3032.19,0.00646801,1
1506024585,22000258,3032.63,0.03175000,1
1506024585,22000254,3033.02,0.24000000,1
1506024585,22000253,3033.09,0.03194068,1
1506024585,22000252,3033.10,0.08192634,1
1506024581,22000234,3048.27,0.00913071,0
1506024558,22000174,3032.63,0.03174729,0
1506024557,22000172,3032.63,0.06125271,1
1506024554,22000162,3049.20,0.02295395,0
1506024549,22000153,3049.30,0.28007097,0
1506024548,22000150,3049.30,0.01266856,0
1506024548,22000148,3049.30,0.12765499,0
1506024544,22000142,3049.60,0.01263355,0
1506024544,22000140,3049.39,0.03531206,0
1506024537,22000110,3049.66,0.03224745,0
1506024537,22000109,3049.66,0.06578436,0
1506024534,22000095,3049.67,0.01000000,0
1506024533,22000090,3029.64,1.08969859,0
1506024533,22000088,3029.64,0.01000000,0
1506024532,22000086,3029.99,0.50000000,1
1506024532,22000081,3030.00,0.49778519,1
1506024531,22000079,3030.00,0.24000000,0
1506024531,22000074,3030.01,0.47392320,1
1506024531,22000070,3032.19,0.07999261,0
1506024530,22000067,3032.19,0.10860041,0
1506024525,22000034,3049.99,0.07900743,0
1506024525,22000032,3049.99,0.06311000,0
1506024523,22000029,3030.00,0.16063065,1
1506024523,22000028,3031.32,0.09427852,1
1506024523,22000026,3032.47,0.44260820,1
1506024522,22000025,3032.48,0.29000000,1
1506024522,22000024,3035.51,0.19647859,1
1506024522,22000023,3035.51,0.02144305,1
1506024505,21999964,3051.69,0.03203833,0
1506024502,21999960,3051.67,0.35953000,0
1506024493,21999948,3055.70,0.01000000,0
1506024491,21999942,3033.71,0.58338781,1
1506024491,21999940,3034.31,0.04107408,0
1506024490,21999937,3034.31,0.03296190,0
1506024490,21999936,3034.31,0.01000000,0
1506024489,21999933,3035.41,0.03287872,1
1506024489,21999932,3035.41,0.29969749,1
1506024488,21999930,3055.78,0.01000000,0
1506024487,21999927,3032.48,0.01277604,0
1506024487,21999924,3035.00,0.20000000,1
1506024487,21999923,3035.17,0.18682062,1
1506024486,21999922,3035.41,0.03660331,1
1506024486,21999920,3036.57,0.07546686,0
1506024485,21999919,3040.00,0.10000000,1
1506024485,21999917,3040.01,0.40000000,1
1506024485,21999915,3040.04,0.90909355,0
1506024484,21999914,3045.55,0.10000000,1
1506024484,21999912,3050.15,0.00500000,1
1506024482,21999910,3051.00,0.07565202,1
1506024482,21999909,3051.01,0.04257050,1
1506024481,21999908,3055.70,0.31928456,0
1506024472,21999895,3051.93,0.00585882,1
1506024472,21999894,3051.95,0.08491260,1
1506024460,21999874,3056.36,0.00119855,1
1506024458,21999870,3062.49,0.03257153,0
1506024452,21999864,3062.60,0.00169116,0
1506024422,21999827,3063.87,0.01627680,0
1506024387,21999801,3066.30,0.03096895,0
1506024366,21999776,3056.41,0.13134706,0
1506024363,21999775,3056.41,0.01997900,0
1506024362,21999772,3056.41,5.23531051,0
1506024360,21999768,3056.41,0.44613200,0
1506024315,21999731,3056.36,0.06880145,1
1506024315,21999730,3056.37,0.03119855,1
1506024313,21999727,3056.40,0.16069033,0
1506024300,21999719,3056.37,0.02097875,0
1506024291,21999712,3056.40,0.02447651,0
1506024283,21999709,3056.37,0.25238601,0
1506024270,21999685,3056.40,0.02565428,0
1506024266,21999678,3056.41,0.03027883,0
1506024259,21999671,3056.41,0.39160950,0
1506024259,21999670,3056.40,0.19000000,0
1506024259,21999669,3056.35,0.41839050,0
1506024250,21999658,3056.36,0.05773681,0
1506024240,21999644,3056.35,0.00652739,0
1506024238,21999640,3056.35,0.03011980,0
1506024225,21999627,3056.36,0.03400000,0
1506024218,21999619,3056.40,0.03888480,0
1506024216,21999616,3051.97,0.03890166,0
1506024215,21999613,3051.97,0.03224940,0
1506024213,21999612,3052.01,0.02984894,1
1506024207,21999609,3056.29,0.32431931,0
1506024193,21999601,3056.36,0.06418458,0
1506024165,21999582,3056.37,0.03131224,0
1506024164,21999579,3056.40,0.12313761,0
1506024151,21999574,3056.40,0.13627704,0
1506024144,21999567,3056.37,0.07084005,0
1506024141,21999562,3056.40,0.03170960,0
1506024137,21999554,3056.40,0.07085500,0
1506024128,21999535,3056.41,0.02885810,0
1506024122,21999525,3056.41,0.02422227,0
1506024120,21999521,3056.41,0.07668140,0
1506024118,21999516,3056.41,0.28068000,0
1506024117,21999515,3056.41,0.05000000,0
1506024116,21999514,3056.41,0.28068000,0
1506024114,21999513,3056.41,0.24556834,0
1506024114,21999512,3056.41,0.05947199,1
1506024089,21999501,3058.00,0.10000000,0
1506024084,21999490,3066.99,0.03192251,0
1506024079,21999464,3066.99,0.07027463,1
1506024079,21999463,3066.99,0.02577885,0
1506024077,21999462,3051.82,0.22073682,1
1506024077,21999461,3051.82,0.30000000,1
1506024077,21999460,3051.93,1.00000000,0
1506024077,21999458,3056.12,0.09298428,1
1506024075,21999457,3058.00,0.26000000,1
1506024061,21999454,3066.98,0.15392536,0
1506024052,21999451,3066.80,0.47224938,0
1506024052,21999450,3066.79,0.53012903,0
1506024050,21999449,3066.80,0.27985783,0
1506024048,21999446,3066.80,0.01923418,0
1506024048,21999445,3066.80,0.03271363,0
1506024046,21999444,3066.80,0.01884406,0
1506024014,21999386,3066.82,0.01883772,0
1506024013,21999385,3066.82,0.14122061,0
1506024004,21999375,3066.85,0.00912029,0
1506023961,21999360,3058.01,0.00324153,0
1506023943,21999350,3066.99,0.09730153,0
1506023943,21999348,3058.01,0.00299847,0
1506023932,21999340,3067.28,0.02614110,0
1506023927,21999332,3052.34,0.01477000,1
1506023925,21999330,3067.29,0.13770787,1
1506023920,21999329,3067.31,0.07442656,0
1506023912,21999317,3045.62,0.66353356,0
1506023911,21999316,3045.62,0.14238696,0
1506023911,21999314,3045.62,0.03405780,0
1506023911,21999313,3051.00,0.05000000,1
1506023911,21999312,3051.00,0.07348150,0
1506023910,21999311,3052.25,0.06996730,1
1506023910,21999310,3052.25,0.05000000,0
1506023910,21999309,3054.49,0.11544340,1
1506023909,21999308,3055.00,0.06546644,1
1506023908,21999307,3060.00,0.00705000,1
1506023855,21999277,3067.56,0.85136365,0
1506023855,21999276,3067.53,0.14863635,0
1506023846,21999273,3067.72,0.01401660,0
1506023805,21999258,3065.76,0.03559295,0
1506023788,21999243,3065.82,0.01809999,0
1506023749,21999194,3074.80,0.00186610,0
1506023732,21999158,3075.67,1.00000000,0
1506023731,21999156,3075.68,0.10378193,1
1506023709,21999137,3075.87,0.44640485,0
1506023709,21999136,3068.32,0.00188466,0
1506023709,21999135,3065.89,0.02958900,0
1506023683,21999120,3069.42,0.06889575,0
1506023667,21999092,3069.43,0.03086503,0
1506023658,21999085,3072.00,0.00848000,1
1506023652,21999050,3078.00,0.01616566,0
1506023641,21999037,3078.97,0.00908449,0
1506023634,21999028,3079.95,0.12300000,0
1506023634,21999027,3079.94,0.03000000,0
1506023622,21999019,3079.92,0.16193602,0
1506023602,21998990,3069.45,0.56068870,1
1506023586,21998970,3080.00,0.58843597,0
1506023584,21998968,3079.97,0.01065278,0
1506023565,21998937,3080.27,0.11655102,1
1506023564,21998936,3082.60,0.04006754,0
1506023562,21998930,3080.00,0.88344898,0
1506023516,21998860,3079.89,0.01299443,0
1506023511,21998856,3080.00,0.11655102,0
1506023511,21998855,3079.99,0.01299443,0
1506023485,21998838,3080.70,0.12816350,0
1506023472,21998823,3068.03,0.02837180,1
1506023460,21998806,3083.19,0.19404577,1
1506023460,21998803,3079.96,0.17372301,0
1506023460,21998802,3079.96,0.11618371,1
1506023459,21998798,3079.95,0.02598886,0
1506023439,21998752,3079.10,0.14239726,0
1506023439,21998751,3079.09,0.05197772,0
1506023435,21998739,3079.10,0.02781827,0
1506023434,21998737,3079.10,0.02783760,1
1506023434,21998736,3073.50,0.04160661,0
1506023431,21998734,3073.50,0.10011996,0
1506023431,21998733,3070.01,0.29988004,0
1506023429,21998732,3067.16,0.01000000,1
1506023420,21998726,3067.14,0.08879140,1
1506023418,21998723,3067.18,0.04969186,1
1506023416,21998717,3067.17,0.65000000,1
1506023407,21998690,3065.78,0.41246939,1
1506023401,21998676,3067.10,0.27911600,1
1506023399,21998672,3067.10,0.27911600,1
1506023395,21998660,3068.18,1.00000000,0
1506023394,21998659,3067.35,0.19988438,0
1506023394,21998658,3067.10,0.18000000,0
1506023390,21998633,3061.23,0.00000515,0
1506023389,21998631,3059.75,0.01444466,0
1506023389,21998629,3059.75,0.02555534,0
1506023388,21998628,3061.23,0.38790100,0
1506023369,21998604,3061.23,0.33352503,0
1506023369,21998603,3061.20,0.33842874,0
1506023367,21998601,3061.20,0.02342477,0
1506023360,21998591,3049.82,0.20000000,1
1506023347,21998579,3060.87,0.03172914,0
1506023306,21998543,3045.23,0.02400000,1
1506023299,21998540,3061.19,0.04312062,0
1506023297,21998539,3061.18,0.01565938,0
1506023297,21998538,3059.22,0.00584062,0
1506023295,21998537,3058.77,0.01568439,0
1506023294,21998536,3058.77,0.03058330,0
1506023292,21998535,3058.80,0.01083873,0
1506023291,21998534,3058.78,0.03169119,0
1506023269,21998519,3059.21,0.03214900,0
1506023268,21998518,3058.89,0.96785100,0
1506023268,21998510,3043.94,0.06229140,1
1506023241,21998440,3058.96,0.13208084,0
1506023212,21998412,3059.00,0.03228179,0
1506023193,21998372,3059.19,0.07288820,0
1506023182,21998364,3059.76,0.70327931,0
1506023182,21998363,3059.22,0.17000000,0
1506023182,21998362,3059.20,0.12004769,0
1506023182,21998361,3059.20,0.99900200,1
1506023180,21998360,3058.24,1.00767100,0
1506023173,21998354,3058.72,0.99951100,1
1506023173,21998352,3058.72,0.03232009,0
1506023171,21998349,3047.13,0.00469900,0
1506023148,21998329,3047.13,0.20000000,0
1506023133,21998317,3061.14,0.00162684,0
1506023132,21998316,3041.49,4.64694395,1
1506023132,21998315,3041.51,0.04765729,1
1506023130,21998310,3061.12,0.85000000,0
1506023130,21998309,3051.12,0.15000000,0
1506023121,21998301,3035.70,0.81786765,0
1506023120,21998298,3035.70,1.00000000,0
1506023120,21998296,3035.71,0.33000000,0
1506023120,21998295,3035.71,1.05956730,0
1506023120,21998294,3035.71,0.08300000,0
1506023119,21998291,3040.00,0.50000000,1
1506023119,21998290,3040.00,0.10000000,1
1506023119,21998287,3040.53,0.03280000,1
1506023119,21998284,3040.62,0.00500000,1
1506023118,21998282,3043.00,0.03500000,1
1506023118,21998281,3043.01,0.30000000,1
1506023118,21998280,3044.00,0.03000000,1
1506023117,21998279,3045.00,0.00540000,1
1506023117,21998277,3046.00,0.20000000,1
1506023117,21998276,3046.12,0.02000000,1
1506023116,21998273,3047.00,0.16626874,1
1506023116,21998272,3047.00,0.07252220,1
1506023116,21998271,3047.13,0.09491011,1
1506023114,21998270,3047.50,0.06550000,1
1506023113,21998269,3051.12,0.00500000,0
1506023085,21998251,3051.12,0.08034871,0
1506023062,21998232,3061.23,1.27856882,0
1506023062,21998231,3061.20,0.12887290,0
1506023062,21998230,3061.18,0.04366188,0
1506023062,21998229,3059.78,0.18000000,0
1506023062,21998227,3056.87,0.36889640,0
1506023055,21998219,3056.94,0.00170000,0
1506023008,21998160,3047.16,0.01000000,1
1506022992,21998124,3061.08,0.32077596,0
1506022991,21998123,3061.09,0.32032764,1
1506022976,21998105,3047.16,0.02605144,0
1506022976,21998102,3047.16,0.10153246,0
1506022963,21998077,3047.17,0.09902938,1
1506022963,21998076,3047.20,0.27424283,1
1506022963,21998075,3059.98,3.00000000,1
1506022943,21998067,3059.96,0.58246926,0
1506022935,21998060,3049.09,0.72575717,1
1506022933,21998057,3059.97,0.10025000,1
1506022923,21998044,3059.98,0.03995000,0
1506022891,21998021,3059.80,0.28786365,0
1506022890,21998020,3059.77,0.13000000,0
1506022864,21998002,3048.32,0.13000000,1
1506022816,21997967,3059.98,0.06468636,0
1506022814,21997964,3059.58,0.32077596,0
1506022807,21997960,3059.95,0.31947564,0
1506022806,21997959,3059.95,1.09328135,0
1506022806,21997958,3059.95,0.12274442,0
1506022806,21997956,3061.31,0.05406545,0
1506022805,21997955,3059.96,0.11775830,0
1506022805,21997954,3059.96,0.03224170,0
1506022778,21997929,3059.65,0.53086479,0
1506022778,21997928,3059.65,0.17000000,0
1506022777,21997927,3059.00,0.60000000,0
1506022777,21997926,3058.99,2.06125700,0
1506022738,21997898,3055.94,0.71143790,0
1506022728,21997887,3055.03,0.01583993,0
1506022720,21997874,3055.99,0.09484586,1
1506022719,21997873,3055.99,0.10749869,0
1506022714,21997861,3055.07,0.74623192,0
1506022714,21997858,3055.06,0.08538690,0
1506022711,21997852,3055.07,0.46890960,0
1506022710,21997850,3055.07,0.05995483,0
1506022710,21997845,3055.07,0.15740945,0
1506022709,21997843,3055.07,0.01667207,0
1506022708,21997840,3055.07,0.49631291,0
1506022694,21997798,3055.10,0.01579585,0
1506022692,21997797,3055.10,0.01068836,0
1506022690,21997795,3055.13,0.01582005,0
1506022656,21997744,3055.22,0.23399990,0
1506022637,21997727,3055.30,0.67462762,1
1506022636,21997726,3055.30,0.79454726,0
1506022612,21997692,3047.00,0.02382270,1
1506022595,21997636,3056.79,0.03263227,0
1506022572,21997626,3057.55,0.00505288,0
1506022546,21997611,3047.00,0.24236029,1
1506022544,21997610,3048.00,0.55763971,1
1506022539,21997604,3050.00,0.23333280,1
1506022539,21997603,3051.25,0.19401611,1
1506022539,21997602,3052.05,0.06755167,1
1506022537,21997601,3052.27,0.09800000,1
1506022534,21997592,3059.79,0.16060410,0
1506022531,21997580,3059.80,0.03258738,0
1506022520,21997565,3060.00,0.17018301,1
1506022517,21997556,3060.00,0.42981699,1
1506022489,21997505,3061.79,0.01393629,1
1506022486,21997491,3052.44,0.01871583,1
1506022486,21997490,3052.95,0.26128417,1
1506022483,21997489,3067.60,0.60000000,0
1506022480,21997488,3067.58,0.01000000,0
1506022478,21997486,3067.70,0.01000000,0
1506022478,21997483,3067.67,0.06019648,0
1506022476,21997482,3067.70,0.01000000,0
1506022474,21997474,3067.79,0.01000000,0
1506022473,21997465,3067.79,0.01000000,0
1506022470,21997463,3067.77,0.01000000,0
1506022468,21997461,3067.77,0.00185400,0
1506022468,21997460,3063.05,0.00814600,0
1506022466,21997457,3063.05,0.00579400,0
1506022466,21997456,3061.92,0.00420600,0
1506022464,21997454,3061.79,0.01000000,0
1506022462,21997452,3061.79,0.01000000,0
1506022460,21997450,3061.92,0.01000000,0
1506022459,21997447,3061.80,0.09635300,0
1506022433,21997419,3060.00,0.01778927,0
1506022430,21997413,3060.00,0.11695700,0
1506022426,21997406,3060.00,0.01234829,0
1506022426,21997405,3060.00,0.22314971,0
1506022424,21997402,3060.00,0.03025000,0
1506022404,21997380,3051.25,0.08032407,1
1506022395,21997359,3060.00,0.00000429,1
1506022395,21997354,3060.00,0.08001000,1
1506022394,21997352,3060.00,0.24062746,0
1506022390,21997343,3060.00,0.00500000,0
1506022385,21997331,3060.00,0.03187459,0
1506022383,21997328,3060.00,0.06292821,0
1506022380,21997326,3060.00,0.01064274,0
1506022380,21997325,3057.00,0.21935726,0
1506022374,21997322,3051.25,0.00004900,1
1506022374,21997320,3052.00,0.07000000,1
1506022373,21997318,3057.00,0.01674737,0
1506022373,21997317,3056.98,0.08325263,0
1506022347,21997293,3051.81,6.89717595,1
1506022328,21997271,3056.96,0.89775033,0
1506022328,21997269,3056.96,0.01125970,0
1506022328,21997268,3056.96,0.08626872,0
1506022328,21997266,3056.96,0.00472125,0
1506022318,21997262,3051.49,0.11836187,1
1506022318,21997261,3051.49,0.23469901,1
1506022315,21997259,3051.49,0.03524419,1
1506022312,21997250,3051.25,0.72561082,1
1506022308,21997249,3051.20,0.07222301,1
1506022298,21997230,3051.20,0.01292607,1
1506022293,21997223,3048.30,0.24637639,1
1506022280,21997192,3048.00,0.44236029,1
1506022275,21997180,3051.00,0.98100622,1
1506022273,21997174,3051.10,0.85971800,1
1506022268,21997160,3056.96,0.03263046,0
1506022265,21997153,3051.00,0.05225184,1
1506022264,21997147,3051.00,0.16238283,1
1506022262,21997140,3051.02,0.06502744,1
1506022260,21997138,3051.01,0.21319201,1
1506022252,21997130,3051.01,0.02622709,1
1506022248,21997117,3051.14,0.06822130,1
1506022245,21997108,3057.00,0.00000301,0
1506022244,21997106,3056.96,0.08627000,1
1506022243,21997103,3056.96,0.04236563,0
1506022214,21997063,3051.00,0.02768560,1
1506022214,21997060,3051.00,0.04179690,1
1506022213,21997057,3051.00,0.03181000,1
1506022207,21997045,3056.92,0.13378499,0
1506022206,21997042,3056.92,0.29974497,0
1506022202,21997034,3051.00,0.19868896,1
1506022191,21997014,3051.00,0.04933137,1
1506022187,21997006,3057.00,0.08979357,0
1506022187,21997004,3052.54,0.00184609,0
1506022187,21997001,3051.00,0.03526798,1
1506022186,21996998,3052.54,0.01935791,0
1506022185,21996997,3052.24,0.02725549,0
1506022183,21996994,3052.24,0.01938222,0
1506022164,21996954,3052.24,0.00947859,0
1506022158,21996936,3051.00,0.04602340,1
1506022144,21996882,3052.24,0.01225000,0
1506022140,21996877,3051.00,0.01997780,1
1506022117,21996818,3051.00,0.29778332,0
1506022115,21996812,3051.00,0.32022725,0
1506022105,21996769,3051.00,0.12653573,0
1506022086,21996728,3051.00,0.01225712,0
1506022084,21996727,3051.00,0.08822141,0
1506022083,21996725,3050.00,0.03606284,1
1506022043,21996690,3047.00,0.15496169,1
1506022035,21996681,3047.00,0.09068884,1
1506022035,21996679,3050.00,0.02950000,1
1506022033,21996676,3050.98,0.15460481,1
1506022026,21996653,3050.98,0.03539519,1
1506022025,21996652,3051.00,0.15039331,0
1506022015,21996639,3051.00,0.00458186,0
1506022015,21996638,3050.99,0.01671995,0
1506022004,21996615,3050.99,0.01531154,0
1506021999,21996612,3050.99,0.03269431,0
1506021991,21996595,3047.00,0.00581380,1
1506021984,21996590,3047.00,0.01052754,1
1506021976,21996585,3047.00,0.05232420,1
1506021975,21996583,3051.96,0.00347418,0
1506021964,21996572,3051.98,0.00200000,0
1506021944,21996523,3052.20,0.13963417,0
1506021943,21996505,3047.00,0.08921503,1
1506021942,21996502,3047.00,0.03548999,1
1506021932,21996463,3047.00,0.10000000,1
1506021926,21996437,3052.23,0.17617200,0
1506021924,21996430,3052.23,0.16597172,0
1506021924,21996428,3049.00,0.60000000,0
1506021924,21996426,3048.75,0.57727035,0
1506021924,21996425,3048.74,0.10065300,0
1506021920,21996409,3048.74,0.22934700,0
1506021914,21996392,3047.00,0.60000000,0
1506021914,21996391,3047.00,0.04024683,0
1506021908,21996365,3047.00,0.32590121,0
1506021905,21996359,3047.00,0.03011815,0
1506021890,21996314,3047.00,0.60373381,1
1506021889,21996308,3048.75,0.12419483,0
1506021888,21996303,3048.75,0.06161485,0
1506021886,21996300,3048.75,0.03691997,0
1506021886,21996299,3048.75,0.20000000,0
1506021884,21996295,3047.00,0.06716551,1
1506021878,21996281,3047.00,1.32100281,1
1506021874,21996275,3047.00,0.20307873,1
1506021860,21996243,3047.00,0.07644248,1
1506021859,21996240,3047.00,0.02018150,1
1506021859,21996239,3047.31,0.00981850,1
1506021851,21996217,3047.62,0.05675977,1
1506021850,21996215,3048.75,0.00817712,1
1506021841,21996185,3049.00,0.05000000,0
1506021837,21996176,3049.00,0.61903223,1
1506021837,21996175,3049.00,0.67920773,1
1506021831,21996161,3049.01,0.35331485,1
1506021829,21996156,3049.07,0.09628465,1
1506021820,21996119,3052.24,0.00492852,1
1506021819,21996112,3052.24,0.02775240,1
1506021819,21996111,3052.24,0.03571273,1
1506021786,21996054,3060.93,0.02998108,0
1506021764,21995992,3060.93,0.04013016,0
1506021746,21995940,3061.79,0.06025000,0
1506021744,21995935,3052.24,0.02770774,1
1506021729,21995884,3061.92,0.16288799,0
1506021706,21995831,3049.00,1.32079227,1
1506021706,21995830,3052.13,0.01143363,1
1506021706,21995829,3052.13,0.23919053,1
1506021705,21995827,3052.24,0.22545157,1
1506021701,21995818,3062.95,0.31979534,0
1506021695,21995770,3062.91,0.62649010,0
1506021684,21995756,3063.02,0.02918970,0
1506021678,21995744,3067.93,0.27390712,1
1506021678,21995743,3067.82,0.02142021,0
1506021678,21995742,3063.05,0.02620600,0
1506021677,21995741,3063.02,0.27258204,0
1506021675,21995735,3052.13,0.00639444,1
1506021653,21995699,3052.13,0.38468186,1
1506021653,21995698,3052.23,0.14775440,1
1506021646,21995695,3069.60,0.12394640,0
1506021645,21995691,3069.71,0.13043158,0
1506021645,21995689,3063.36,0.04284042,0
1506021645,21995686,3063.05,0.02672800,0
1506021629,21995654,3060.00,0.67899719,0
1506021629,21995653,3052.20,1.37317855,0
1506021628,21995652,3052.20,0.02000000,0
1506021617,21995642,3052.20,0.60000000,0
1506021617,21995640,3052.20,0.06629872,0
1506021616,21995627,3052.20,0.66246526,0
1506021613,21995610,3052.20,0.16342310,0
1506021612,21995606,3052.13,0.03005708,1
1506021611,21995593,3052.20,0.00764869,0
1506021608,21995586,3052.20,0.66035273,0
1506021608,21995583,3052.20,0.40371535,0
1506021607,21995582,3052.20,0.05000000,0
1506021607,21995581,3052.20,0.03215000,0
1506021606,21995576,3052.20,0.66121055,0
1506021605,21995574,3052.20,0.29091654,0
1506021602,21995573,3052.20,0.66012785,0
1506021601,21995568,3052.20,0.02882943,0
1506021601,21995566,3052.20,0.02990578,0
1506021600,21995563,3052.20,0.09804403,0
1506021598,21995562,3052.20,0.16334154,0
1506021597,21995559,3052.20,0.05000000,0
1506021596,21995557,3052.20,0.00650000,0
1506021592,21995550,3052.20,2.74190000,0
1506021592,21995549,3052.31,1.05619996,1
1506021592,21995548,3052.32,0.17483937,1
1506021581,21995540,3059.99,0.01310562,0
1506021554,21995519,3058.00,0.11688812,0
1506021554,21995518,3058.00,1.00000000,1
1506021552,21995515,3059.99,0.92803976,0
1506021543,21995486,3052.13,0.93717455,0
1506021538,21995475,3052.13,0.16282545,1
1506021535,21995469,3059.99,0.11425286,0
1506021501,21995424,3051.53,0.10000000,0
1506021460,21995352,3068.55,0.24069612,0
1506021451,21995339,3049.04,0.17787006,1
1506021451,21995337,3049.04,0.15592006,0
1506021450,21995335,3049.04,0.03396685,0
1506021450,21995334,3050.00,0.10000000,1
1506021450,21995333,3050.00,0.01269603,0
1506021449,21995331,3050.01,0.01954700,1
1506021443,21995322,3050.01,0.14766227,1
1506021435,21995311,3050.00,0.61513888,1
1506021435,21995310,3050.00,0.80831851,1
1506021430,21995306,3050.00,0.19168149,1
1506021430,21995305,3050.00,0.25000000,1
1506021430,21995303,3050.00,0.58182072,1
1506021429,21995302,3052.01,0.53472597,1
1506021429,21995301,3052.02,0.26000000,1
1506021429,21995299,3053.19,0.55000000,1
1506021429,21995298,3053.19,0.06151000,1
1506021427,21995293,3052.01,0.50318183,1
1506021427,21995291,3058.96,0.03616830,1
1506021425,21995289,3053.19,0.06860693,0
1506021424,21995288,3053.19,0.03005708,0
1506021423,21995284,3053.19,0.01881760,0
1506021423,21995283,3050.00,0.03000000,0
1506021423,21995280,3050.00,0.41817928,1
1506021423,21995278,3050.00,0.10138524,1
1506021423,21995275,3050.00,0.00654000,1
1506021422,21995271,3050.00,0.20000000,1
1506021422,21995266,3050.00,0.94389548,1
1506021422,21995262,3050.00,0.05610452,1
1506021422,21995258,3050.00,0.25000000,1
1506021422,21995255,3050.00,0.25000000,1
1506021422,21995251,3050.00,0.01000000,1
1506021422,21995249,3050.00,0.07000000,1
1506021421,21995246,3050.00,0.10000000,1
1506021421,21995245,3050.00,0.26389548,1
1506021420,21995242,3053.19,0.05000000,0
1506021418,21995240,3050.00,0.23610452,1
1506021418,21995239,3050.00,0.13843296,1
1506021418,21995238,3050.00,0.00165000,1
1506021418,21995237,3050.00,0.55000000,1
1506021418,21995235,3050.00,0.79287939,1
1506021418,21995234,3050.00,0.03722100,1
1506021418,21995233,3050.00,0.01622800,1
1506021417,21995232,3050.67,0.03641081,1
1506021417,21995231,3051.00,1.45100000,1
1506021417,21995229,3051.00,0.16299365,1
1506021417,21995228,3052.00,0.33000000,1
1506021417,21995227,3053.00,0.47000000,1
1506021417,21995226,3053.09,0.29000000,1
1506021417,21995225,3053.16,0.70015803,1
1506021417,21995224,3053.19,0.99000000,1
1506021412,21995217,3053.09,0.19981580,1
1506021412,21995216,3058.91,0.01723293,1
1506021412,21995215,3058.98,0.04571540,1
1506021411,21995214,3058.98,0.01428460,1
1506021407,21995207,3070.00,1.55559014,1
1506021407,21995206,3070.00,3.00000000,1
1506021406,21995204,3070.00,3.00000000,1
1506021406,21995203,3070.00,3.00000000,1
1506021406,21995202,3070.00,3.00000000,1
1506021405,21995201,3070.00,3.00000000,1
1506021405,21995199,3070.00,0.22541390,1
1506021404,21995198,3070.01,0.21793339,1
1506021403,21995194,3070.01,0.08206661,1
1506021401,21995188,3070.00,0.01000000,1
1506021400,21995187,3070.00,0.04228092,1
1506021399,21995185,3070.00,1.51595700,1
1506021394,21995173,3070.00,1.03498480,1
1506021394,21995171,3070.00,0.38000000,0
1506021394,21995170,3069.89,0.29000000,0
1506021393,21995169,3069.89,0.02006813,0
1506021393,21995168,3069.80,7.07340000,0
1506021393,21995167,3062.00,0.85230511,0
1506021392,21995163,3063.13,0.14769489,1
1506021367,21995126,3069.98,0.05137237,0
1506021359,21995114,3063.10,0.01600000,0
1506021341,21995063,3071.18,0.01622580,0
1506021325,21994998,3071.20,0.07787862,0
1506021323,21994991,3063.01,0.06674617,1
1506021323,21994990,3063.04,0.10000000,1
1506021322,21994986,3071.20,0.25008791,0
1506021314,21994969,3071.60,0.98472927,0
1506021308,21994957,3069.83,0.03444101,0
1506021306,21994952,3069.83,0.14947081,0
1506021306,21994949,3069.83,0.22587353,0
1506021306,21994947,3069.83,0.14947081,0
1506021301,21994935,3069.84,0.01657090,0
1506021294,21994930,3063.02,0.09900000,1
1506021288,21994924,3069.87,0.04131781,0
1506021276,21994899,3062.91,0.85450120,0
1506021274,21994898,3062.91,0.00200000,0
1506021270,21994896,3058.91,0.02082910,1
1506021265,21994882,3062.91,0.06650864,0
1506021265,21994881,3062.91,0.00914354,0
1506021263,21994879,3062.90,0.01165844,0
1506021261,21994876,3058.91,0.00012382,1
1506021261,21994875,3059.00,0.17627318,1
1506021257,21994857,3059.00,0.12372682,1
1506021251,21994846,3062.90,0.39658309,1
1506021251,21994845,3062.90,0.22680172,1
1506021249,21994841,3062.90,0.01484244,1
1506021244,21994831,3062.91,0.07208579,0
1506021244,21994829,3062.91,0.30000000,0
1506021241,21994824,3062.90,0.03700000,1
1506021240,21994820,3062.90,0.11982343,1
1506021240,21994819,3062.90,0.12355882,1
1506021237,21994817,3062.91,0.03256707,0
1506021234,21994811,3062.90,0.23755456,1
1506021231,21994806,3062.91,0.33000000,0
1506021231,21994804,3062.91,0.33024502,0
1506021230,21994803,3062.91,0.80000000,0
1506021224,21994796,3062.91,1.00000000,0
1506021219,21994786,3062.91,4.06294874,0
1506021218,21994784,3062.91,0.41000000,0
1506021215,21994775,3062.91,0.41000000,1
1506021215,21994774,3063.10,0.25000000,1
1506021214,21994771,3069.20,0.04395373,0
1506021200,21994735,3062.91,0.01000000,1
1506021191,21994725,3064.00,0.01100000,0
1506021190,21994720,3063.99,1.00000000,0
1506021187,21994708,3063.99,0.46936348,0
1506021177,21994647,3060.91,0.87251000,0
1506021162,21994607,3060.91,0.00363735,0
1506021161,21994599,3061.08,0.43243626,1
1506021160,21994597,3060.93,0.10000000,0
1506021154,21994569,3060.92,0.15308259,0
1506021153,21994567,3060.92,0.03635133,0
1506021146,21994520,3059.00,0.00700000,1
1506021139,21994499,3060.00,0.33809098,0
1506021139,21994498,3060.00,0.32607985,0
1506021139,21994497,3060.00,0.33582917,0
1506021129,21994466,3060.00,0.03300000,0
1506021126,21994459,3060.00,0.03053018,0
1506021124,21994453,3060.00,0.01064065,0
1506021123,21994449,3060.00,0.33000000,1
1506021123,21994448,3060.00,0.10000000,1
1506021123,21994447,3060.00,0.16000000,1
1506021119,21994440,3065.20,0.00243784,0
1506021119,21994439,3062.00,0.01123449,0
1506021118,21994437,3062.00,0.01832767,0
1506021109,21994425,3060.93,0.02500000,1
1506021087,21994365,3060.93,0.02035002,1
1506021087,21994364,3061.00,0.04020632,1
1506021086,21994363,3062.00,0.29935021,1
1506021078,21994323,3062.00,0.01832200,1
1506021075,21994315,3068.00,0.15849415,0
1506021071,21994307,3062.00,0.00044171,1
1506021071,21994305,3064.00,0.26789460,1
1506021067,21994292,3069.39,0.12452923,0
1506021055,21994267,3064.00,0.53427740,1
1506021054,21994261,3064.00,0.19782800,1
1506021052,21994248,3064.00,0.44193648,1
1506021046,21994234,3069.59,0.03030000,0
1506021045,21994233,3068.50,0.07307290,0
1506021045,21994231,3064.00,0.33638036,1
1506021042,21994221,3068.55,0.00309597,0
1506021040,21994216,3069.69,0.12348152,0
1506021036,21994205,3069.70,0.03096103,0
1506021035,21994203,3069.70,0.01413748,0
1506021035,21994201,3069.69,0.01812062,0
1506021034,21994199,3064.96,0.10000000,1
1506021034,21994198,3065.00,0.00500000,1
1506021033,21994197,3065.15,0.07000000,1
1506021027,21994191,3065.66,0.08102249,1
1506021027,21994190,3065.66,0.00897751,1
1506021027,21994189,3065.66,0.01000000,1
1506021022,21994182,3066.00,0.03623205,1
1506021022,21994180,3067.69,0.02833309,1
1506021022,21994179,3067.74,0.00364836,1
1506021013,21994167,3070.00,0.50000000,1
1506021013,21994165,3070.00,3.50000000,1
1506021004,21994130,3073.49,0.01256219,0
1506021004,21994129,3071.85,0.00193781,0
1506021003,21994125,3071.85,0.02806219,1
1506020995,21994105,3073.50,1.27393064,0
1506020988,21994089,3072.00,0.01494680,0
1506020987,21994083,3072.00,0.01978611,0
1506020985,21994078,3072.00,0.00893915,0
1506020982,21994037,3072.00,0.02728110,0
1506020982,21994035,3071.85,0.15001280,0
1506020980,21994030,3072.00,0.22731446,1
1506020980,21994028,3072.09,0.02298100,1
1506020974,21994015,3073.50,0.01537840,0
1506020973,21994012,3073.50,0.02751420,0
1506020972,21994009,3073.50,0.06025000,0
1506020970,21993990,3073.50,0.03020860,0
1506020968,21993975,3073.50,0.26535389,0
1506020966,21993969,3073.50,1.00000000,0
1506020966,21993967,3072.09,0.02555000,1
1506020958,21993949,3073.40,0.04364490,0
1506020956,21993941,3073.50,0.02763770,0
1506020943,21993915,3074.00,0.50000000,1
1506020926,21993861,3083.53,0.01858500,1
1506020926,21993860,3083.89,0.00897374,0
1506020925,21993858,3083.89,0.00844858,0
1506020924,21993857,3081.94,0.00054810,0
1506020921,21993845,3081.94,0.09945190,1
1506020918,21993825,3075.00,0.33151544,1
1506020917,21993820,3075.00,0.20769249,1
1506020917,21993819,3075.01,0.08915536,1
1506020911,21993795,3084.10,0.06303828,0
1506020894,21993715,3078.70,0.08000000,1
1506020893,21993711,3078.97,0.03532800,0
1506020886,21993674,3078.73,0.23016166,0
1506020885,21993671,3078.73,0.15389985,0
1506020885,21993669,3078.73,0.07144535,0
1506020884,21993667,3084.59,0.09330112,0
1506020884,21993665,3084.58,0.33268577,0
1506020883,21993662,3084.60,0.03137250,0
1506020881,21993659,3078.95,0.02819100,0
1506020880,21993653,3078.96,0.07469508,0
1506020880,21993648,3078.96,0.57442129,0
1506020880,21993647,3078.96,0.11488241,0
1506020879,21993641,3078.96,0.04392229,0
1506020878,21993635,3078.96,0.08709380,0
1506020875,21993618,3078.96,0.27721011,0
1506020874,21993615,3078.96,0.17878820,0
1506020874,21993614,3078.96,0.05000000,0
1506020874,21993613,3078.96,0.09962765,0
1506020874,21993612,3078.96,0.23365126,0
1506020873,21993611,3076.00,0.00065193,0
1506020873,21993609,3076.00,1.45100000,1
1506020873,21993606,3076.08,0.07500000,1
1506020872,21993603,3076.08,0.01483000,1
1506020872,21993600,3076.09,1.02206680,1
1506020872,21993599,3076.90,0.06635791,1
1506020872,21993598,3078.24,0.04009336,1
1506020871,21993595,3078.96,0.00820948,0
1506020871,21993591,3078.96,0.02729400,0
1506020868,21993573,3078.96,0.03089770,0
1506020867,21993562,3076.08,0.01482942,0
1506020865,21993554,3076.04,0.03362100,1
1506020865,21993550,3076.08,0.07208025,0
1506020865,21993547,3076.08,0.57000000,1
1506020865,21993544,3078.00,0.16204351,1
1506020864,21993541,3080.00,0.20000000,1
1506020864,21993540,3080.00,1.00000000,1
1506020864,21993538,3080.85,0.08104682,1
1506020864,21993533,3081.00,1.00000000,1
1506020861,21993518,3091.79,0.99615438,0
1506020860,21993516,3088.02,0.00384562,0
1506020860,21993514,3081.01,0.35998602,1
1506020860,21993510,3084.00,0.03242542,1
1506020860,21993509,3084.99,0.21484390,1
1506020858,21993491,3088.02,0.10615438,1
1506020855,21993477,3091.80,0.31574233,0
1506020847,21993455,3091.90,0.01789750,0
1506020845,21993450,3091.94,0.06071710,0
1506020828,21993405,3094.42,0.02783260,1
1506020828,21993404,3094.77,0.02347020,1
1506020825,21993394,3091.65,0.17226443,0
1506020825,21993393,3091.64,0.01670039,0
1506020825,21993392,3091.64,0.04763564,0
1506020824,21993390,3091.64,0.02566397,0
1506020824,21993388,3088.02,0.04171105,0
1506020823,21993384,3088.02,0.06444900,0
1506020818,21993378,3091.65,0.04169730,0
1506020818,21993375,3091.65,0.03528060,0
1506020814,21993364,3088.00,0.02414608,1
1506020811,21993356,3097.72,0.90000000,0
1506020811,21993355,3097.71,0.10000000,0
1506020808,21993346,3097.72,0.10240021,0
1506020808,21993342,3090.04,0.03103597,0
1506020808,21993337,3090.04,0.52896403,1
1506020808,21993335,3090.10,0.10000000,1
1506020807,21993331,3097.72,0.01755095,0
1506020807,21993330,3090.11,0.03187355,0
1506020806,21993328,3090.11,0.02500000,0
1506020806,21993327,3090.11,0.00790000,0
1506020806,21993322,3090.11,0.02522645,1
1506020802,21993316,3097.72,0.01027618,0
1506020801,21993314,3095.00,0.08111910,0
1506020801,21993311,3095.00,0.21888090,0
1506020799,21993303,3097.72,0.97211295,0
1506020799,21993302,3097.71,0.02788705,0
1506020799,21993300,3097.71,0.07085583,0
1506020799,21993299,3097.71,0.01125712,0
1506020799,21993298,3094.05,0.00551028,0
1506020798,21993296,3094.05,1.00000000,1
1506020798,21993295,3095.00,0.10000000,1
1506020798,21993294,3095.19,0.16977169,1
1506020797,21993293,3095.20,0.02471803,1
1506020794,21993289,3097.72,0.93307981,0
1506020794,21993288,3097.55,0.02736190,0
1506020793,21993287,3097.55,0.01433540,0
1506020793,21993285,3096.11,0.00560000,0
1506020790,21993276,3096.11,0.06440000,1
1506020785,21993259,3097.55,0.02730270,0
1506020784,21993258,3096.67,0.00054784,0
1506020784,21993253,3096.67,0.00945216,1
1506020783,21993249,3097.55,0.04100000,0
1506020781,21993234,3097.56,0.60514975,0
1506020779,21993228,3097.56,0.47640923,0
1506020779,21993224,3097.56,0.01357197,0
1506020778,21993218,3097.56,0.74341612,0
1506020777,21993215,3096.67,0.00945216,0
1506020774,21993204,3096.67,0.03221202,1
1506020774,21993201,3096.68,0.47856413,1
1506020774,21993200,3096.69,0.16977169,1
1506020764,21993162,3103.94,0.03124096,0
1506020754,21993125,3103.95,0.22976384,0
1506020754,21993122,3103.94,0.07107869,0
1506020752,21993118,3103.94,0.02892131,0
1506020744,21993104,3102.74,0.69085131,1
1506020739,21993095,3103.19,0.33353656,1
1506020734,21993092,3104.72,0.07482856,1
1506020721,21993082,3104.72,0.02353780,1
1506020720,21993080,3108.00,0.30000000,1
1506020704,21993078,3109.95,0.01505660,0
1506020687,21993075,3109.96,0.09271918,0
1506020685,21993072,3109.96,0.00705475,0
1506020685,21993071,3109.96,0.05609206,0
1506020681,21993069,3110.00,0.03200000,1
1506020678,21993065,3110.20,0.04000000,1
1506020656,21993036,3110.13,0.96337130,1
1506020654,21993032,3110.12,0.11000000,0
1506020641,21992982,3110.12,0.10552184,1
1506020640,21992981,3110.12,0.01989634,1
1506020639,21992980,3110.12,0.12000000,0
1506020624,21992974,3112.49,0.03018752,0
1506020593,21992943,3113.10,0.06341236,0
1506020555,21992926,3114.00,0.06340162,0
1506020541,21992921,3114.29,0.05915000,0
1506020525,21992910,3114.59,0.00321038,0
1506020477,21992880,3115.60,0.04322121,0
1506020465,21992879,3115.99,0.02945131,0
1506020453,21992876,3116.17,0.08211320,0
1506020446,21992870,3104.81,0.08249632,0
1506020444,21992869,3117.48,0.00897740,0
1506020415,21992863,3117.87,0.30910752,0
1506020410,21992862,3117.88,0.01916645,0
1506020408,21992859,3117.98,0.62886629,0
1506020406,21992857,3117.89,0.48487515,0
1506020338,21992813,3118.36,0.03166956,0
1506020312,21992790,3119.19,1.23780853,0
1506020312,21992789,3119.19,2.00000000,1
1506020311,21992788,3118.39,0.10768571,0
1506020311,21992787,3118.00,0.22661593,0
1506020310,21992785,3116.64,9.28000000,0
1506020310,21992784,3116.61,0.03000000,0
1506020308,21992783,3110.36,0.14000000,0
1506020295,21992776,3110.36,0.03529162,0
1506020290,21992771,3110.37,0.07853864,0
1506020285,21992766,3110.37,0.01488987,0
1506020281,21992762,3110.37,0.12963329,0
1506020262,21992750,3114.00,0.27068064,1
1506020259,21992749,3114.00,1.00000000,1
1506020210,21992707,3118.30,0.99863367,1
1506020205,21992706,3118.39,0.00440109,0
1506020202,21992704,3118.30,0.71037100,1
1506020199,21992698,3118.30,0.12242732,1
1506020191,21992690,3118.30,2.00000000,1
1506020186,21992687,3118.39,0.63780953,0
1506020182,21992686,3118.30,0.50000000,1
1506020172,21992681,3118.30,0.06690694,1
1506020171,21992680,3118.39,0.09016537,0
1506020168,21992679,3118.30,2.00000000,1
1506020166,21992674,3118.30,2.00000000,1
1506020166,21992673,3118.30,0.31716000,1
1506020163,21992672,3118.39,0.15993830,0
1506020162,21992671,3118.30,1.98468066,0
1506020155,21992666,3114.02,0.07979127,1
1506020143,21992661,3118.30,0.00270267,0
1506020120,21992660,3118.29,0.04796196,0
1506020118,21992658,3114.00,0.01000000,1
1506020105,21992653,3118.30,0.01261667,0
1506020095,21992651,3117.00,0.03173458,0
1506020093,21992650,3114.00,0.26812713,0
1506020085,21992649,3114.00,0.03105000,0
1506020084,21992648,3102.74,0.05530209,1
1506020064,21992638,3113.97,0.02590188,0
1506020064,21992637,3113.96,0.01434812,0
1506020046,21992622,3112.88,0.20000000,1
1506020045,21992620,3113.97,0.03103151,0
1506020037,21992617,3103.11,0.01000000,1
1506020033,21992616,3114.00,0.20145072,0
1506020031,21992615,3113.97,0.11333342,0
1506020004,21992613,3114.00,0.15777802,0
1506019993,21992611,3114.00,0.01518398,0
1506019993,21992610,3114.00,0.05696759,0
1506019987,21992608,3114.00,0.01513849,0
1506019981,21992601,3114.00,0.06329732,0
1506019979,21992599,3114.00,0.04693465,0
1506019979,21992598,3113.94,0.00270386,0
1506019953,21992596,3114.00,0.20587593,0
1506019950,21992595,3100.96,0.11603728,1
1506019945,21992594,3107.48,0.72802582,1
1506019944,21992593,3107.48,0.01000000,1
1506019933,21992589,3114.00,0.04042154,0
1506019933,21992588,3114.00,0.06360088,0
1506019932,21992586,3113.88,0.27501030,0
1506019931,21992585,3113.88,0.01602465,0
1506019928,21992583,3113.88,0.03203399,0
1506019925,21992582,3110.90,0.02953178,1
1506019923,21992581,3113.88,0.01052426,0
1506019915,21992576,3113.88,0.00640680,0
1506019904,21992568,3107.48,0.01000000,1
1506019874,21992549,3114.00,0.06334853,0
1506019874,21992548,3114.00,0.09463812,0
1506019874,21992546,3114.00,0.00340495,0
1506019873,21992545,3114.00,0.06335901,0
1506019872,21992544,3114.00,0.10062800,0
1506019872,21992543,3110.02,0.07843742,0
1506019847,21992525,3107.48,0.14838312,1
1506019846,21992524,3107.90,0.10161688,1
1506019817,21992512,3110.02,0.00673308,0
1506019817,21992511,3110.02,0.01282950,0
1506019811,21992508,3107.82,0.65000000,0
1506019811,21992507,3107.50,0.24838312,0
1506019805,21992502,3107.50,0.02953178,0
1506019805,21992501,3107.49,0.07972960,1
1506019804,21992498,3107.50,0.01264086,0
1506019799,21992491,3107.49,0.01286309,0
1506019747,21992459,3107.50,0.15539719,0
1506019744,21992456,3107.48,0.01000000,1
1506019740,21992453,3107.50,1.81427381,0
1506019740,21992452,3107.49,0.16000000,0
1506019739,21992451,3107.49,0.02572619,0
1506019733,21992450,3107.50,0.02185900,0
1506019728,21992447,3107.50,0.06499242,0
1506019727,21992446,3107.49,0.18000000,0
1506019727,21992445,3107.49,0.05145237,0
1506019714,21992441,3107.48,0.02081880,1
1506019704,21992437,3107.48,0.07277226,1
1506019686,21992426,3107.50,0.04475480,0
1506019686,21992425,3107.50,1.01428079,0
1506019685,21992424,3107.48,0.10290475,0
1506019680,21992419,3107.47,0.07809307,0
1506019648,21992396,3107.83,0.05683294,0
1506019648,21992395,3107.80,0.26225255,0
1506019642,21992392,3107.87,0.25000000,1
1506019638,21992390,3088.33,0.19995745,0
1506019637,21992389,3092.72,0.44000000,1
1506019637,21992385,3093.24,0.12396359,0
1506019637,21992384,3093.25,0.05107896,0
1506019635,21992382,3095.00,0.03500000,1
1506019630,21992379,3107.87,0.01782247,0
1506019628,21992378,3107.87,0.25000000,0
1506019621,21992370,3107.88,0.02456131,0
1506019621,21992368,3107.87,0.03000000,0
1506019602,21992357,3107.91,0.04631711,0
1506019591,21992351,3094.42,0.29521137,0
1506019591,21992350,3094.42,0.29532498,0
1506019585,21992337,3094.42,0.05000000,0
1506019580,21992332,3094.42,0.03223544,1
1506019552,21992300,3107.98,0.01684298,0
1506019508,21992169,3097.04,0.00628602,1
1506019508,21992168,3097.22,0.02561398,1
1506019504,21992163,3106.98,0.00884923,0
1506019503,21992162,3106.98,0.01425450,0
1506019502,21992158,3106.99,0.03921300,0
1506019487,21992109,3107.00,0.03393479,0
1506019487,21992108,3106.98,0.03231921,0
1506019485,21992107,3106.98,0.03388849,0
1506019480,21992103,3106.98,0.05379230,0
1506019425,21992048,3106.99,0.02835390,0
1506019406,21992021,3107.00,0.00896911,0
1506019403,21992017,3107.00,0.15140312,0
1506019398,21992014,3107.00,0.04808385,0
1506019345,21991995,3108.77,0.25043315,0
1506019345,21991994,3107.00,0.00576365,0
1506019345,21991993,3103.77,0.00207772,0
1506019328,21991987,3103.77,0.19178611,0
1506019287,21991965,3103.77,0.50000000,0
1506019286,21991964,3103.77,0.01550806,0
1506019284,21991962,3103.77,0.03018355,0
1506019278,21991961,3103.77,0.11260822,0
1506019265,21991959,3103.77,0.14783634,0
1506019241,21991952,3107.99,0.06049142,0
1506019218,21991946,3095.17,0.92346826,1
1506019218,21991945,3095.34,0.57000000,1
1506019217,21991944,3100.00,0.10549355,1
1506019217,21991943,3101.98,1.00000000,1
1506019217,21991942,3103.09,0.21250941,1
1506019215,21991941,3103.76,0.17320658,1
1506019204,21991935,3108.77,0.00962187,0
1506019203,21991931,3108.77,0.04306641,0
1506019202,21991929,3108.77,0.16043323,0
1506019202,21991928,3108.77,0.01259390,0
1506019125,21991917,3118.39,0.10833741,0
1506019104,21991911,3118.79,0.31311071,0
1506019096,21991907,3118.99,0.95588058,0
1506019064,21991876,3119.50,0.00896773,0
1506019063,21991873,3119.50,1.00000000,0
1506019046,21991859,3119.55,0.16581302,1
1506019045,21991856,3120.00,0.00100885,0
1506019045,21991855,3119.99,0.03000000,0
1506019042,21991853,3119.55,1.47398800,1
1506019042,21991852,3119.52,0.03197288,0
1506019042,21991851,3119.46,0.12822610,0
1506019024,21991839,3119.50,0.13921225,0
1506019012,21991833,3119.52,0.03197607,0
1506018998,21991824,3119.55,0.00787000,0
1506018972,21991803,3119.60,0.07206219,0
1506018972,21991801,3119.60,0.06476949,0
1506018965,21991785,3103.52,0.21508117,0
1506018965,21991784,3103.76,0.28160982,0
1506018963,21991775,3112.00,0.00330901,1
1506018955,21991770,3119.68,0.18564976,0
1506018925,21991762,3119.79,0.20000000,0
1506018913,21991759,3119.97,0.12594130,0
1506018912,21991758,3119.97,0.15736413,0
1506018904,21991755,3119.98,0.03078345,0
1506018894,21991751,3119.99,6.89717595,1
1506018894,21991750,3119.99,0.03676614,1
1506018894,21991749,3119.99,1.26042660,1
1506018881,21991739,3119.99,0.03000000,1
1506018868,21991733,3119.99,0.03000000,1
1506018863,21991728,3120.00,0.11976400,0
1506018861,21991714,3120.00,0.05108115,0
1506018861,21991710,3120.00,0.03198731,0
1506018860,21991700,3120.00,0.20000000,0
1506018855,21991687,3119.99,0.03000000,1
1506018851,21991684,3120.00,0.00159935,0
1506018844,21991680,3120.00,0.02701289,0
1506018841,21991679,3119.99,0.02000000,1
1506018835,21991674,3119.99,0.25249120,1
1506018828,21991671,3119.99,0.02000000,1
1506018826,21991670,3120.00,0.01489723,0
1506018821,21991668,3120.00,0.04028205,0
1506018819,21991667,3119.99,0.06641120,1
1506018818,21991666,3119.99,0.06641120,1
1506018815,21991665,3119.99,0.03000000,1
1506018802,21991663,3119.99,0.03000000,1
1506018797,21991661,3120.00,0.01566590,0
1506018789,21991660,3119.99,0.03000000,1
1506018775,21991654,3119.99,0.03000000,1
1506018775,21991653,3120.00,0.00456090,0
1506018766,21991651,3120.00,0.15462327,0
1506018762,21991650,3119.99,0.04000000,1
1506018759,21991649,3119.99,0.02476500,1
1506018749,21991631,3119.99,0.04000000,1
1506018746,21991628,3119.99,0.02676270,1
1506018745,21991627,3119.99,0.01989910,1
1506018744,21991626,3120.00,0.03054200,0
1506018743,21991625,3120.00,0.03017213,0
1506018736,21991574,3119.99,0.05000000,1
1506018725,21991572,3120.00,0.31267586,0
1506018723,21991568,3120.00,0.00917260,0
1506018723,21991565,3119.99,0.05000000,1
1506018722,21991562,3119.99,0.05813700,1
1506018709,21991548,3119.99,0.06000000,1
1506018696,21991544,3119.99,0.06000000,1
1506018693,21991543,3120.00,0.60446262,0
1506018684,21991542,3120.00,0.01124600,0
1506018683,21991541,3119.99,0.07000000,1
1506018680,21991540,3120.00,0.03535780,0
1506018674,21991539,3119.99,0.30000000,1
1506018673,21991538,3119.99,1.00000000,1
1506018672,21991537,3120.00,0.00339229,0
1506018670,21991536,3119.99,0.08000000,1
1506018668,21991533,3119.99,0.05941400,1
1506018659,21991525,3119.99,1.00000000,1
1506018657,21991522,3119.99,0.09000000,1
1506018643,21991511,3119.99,0.10000000,1
1506018640,21991506,3119.99,1.00000000,1
1506018633,21991497,3120.00,0.07880757,0
1506018633,21991496,3120.00,0.16025641,0
1506018630,21991487,3119.99,0.11000000,1
1506018624,21991480,3120.00,0.01957155,0
1506018620,21991478,3120.00,0.08018410,0
1506018617,21991473,3119.99,0.12000000,1
1506018617,21991471,3119.99,0.02187700,1
1506018615,21991470,3119.99,0.03440500,1
1506018612,21991463,3120.00,0.22799753,0
1506018612,21991462,3120.00,0.68107431,0
1506018612,21991461,3120.00,1.43557137,0
1506018606,21991451,3120.00,0.01554871,0
1506018604,21991446,3119.99,0.14000000,1
1506018602,21991444,3119.99,4.74900000,1
1506018591,21991438,3119.99,0.15000000,1
1506018588,21991436,3120.00,0.01000090,0
1506018587,21991433,3120.00,0.15482881,0
1506018586,21991432,3120.00,0.04771511,0
1506018581,21991426,3120.00,0.07968240,0
1506018579,21991423,3120.00,0.05080310,0
1506018577,21991420,3119.99,0.17000000,1
1506018576,21991415,3120.00,0.01617000,0
1506018567,21991406,3119.97,0.18000000,0
1506018563,21991402,3119.97,0.02237842,0
1506018563,21991400,3119.97,0.09025000,0
1506018561,21991398,3119.97,0.00317000,0
1506018547,21991384,3119.99,0.03384990,0
1506018536,21991366,3120.00,0.66542557,0
1506018533,21991364,3120.00,0.22506852,0
1506018531,21991361,3119.97,0.05000000,0
1506018531,21991359,3119.97,0.24000000,0
1506018524,21991357,3120.00,0.11948796,0
1506018524,21991356,3119.98,0.38367041,0
1506018524,21991355,3119.00,0.27870232,0
1506018517,21991340,3119.00,0.22129768,0
1506018503,21991332,3086.45,0.87723084,1
1506018503,21991329,3088.29,0.09000000,1
1506018503,21991327,3089.37,0.16036474,1
1506018503,21991324,3090.00,0.50000000,1
1506018502,21991322,3090.00,0.05000000,1
1506018502,21991320,3090.00,0.50000000,1
1506018502,21991317,3094.62,11.00000000,1
1506018502,21991314,3094.66,0.48008194,1
1506018502,21991312,3094.67,0.75000000,1
1506018502,21991310,3100.00,0.20000000,1
1506018502,21991308,3102.00,0.50000000,1
1506018502,21991306,3102.06,0.09000000,1
1506018502,21991304,3102.06,0.44000000,1
1506018501,21991301,3104.49,0.87251000,1
1506018501,21991299,3106.33,0.12237600,1
1506018501,21991297,3106.50,0.50000000,1
1506018501,21991295,3106.60,2.00000000,1
1506018501,21991293,3110.00,0.80000000,1
1506018501,21991290,3111.04,1.32358985,1
1506018481,21991276,3119.98,0.09303766,0
1506018476,21991271,3119.98,0.20302373,0
1506018473,21991266,3119.98,0.07105907,0
1506018467,21991261,3119.98,0.24920913,0
1506018425,21991232,3111.03,0.04056590,1
1506018414,21991218,3120.00,0.16512179,0
1506018412,21991217,3119.99,0.18000000,0
1506018403,21991177,3119.99,0.01503092,0
1506018401,21991169,3119.98,0.07287554,0
1506018399,21991166,3119.00,0.36012446,0
1506018391,21991165,3119.00,0.03606284,0
1506018385,21991163,3119.00,0.09589436,0
1506018371,21991158,3119.00,0.02068270,0
1506018365,21991151,3119.00,0.15535433,0
1506018363,21991146,3119.00,0.15432946,0
1506018352,21991136,3119.00,0.04492280,0
1506018352,21991135,3118.98,0.67000000,0
1506018352,21991134,3118.97,0.07210591,0
1506018345,21991126,3118.97,0.02562387,0
1506018344,21991124,3118.97,0.03200000,0
1506018327,21991102,3118.97,0.32404991,0
1506018326,21991100,3118.97,0.10611357,0
1506018304,21991067,3118.97,0.09256271,0
1506018304,21991062,3110.73,0.00027620,1
1506018304,21991061,3118.80,0.07972960,1
1506018298,21991050,3118.97,0.33601341,0
1506018285,21991040,3118.97,0.05588728,0
1506018264,21991022,3118.97,0.00003345,0
1506018264,21991021,3118.80,0.06042947,0
1506018251,21991017,3118.80,0.01681737,0
1506018244,21991013,3110.40,0.02145300,0
1506018235,21991008,3118.80,0.09769480,0
1506018226,21991006,3118.80,0.23394441,0
1506018219,21991003,3110.20,0.00005846,1
1506018219,21991002,3110.21,0.08346224,1
1506018209,21990998,3118.80,0.04111395,0
1506018183,21990976,3118.97,0.06046292,0
1506018164,21990971,3118.99,0.02215000,0
1506018127,21990947,3119.00,0.13262905,0
1506018127,21990946,3118.87,0.17227303,0
1506018126,21990944,3109.90,2.07447136,1
1506018126,21990943,3109.91,1.01946100,1
1506018123,21990940,3109.90,0.20616171,1
1506018121,21990939,3109.81,0.02530490,1
1506018120,21990936,3109.87,0.11236500,1
1506018075,21990925,3118.99,0.06360373,1
1506018075,21990923,3118.99,0.06211627,0
1506018074,21990922,3118.99,0.00341398,0
1506018037,21990916,3106.70,0.01385070,1
1506018036,21990915,3106.70,0.01385070,1
1506018018,21990907,3108.04,0.02705390,1
1506018009,21990896,3106.51,0.03824344,1
1506017991,21990886,3106.33,0.07762400,1
1506017990,21990885,3107.85,0.02705373,1
1506017990,21990884,3112.00,0.00229857,1
1506017984,21990863,3120.00,0.03816025,0
1506017984,21990845,3119.99,0.21000000,1
1506017983,21990818,3119.98,0.37765948,1
1506017982,21990816,3119.98,0.01360975,0
1506017980,21990815,3119.99,0.00531187,0
1506017976,21990809,3119.99,0.05914442,0
1506017963,21990798,3119.99,0.15892155,0
1506017963,21990797,3118.99,0.01627632,0
1506017940,21990775,3119.00,0.09594421,0
1506017939,21990774,3119.00,0.07925366,0
1506017939,21990773,3118.95,0.01283125,0
1506017939,21990772,3118.93,0.25162519,0
1506017938,21990771,3118.90,0.03255264,0
1506017926,21990761,3118.95,0.06396383,0
1506017917,21990755,3118.99,0.03000000,0
1506017914,21990752,3112.00,0.00770143,1
1506017914,21990751,3112.50,0.06411245,1
1506017914,21990750,3117.91,0.00410000,1
1506017884,21990727,3117.91,0.03120247,0
1506017872,21990721,3117.91,0.00383000,0
1506017857,21990700,3120.00,1.00397687,0
1506017857,21990699,3118.96,0.00000003,0
1506017857,21990698,3117.42,0.25574242,0
1506017857,21990697,3117.41,0.25000000,0
1506017857,21990696,3112.66,0.01000000,0
1506017856,21990695,3112.00,0.01156500,0
1506017844,21990691,3112.00,0.28843500,1
1506017839,21990683,3112.00,0.01156500,0
1506017826,21990665,3112.00,0.16026671,0
1506017825,21990658,3112.00,0.49491199,0
1506017819,21990649,3100.30,0.20129089,1
1506017819,21990648,3100.30,0.73264095,1
1506017808,21990632,3099.63,0.02135430,1
1506017807,21990622,3099.60,0.20944240,0
1506017807,21990620,3099.60,0.09055760,0
1506017802,21990612,3099.00,7.35018525,0
1506017777,21990573,3099.00,0.28533980,0
1506017764,21990565,3099.00,0.02868900,0
1506017761,21990561,3099.00,0.00643756,0
1506017751,21990545,3099.00,2.00000000,0
1506017741,21990539,3099.00,0.17695919,0
1506017741,21990538,3098.99,0.31000000,0
1506017741,21990537,3098.91,0.13572108,0
1506017685,21990491,3098.91,0.14025899,0
1506017683,21990490,3098.89,0.18259538,0
1506017679,21990487,3098.89,0.03219217,0
1506017677,21990485,3098.89,0.00643779,0
1506017660,21990473,3098.91,0.02401993,0
1506017652,21990464,3095.00,0.03680257,0
1506017652,21990462,3095.00,0.28645753,0
1506017584,21990391,3093.99,0.00967036,0
1506017564,21990376,3094.00,0.01960029,0
1506017534,21990361,3084.55,0.01150000,1
1506017526,21990360,3093.50,0.04652335,0
1506017524,21990359,3093.49,0.02763829,0
1506017504,21990355,3093.49,0.01160222,0
1506017468,21990346,3093.49,0.04689425,0
1506017459,21990339,3093.49,0.01612095,0
1506017417,21990305,3093.49,0.35850377,0
1506017417,21990304,3093.48,0.14149623,0
1506017387,21990286,3093.38,0.02985419,0
1506017386,21990285,3093.38,0.02225000,0
1506017384,21990284,3081.64,0.01585891,1
1506017346,21990251,3093.43,0.07416363,0
1506017341,21990241,3093.45,0.27000000,0
1506017341,21990240,3093.42,1.00000000,0
1506017324,21990232,3082.00,1.34705063,0
1506017324,21990231,3082.00,0.36071964,0
1506017323,21990230,3082.00,0.01547258,0
1506017321,21990228,3082.00,0.19100000,0
1506017318,21990226,3082.00,0.28164179,1
1506017318,21990225,3082.12,0.08543934,1
1506017318,21990224,3082.15,0.20538439,1
1506017305,21990213,3093.76,0.20538439,0
1506017280,21990185,3082.00,0.26285336,0
1506017280,21990184,3082.21,0.21000000,1
1506017280,21990183,3082.41,0.51642656,1
1506017280,21990182,3082.54,0.21798230,1
1506017280,21990181,3082.61,1.00000000,1
1506017263,21990167,3093.99,0.02431447,0
1506017248,21990157,3081.98,0.01611309,1
1506017243,21990142,3081.80,0.54000000,1
1506017225,21990110,3094.00,0.35407361,0
1506017225,21990109,3093.99,0.27658704,0
1506017219,21990098,3081.30,1.25277136,0
1506017219,21990097,3088.00,0.10000000,1
1506017217,21990081,3090.00,0.01253024,1
1506017217,21990077,3090.00,0.10082700,1
1506017203,21990017,3093.99,0.06400412,0
1506017196,21990012,3094.97,0.30000000,0
1506017169,21989978,3090.00,0.03266160,1
1506017168,21989977,3094.97,0.04864344,0
1506017166,21989976,3094.95,0.01581610,0
1506017146,21989966,3094.97,0.03088938,0
1506017146,21989965,3094.97,0.03163220,0
1506017140,21989955,3090.00,1.28609951,1
1506017140,21989954,3090.00,0.15000000,1
1506017140,21989953,3090.02,0.06390049,1
1506017129,21989944,3094.97,0.01923600,0
1506017103,21989930,3094.97,0.01225000,0
1506017094,21989924,3094.34,0.01611975,0
1506017052,21989906,3095.00,0.01828471,0
1506017043,21989902,3094.99,0.01611309,0
1506017041,21989900,3090.38,0.16352070,1
1506017034,21989897,3090.37,0.09555142,1
1506017034,21989896,3095.00,0.18992176,0
1506017034,21989894,3094.97,0.19683106,0
1506017028,21989886,3090.77,0.09135017,1
1506017020,21989883,3095.00,0.23474431,1
1506017020,21989882,3095.00,0.25803013,1
1506017019,21989878,3095.00,0.33516500,1
1506017016,21989869,3095.00,0.33505800,1
1506017015,21989867,3095.00,0.33481800,1
1506017001,21989851,3095.00,0.09933480,1
1506016998,21989848,3098.29,0.00965694,0
1506016941,21989823,3098.91,0.09122672,0
1506016904,21989809,3098.79,0.03032698,0
1506016884,21989800,3098.95,0.01556338,0
1506016882,21989798,3098.99,0.03657640,0
1506016882,21989797,3098.87,0.02053820,0
1506016866,21989788,3098.88,0.01509719,0
1506016847,21989775,3096.17,0.00589220,1
1506016847,21989774,3096.18,0.02200000,1
1506016845,21989773,3098.81,0.00901378,0
1506016844,21989772,3098.84,0.06241365,0
1506016832,21989766,3096.17,0.02705470,1
1506016815,21989755,3099.00,0.02238920,1
1506016815,21989754,3099.99,2.00000000,1
1506016773,21989728,3099.00,0.02761080,1
1506016752,21989721,3104.06,0.08363015,0
1506016750,21989719,3097.51,0.04291673,0
1506016719,21989699,3096.25,0.03300000,0
1506016677,21989687,3107.89,0.09628719,0
1506016643,21989668,3110.18,0.12582536,0
1506016643,21989667,3105.11,0.03212125,0
1506016640,21989665,3095.60,0.02346768,1
1506016635,21989661,3104.95,0.02087956,0
1506016629,21989657,3100.00,0.07485286,1
1506016627,21989655,3105.03,0.07589333,0
1506016626,21989653,3105.03,0.24050541,0
1506016626,21989652,3105.03,0.05825498,0
