date,tid,price,amount,type
1506038454,22014392,3616.77,0.01018800,0
1506038452,22014390,3616.78,0.00899445,0
1506038402,22014380,3607.83,0.06350000,1
1506038395,22014376,3617.05,0.00358101,0
1506038388,22014375,3617.05,0.00437093,0
1506038388,22014374,3617.05,0.39689170,0
1506038379,22014373,3615.78,1.54400560,1
1506038378,22014372,3616.98,0.58219288,0
1506038370,22014371,3617.00,0.81957360,1
1506038354,22014369,3617.00,0.25000000,1
1506038350,22014368,3621.08,0.00524962,0
1506038348,22014367,3621.08,0.00531199,0
1506038336,22014366,3621.14,0.40495227,0
1506038291,22014363,3617.00,0.00500000,1
1506038285,22014360,3617.00,0.28542640,1
1506038260,22014350,3621.42,0.16232300,0
1506038227,22014335,3615.61,2.75860000,1
1506038216,22014331,3615.59,1.69830771,1
1506038215,22014330,3615.59,1.05889229,1
1506038213,22014329,3616.80,0.01113691,1
1506038129,22014314,3616.81,0.18046016,0
1506038061,22014296,3616.80,2.63664000,1
1506038042,22014290,3626.86,0.02750313,0
1506038031,22014283,3618.00,0.03873668,0
1506038025,22014282,3616.77,0.00500000,1
1506038009,22014280,3628.31,0.15100000,0
1506038009,22014279,3623.00,0.18400000,0
1506038009,22014278,3621.93,0.01000000,0
1506038004,22014277,3616.77,2.68880000,1
1506037998,22014276,3621.67,2.76550000,0
1506037992,22014275,3618.00,1.96550000,0
1506037991,22014274,3618.00,0.80000000,0
1506037988,22014273,3618.00,2.23450000,0
1506037988,22014272,3617.99,2.76550000,0
1506037926,22014261,3615.10,2.76310000,0
1506037919,22014260,3617.58,0.98740000,0
1506037910,22014258,3618.96,0.12850000,0
1506037909,22014257,3618.91,0.87150000,0
1506037909,22014256,3615.00,0.47932320,0
1506037901,22014246,3615.00,3.24027544,0
1506037891,22014245,3615.00,0.14960711,0
1506037891,22014244,3613.16,2.76430000,0
1506037889,22014242,3610.00,1.00920876,0
1506037881,22014241,3613.12,0.11760477,0
1506037869,22014236,3604.55,1.53170148,1
1506037866,22014230,3601.30,0.00275248,0
1506037862,22014218,3600.00,0.34303662,0
1506037861,22014217,3600.00,7.80000000,0
1506037861,22014216,3600.00,0.16000000,1
1506037860,22014215,3600.04,0.87150000,1
1506037860,22014214,3601.26,0.27000000,1
1506037860,22014213,3601.30,2.00000000,1
1506037860,22014212,3603.08,0.16497000,1
1506037860,22014211,3603.16,0.01462159,1
1506037860,22014210,3604.65,0.02000000,1
1506037860,22014209,3606.94,3.32666344,1
1506037860,22014208,3606.95,0.02920835,1
1506037842,22014205,3614.91,0.19935934,0
1506037842,22014204,3613.52,0.13700000,0
1506037841,22014202,3606.94,0.90091656,1
1506037840,22014201,3606.94,3.22758344,1
1506037840,22014200,3607.05,0.87150000,1
1506037825,22014197,3607.45,3.93448870,1
1506037825,22014196,3607.48,1.00000000,1
1506037824,22014195,3610.00,0.06551130,1
1506037823,22014193,3610.00,0.58108870,1
1506037821,22014192,3613.55,0.00141130,1
1506037812,22014190,3615.00,0.03079425,0
1506037805,22014188,3615.00,1.00000000,1
1506037805,22014187,3615.00,0.10000000,1
1506037760,22014181,3623.03,0.03638146,0
1506037758,22014179,3615.14,2.69720000,0
1506037757,22014178,3615.14,0.02000000,0
1506037749,22014177,3615.29,1.47100000,1
1506037749,22014176,3615.29,1.77000000,1
1506037743,22014171,3622.88,0.00587591,0
1506037743,22014170,3622.00,0.02770000,0
1506037743,22014166,3615.21,1.75900000,1
1506037725,22014159,3615.12,0.01990000,1
1506037718,22014155,3615.10,0.01000000,1
1506037703,22014154,3622.95,0.02910656,0
1506037687,22014133,3610.10,0.26921433,1
1506037682,22014128,3623.00,0.00607315,0
1506037680,22014125,3622.99,0.00595956,0
1506037679,22014124,3611.90,0.00500000,1
1506037676,22014120,3611.87,0.25677727,1
1506037668,22014119,3624.41,0.06921919,0
1506037667,22014117,3624.46,0.72100000,0
1506037667,22014116,3624.43,0.10000000,0
1506037661,22014115,3611.81,0.10000000,1
1506037657,22014114,3612.82,0.14959000,0
1506037654,22014113,3624.54,0.09997164,0
1506037654,22014112,3624.52,4.00000000,0
1506037643,22014108,3613.70,2.90853885,1
1506037642,22014106,3613.70,1.09146115,1
1506037640,22014105,3624.24,2.23342273,1
1506037639,22014104,3624.24,1.00000000,0
1506037635,22014099,3613.00,0.30728415,0
1506037635,22014098,3613.72,0.64150000,1
1506037634,22014097,3613.72,0.23000000,1
1506037620,22014092,3616.00,0.18400000,1
1506037611,22014090,3613.99,0.16018429,1
1506037610,22014089,3611.90,2.08939553,0
1506037610,22014088,3611.90,0.99033447,0
1506037610,22014087,3611.90,0.87150000,0
1506037609,22014086,3611.92,0.50000000,1
1506037609,22014085,3612.87,0.14877000,1
1506037609,22014084,3613.50,0.10000000,1
1506037609,22014083,3622.00,0.13981571,1
1506037602,22014082,3622.00,0.70000000,1
1506037600,22014081,3622.00,0.07975605,1
1506037600,22014080,3622.00,0.08042824,1
1506037590,22014073,3622.00,2.75390000,1
1506037590,22014072,3622.05,0.87150000,1
1506037546,22014055,3627.55,0.96486685,0
1506037545,22014054,3627.10,0.01000000,0
1506037545,22014053,3627.00,0.06800000,0
1506037526,22014035,3625.01,2.75910000,1
1506037505,22014031,3625.00,0.95000000,1
1506037492,22014029,3625.00,0.05000000,1
1506037473,22014028,3627.58,0.68788979,0
1506037473,22014027,3627.55,0.12000000,0
1506037472,22014026,3627.10,0.00711021,0
1506037464,22014024,3627.09,0.54350000,0
1506037464,22014023,3625.50,2.75380000,0
1506037459,22014022,3627.10,0.00405523,0
1506037458,22014021,3621.42,0.89959005,1
1506037457,22014020,3621.50,0.10000000,1
1506037455,22014017,3624.65,3.15082127,0
1506037446,22014016,3624.65,0.25593367,0
1506037445,22014015,3624.65,1.84917873,0
1506037445,22014013,3624.00,3.15082127,0
1506037431,22014010,3622.96,2.75200000,1
1506037418,22014009,3627.58,0.08030571,0
1506037387,22014007,3630.70,0.02500000,0
1506037368,22014005,3630.74,0.36900000,0
1506037358,22014004,3630.71,0.09066271,0
1506037357,22014003,3630.71,0.00167042,0
1506037350,22013999,3630.71,2.00500000,0
1506037332,22013995,3630.74,0.01074817,0
1506037331,22013994,3630.74,0.08540132,0
1506037328,22013993,3630.74,1.09035669,0
1506037328,22013992,3630.73,0.08681161,0
1506037325,22013991,3630.73,0.06318839,0
1506037319,22013988,3630.74,2.15678027,0
1506037319,22013987,3630.73,0.15000000,0
1506037319,22013986,3630.00,0.05600000,0
1506037318,22013985,3630.00,0.06780417,0
1506037318,22013984,3629.95,0.88593500,0
1506037318,22013983,3629.00,0.01742913,0
1506037314,22013982,3629.00,1.14029011,0
1506037309,22013981,3629.00,2.40500000,0
1506037300,22013975,3629.00,0.43728076,0
1506037300,22013974,3628.90,0.36755827,0
1506037300,22013973,3628.85,2.75230000,0
1506037300,22013972,3628.03,1.44286097,0
1506037290,22013970,3628.04,1.16910000,0
1506037269,22013967,3621.67,0.00827333,1
1506037260,22013965,3621.59,0.11042491,1
1506037250,22013961,3621.54,0.07623993,1
1506037230,22013954,3625.10,0.00294057,1
1506037230,22013953,3625.11,0.24168483,1
1506037229,22013952,3625.11,0.11924464,1
1506037228,22013951,3625.11,0.25417652,1
1506037228,22013950,3625.11,0.71733007,1
1506037203,22013942,3629.95,0.05391500,0
1506037203,22013941,3629.93,0.01000000,0
1506037184,22013916,3629.95,0.95000000,0
1506037180,22013913,3629.95,5.25000000,0
1506037150,22013902,3629.94,0.07331994,0
1506037149,22013901,3629.94,0.03326634,0
1506037145,22013900,3629.94,0.02528141,0
1506037137,22013896,3629.93,1.73459174,0
1506037137,22013895,3629.93,0.87150000,0
1506037137,22013894,3626.97,2.03220544,0
1506037136,22013893,3625.10,0.01316945,0
1506037113,22013873,3625.04,0.03300000,0
1506037090,22013868,3623.14,0.06882704,0
1506037050,22013864,3621.07,0.04416664,1
1506037050,22013863,3621.07,2.53479000,1
1506037048,22013862,3620.00,1.00000000,0
1506037048,22013861,3617.64,0.67081000,0
1506037036,22013858,3613.62,0.00966553,1
1506037000,22013856,3619.49,1.07002920,0
1506036987,22013838,3619.34,0.35899601,0
1506036986,22013836,3619.31,0.18436797,0
1506036981,22013827,3620.12,0.00657245,0
1506036981,22013826,3620.00,0.02000000,0
1506036975,22013824,3619.98,0.04452823,0
1506036973,22013818,3613.12,0.10000000,1
1506036946,22013809,3617.26,0.03823000,1
1506036946,22013808,3613.23,2.23014137,0
1506036944,22013807,3613.23,2.76540000,0
1506036942,22013806,3612.72,0.08436797,1
1506036936,22013784,3616.97,2.74038737,0
1506036932,22013783,3616.98,0.02071263,1
1506036927,22013781,3617.77,0.83595583,0
1506036927,22013780,3617.77,0.14981743,0
1506036926,22013779,3617.78,0.35897741,0
1506036926,22013778,3617.78,0.21679586,0
1506036926,22013777,3617.78,0.29396883,0
1506036924,22013776,3617.78,0.12923187,0
1506036917,22013763,3613.24,0.68130732,1
1506036915,22013751,3617.00,0.01000000,0
1506036915,22013748,3616.98,0.15000000,0
1506036915,22013747,3616.98,0.32805461,0
1506036903,22013693,3612.40,0.54870970,0
1506036890,22013677,3612.48,2.75910000,1
1506036882,22013674,3615.84,0.04391720,1
1506036872,22013673,3618.00,0.94747413,1
1506036872,22013672,3618.14,0.36623061,1
1506036870,22013670,3618.14,2.16738887,1
1506036868,22013669,3617.06,4.00000000,0
1506036868,22013668,3617.00,0.00863771,0
1506036818,22013661,3614.33,0.20020129,1
1506036818,22013660,3614.33,0.11630583,1
1506036818,22013659,3614.33,0.40040562,1
1506036812,22013657,3617.59,0.03793686,1
1506036811,22013656,3614.27,0.01090983,1
1506036802,22013646,3617.46,2.76400000,0
1506036793,22013645,3617.47,0.87150000,0
1506036785,22013644,3617.38,0.12684595,0
1506036755,22013623,3617.44,0.03800000,0
1506036697,22013614,3606.94,0.99999656,1
1506036697,22013613,3609.00,0.00000344,1
1506036697,22013612,3609.09,2.25230000,1
1506036696,22013611,3609.09,1.74770000,1
1506036693,22013610,3609.08,1.00000000,1
1506036687,22013608,3609.01,0.13812099,1
1506036684,22013605,3609.00,0.15515656,1
1506036683,22013601,3609.01,0.42084672,1
1506036681,22013598,3609.01,0.13504000,1
1506036680,22013596,3609.01,0.52850000,1
1506036672,22013591,3618.66,2.10965832,1
1506036672,22013590,3618.61,0.89900000,0
1506036671,22013589,3615.65,0.16000000,0
1506036671,22013588,3615.54,0.91343168,0
1506036671,22013587,3612.32,0.14549000,0
1506036670,22013585,3609.00,4.00000000,1
1506036670,22013584,3608.99,0.07242000,0
1506036668,22013583,3608.99,0.22758000,0
1506036668,22013582,3608.73,4.00000000,0
1506036660,22013579,3604.01,0.63244172,1
1506036654,22013570,3604.00,0.35755827,1
1506036652,22013569,3603.49,0.01000000,0
1506036650,22013568,3599.98,0.65110940,1
1506036648,22013567,3603.48,0.09135613,0
1506036646,22013566,3603.08,0.00549230,0
1506036622,22013563,3596.35,1.07957495,0
1506036620,22013562,3598.11,0.00246955,0
1506036619,22013561,3598.11,0.00584593,0
1506036619,22013560,3598.11,0.00831548,0
1506036608,22013557,3594.04,0.01300000,1
1506036604,22013554,3594.04,15.75044824,1
1506036604,22013553,3594.06,0.87150000,1
1506036604,22013552,3594.50,0.25000000,1
1506036603,22013551,3595.63,0.06149176,1
1506036603,22013550,3595.63,0.29126000,1
1506036603,22013549,3598.08,2.77530000,1
1506036570,22013539,3595.85,1.77893701,1
1506036570,22013538,3595.87,0.87150000,1
1506036564,22013535,3598.06,0.00180000,0
1506036562,22013534,3596.32,0.20000000,1
1506036561,22013533,3596.32,0.04000000,1
1506036560,22013532,3596.32,0.01000000,1
1506036549,22013529,3598.07,2.34838351,1
1506036548,22013528,3598.07,0.26583882,1
1506036548,22013527,3598.07,0.15867767,1
1506036539,22013517,3600.00,1.91875806,1
1506036538,22013516,3600.00,0.01000000,1
1506036538,22013515,3600.00,0.99801007,1
1506036537,22013514,3600.00,0.03845300,1
1506036529,22013513,3600.00,0.07984828,1
1506036529,22013512,3600.10,0.02015172,1
1506036528,22013510,3600.10,0.02432467,1
1506036527,22013509,3600.10,0.19165548,1
1506036514,22013506,3603.55,0.00500000,0
1506036512,22013505,3600.10,0.01386813,1
1506036475,22013495,3607.00,0.17009000,1
1506036466,22013494,3607.00,0.10000000,1
1506036465,22013493,3611.28,1.00000000,0
1506036453,22013491,3614.74,0.12850000,0
1506036453,22013490,3614.70,0.87150000,0
1506036449,22013489,3611.46,0.02430418,0
1506036448,22013488,3611.46,0.00533214,0
1506036447,22013487,3610.69,0.03200000,0
1506036445,22013486,3611.42,0.38638000,0
1506036443,22013485,3614.72,0.32488341,0
1506036443,22013484,3613.66,0.06149659,0
1506036442,22013483,3613.66,0.29126000,0
1506036442,22013481,3613.39,0.01000000,0
1506036442,22013480,3611.47,0.08512000,0
1506036441,22013479,3611.48,0.40000000,1
1506036441,22013478,3611.48,0.38638000,1
1506036436,22013477,3611.48,0.01362000,1
1506036432,22013475,3610.70,3.24248708,0
1506036428,22013474,3608.57,0.02700000,0
1506036428,22013473,3607.12,2.41864292,0
1506036427,22013472,3607.97,0.34985708,1
1506036416,22013471,3607.13,2.77460000,0
1506036414,22013470,3607.00,0.40000000,0
1506036406,22013466,3600.21,0.08340000,1
1506036397,22013457,3607.00,0.10000000,0
1506036372,22013448,3606.97,0.01012693,0
1506036364,22013447,3599.49,0.84000000,1
1506036364,22013446,3599.50,0.16000000,1
1506036363,22013445,3606.97,0.08019100,0
1506036353,22013441,3606.98,0.48989956,0
1506036350,22013440,3606.99,0.40282365,0
1506036350,22013439,3606.98,0.31700000,0
1506036343,22013436,3600.18,0.35763441,1
1506036340,22013435,3606.00,1.00000000,1
1506036331,22013432,3605.13,0.58263640,1
1506036330,22013431,3605.00,0.35715396,1
1506036330,22013429,3605.00,0.08159000,1
1506036329,22013428,3605.00,0.05819459,0
1506036319,22013419,3603.74,0.03043343,0
1506036314,22013418,3598.61,0.22896050,0
1506036295,22013415,3595.79,0.53329720,1
1506036279,22013408,3594.04,0.01000000,1
1506036271,22013407,3594.04,0.09857683,1
1506036271,22013406,3594.05,0.18000000,1
1506036263,22013404,3598.61,0.02079672,0
1506036261,22013403,3596.29,0.01000000,0
1506036249,22013397,3594.04,0.10341391,1
1506036248,22013396,3595.48,0.02199681,1
1506036247,22013395,3595.51,0.03762700,1
1506036239,22013384,3594.04,0.50241910,1
1506036238,22013383,3594.05,0.24257390,1
1506036228,22013374,3599.05,0.04100000,0
1506036227,22013373,3594.04,0.02082743,1
1506036225,22013370,3596.82,0.24257390,0
1506036224,22013369,3596.00,0.00742610,0
1506036218,22013366,3594.04,5.00000000,1
1506036205,22013358,3594.04,19.80000000,1
1506036204,22013356,3594.04,0.04496182,1
1506036202,22013355,3596.29,0.02965154,0
1506036200,22013354,3596.29,3.40319858,0
1506036191,22013351,3598.61,0.27636830,0
1506036172,22013339,3599.50,0.49868021,0
1506036171,22013338,3598.96,0.00552401,0
1506036170,22013336,3598.87,0.72363170,0
1506036154,22013298,3595.89,0.89000000,0
1506036152,22013297,3596.01,1.00000000,1
1506036149,22013291,3594.04,17.16060034,1
1506036149,22013289,3594.05,0.19000000,1
1506036149,22013287,3594.07,0.87150000,1
1506036149,22013285,3595.15,0.03189966,1
1506036149,22013284,3596.00,0.04600000,1
1506036126,22013267,3600.00,0.11144370,1
1506036125,22013266,3600.00,0.01000000,0
1506036125,22013265,3600.00,0.00601222,0
1506036114,22013260,3597.93,0.13080292,1
1506036114,22013259,3598.00,0.04600000,1
1506036114,22013258,3599.00,0.02000000,1
1506036114,22013257,3599.00,0.03502000,1
1506036114,22013256,3599.20,0.01000000,1
1506036114,22013255,3599.34,0.04724039,1
1506036110,22013252,3600.00,0.00398778,0
1506036092,22013244,3599.99,0.28119164,0
1506036065,22013238,3599.34,0.00275961,1
1506036063,22013237,3601.62,0.07974200,0
1506036051,22013236,3600.00,1.00000000,1
1506036051,22013234,3600.00,0.45276673,1
1506036051,22013233,3600.07,0.01000000,1
1506036039,22013229,3605.57,0.01793356,0
1506036012,22013211,3603.84,0.12921116,0
1506036011,22013210,3605.00,0.00478500,1
1506036006,22013208,3600.00,0.54723327,1
1506036006,22013207,3600.00,0.00826000,1
1506036006,22013206,3600.00,0.10000000,1
1506036006,22013205,3600.00,0.08000000,1
1506036005,22013204,3600.00,0.04600000,1
1506036005,22013203,3600.00,0.13575673,1
1506036005,22013202,3600.00,0.00500000,1
1506036005,22013201,3600.00,0.20000000,1
1506036005,22013200,3600.00,0.00625000,1
1506036005,22013199,3600.04,0.14398995,1
1506036005,22013198,3600.04,0.72751005,1
1506036003,22013197,3603.88,0.00737000,0
1506036001,22013196,3600.04,0.14398995,1
1506036001,22013195,3600.99,0.08751482,1
1506036001,22013194,3601.00,0.00528805,1
1506036001,22013193,3602.00,0.02200000,1
1506036001,22013192,3602.00,0.04600000,1
1506035991,22013191,3603.44,0.10000000,1
1506035987,22013190,3604.00,0.01684932,0
1506035984,22013188,3604.00,0.04600000,1
1506035977,22013187,3605.00,0.05000000,1
1506035976,22013186,3605.00,0.95453010,1
1506035973,22013184,3609.22,0.00529051,0
1506035972,22013183,3609.22,0.00611742,0
1506035972,22013182,3607.93,0.00000064,0
1506035971,22013181,3607.93,0.13734336,1
1506035967,22013180,3610.00,0.90855000,1
1506035967,22013179,3610.00,0.93000000,1
1506035967,22013178,3610.00,0.90855000,1
1506035943,22013174,3612.04,0.49570386,1
1506035939,22013172,3610.60,1.14855000,1
1506035939,22013171,3610.60,0.94855000,1
1506035939,22013170,3610.60,0.94855000,1
1506035939,22013169,3610.61,4.00000000,1
1506035933,22013167,3613.28,0.01322338,0
1506035932,22013166,3613.28,2.02687662,1
1506035931,22013165,3613.40,2.75990000,1
1506035931,22013162,3614.95,0.15923297,0
1506035918,22013160,3613.30,0.08773977,1
1506035873,22013144,3613.28,0.04600000,1
1506035861,22013143,3613.28,1.23980000,1
1506035861,22013142,3613.32,1.15190000,1
1506035860,22013141,3613.32,1.60830000,1
1506035860,22013140,3613.39,1.00000000,1
1506035849,22013130,3613.28,0.04587338,1
1506035845,22013122,3613.36,0.01000000,1
1506035839,22013111,3618.78,0.34859262,0
1506035839,22013110,3618.78,1.83809782,0
1506035838,22013109,3618.78,2.16190218,0
1506035837,22013108,3618.78,0.55519782,0
1506035837,22013107,3615.61,0.64145000,0
1506035836,22013106,3615.61,3.35855000,0
1506035831,22013102,3612.25,2.76620000,0
1506035825,22013096,3614.88,0.25662539,0
1506035821,22013088,3610.00,0.02145000,1
1506035821,22013087,3610.60,2.76460000,0
1506035820,22013086,3610.59,0.90000000,0
1506035818,22013085,3610.00,2.19053623,0
1506035816,22013084,3610.00,0.19719955,0
1506035806,22013065,3609.99,0.04280045,0
1506035805,22013064,3609.99,0.04280045,0
1506035790,22013062,3605.03,1.07176939,1
1506035790,22013060,3607.00,0.09023061,1
1506035767,22013047,3609.99,0.01997252,0
1506035750,22013029,3605.01,3.36621876,0
1506035744,22013023,3605.01,1.10690955,0
1506035743,22013020,3605.01,0.50000000,0
1506035730,22012997,3607.93,0.50000000,0
1506035717,22012978,3605.00,0.01707044,1
1506035717,22012977,3605.00,0.02839946,1
1506035715,22012971,3605.30,0.02687169,0
1506035709,22012956,3605.13,0.73410000,1
1506035709,22012954,3605.13,3.00000000,1
1506035708,22012953,3605.29,2.40150000,1
1506035707,22012945,3605.29,1.59850000,1
1506035707,22012944,3605.34,4.53000000,1
1506035706,22012942,3605.36,0.87150000,1
1506035704,22012929,3606.00,0.22329789,1
1506035704,22012926,3606.01,0.64530156,1
1506035703,22012925,3609.43,0.05208648,0
1506035703,22012924,3609.42,0.04791352,0
1506035696,22012913,3609.41,0.31491095,0
1506035694,22012909,3609.42,0.64530156,0
1506035689,22012903,3609.43,0.24574935,0
1506035688,22012902,3606.00,0.03670211,1
1506035688,22012901,3606.00,0.00237632,1
1506035687,22012896,3606.00,0.04362368,1
1506035687,22012895,3609.42,0.00883458,1
1506035687,22012894,3609.43,6.73483709,0
1506035686,22012893,3609.43,1.42362389,0
1506035686,22012892,3609.42,0.86421336,0
1506035686,22012891,3609.42,0.02075313,0
1506035686,22012890,3607.00,0.10000000,1
1506035685,22012889,3607.01,4.12020000,1
1506035685,22012888,3609.42,0.09223058,0
1506035681,22012881,3609.43,0.02704325,0
1506035680,22012880,3609.43,0.21100617,0
1506035679,22012879,3609.43,0.05000000,0
1506035678,22012878,3611.72,0.19694714,0
1506035677,22012876,3611.72,0.25475245,0
1506035674,22012872,3611.49,0.21586893,0
1506035663,22012862,3607.01,0.22980000,1
1506035661,22012861,3608.00,0.04600000,1
1506035660,22012860,3611.51,0.22337050,0
1506035653,22012843,3608.00,1.83331511,0
1506035653,22012842,3608.00,0.89900000,0
1506035652,22012841,3610.00,0.03000000,1
1506035652,22012840,3610.00,0.50000000,1
1506035652,22012839,3610.00,0.04600000,1
1506035652,22012837,3610.00,1.38168489,1
1506035650,22012834,3610.13,0.59850000,1
1506035649,22012832,3610.15,0.90000000,0
1506035649,22012831,3610.15,0.20000000,0
1506035648,22012829,3610.15,0.87150000,1
1506035643,22012823,3614.59,0.01589400,0
1506035638,22012818,3612.00,0.04600000,1
1506035638,22012817,3612.01,0.87760000,1
1506035638,22012816,3612.02,0.18423092,1
1506035634,22012812,3614.59,1.00291845,0
1506035630,22012811,3614.58,0.02000000,0
1506035629,22012810,3614.59,0.18423092,0
1506035629,22012809,3613.22,0.06005871,0
1506035627,22012804,3613.98,0.22374418,0
1506035622,22012799,3613.23,0.00275376,1
1506035622,22012798,3614.00,0.22365801,1
1506035621,22012795,3617.83,0.31421756,0
1506035621,22012793,3617.80,0.27351887,0
1506035618,22012788,3614.00,0.02292000,0
1506035617,22012785,3614.00,0.04600000,1
1506035617,22012784,3614.90,0.50000000,1
1506035617,22012783,3615.00,0.05000000,1
1506035617,22012782,3615.11,1.49280000,1
1506035616,22012781,3615.11,0.12720000,1
1506035616,22012780,3615.13,0.87150000,1
1506035608,22012758,3619.92,0.08285347,0
1506035607,22012752,3619.92,0.01347577,1
1506035592,22012735,3620.00,0.06005262,1
1506035588,22012734,3623.12,0.73271900,0
1506035585,22012733,3621.36,0.64647821,0
1506035584,22012731,3624.91,0.94905000,1
1506035581,22012727,3620.00,0.06005871,0
1506035580,22012726,3620.00,0.88832760,0
1506035542,22012717,3631.49,0.05568504,0
1506035535,22012713,3631.89,0.00521767,0
1506035533,22012712,3631.89,1.37461548,0
1506035532,22012711,3631.87,0.66878452,0
1506035524,22012689,3633.86,0.64507713,0
1506035494,22012684,3634.03,0.08140400,0
1506035489,22012679,3634.10,0.23838737,0
1506035465,22012598,3619.81,0.00200000,1
1506035460,22012593,3619.73,0.05000000,1
1506035451,22012591,3634.36,1.11716531,0
1506035449,22012590,3619.45,0.00682527,0
1506035449,22012589,3619.62,0.93969718,1
1506035437,22012573,3623.18,0.27438100,0
1506035427,22012572,3634.41,0.03635795,0
1506035417,22012571,3624.85,0.74441200,0
1506035416,22012569,3624.85,0.23323100,0
1506035414,22012568,3624.48,0.10000000,1
1506035414,22012567,3621.95,0.01200000,0
1506035412,22012565,3624.85,0.02648341,0
1506035411,22012564,3631.79,0.01200000,1
1506035402,22012527,3621.85,0.85732872,0
1506035402,22012526,3621.85,0.22000000,1
1506035399,22012525,3631.80,0.01447014,0
1506035397,22012524,3631.80,2.74850000,0
1506035357,22012516,3630.70,1.38181737,0
1506035357,22012515,3630.70,2.74240000,0
1506035344,22012514,3632.98,0.15320000,1
1506035313,22012512,3632.94,0.02000000,1
1506035285,22012511,3639.96,0.02521181,0
1506035250,22012507,3639.99,0.00529238,0
1506035250,22012506,3640.00,0.00598669,0
1506035249,22012505,3640.00,0.00506088,0
1506035245,22012504,3640.00,0.03341592,0
1506035242,22012502,3636.53,1.00000000,1
1506035242,22012501,3636.54,4.00000000,1
1506035233,22012500,3636.53,1.73798358,1
1506035233,22012499,3636.53,0.02358283,1
1506035166,22012465,3640.00,0.25485714,0
1506035164,22012463,3634.99,0.15125279,1
1506035162,22012459,3642.02,0.25028700,1
1506035162,22012458,3642.16,0.04000000,1
1506035155,22012454,3642.02,0.15028700,1
1506035155,22012453,3642.02,0.08064900,1
1506035154,22012451,3642.02,0.69360700,1
1506035153,22012450,3642.02,0.53323400,1
1506035152,22012447,3642.02,0.33093600,1
1506035122,22012431,3631.13,0.00200000,1
1506035105,22012424,3631.05,0.03911556,1
1506035102,22012418,3631.03,0.04634676,1
1506035102,22012417,3631.03,0.01395606,1
1506035091,22012403,3642.02,0.01425000,0
1506035082,22012371,3639.09,0.44863024,0
1506035082,22012367,3639.08,4.00000000,0
1506035073,22012357,3636.99,0.40000000,0
1506035059,22012353,3633.29,2.12879554,0
1506035050,22012352,3633.33,0.24370000,0
1506035044,22012350,3633.33,0.02055200,0
1506035041,22012347,3644.85,1.89210000,0
1506035041,22012346,3644.83,0.87150000,0
1506035032,22012345,3637.00,0.09000000,0
1506035028,22012343,3631.92,2.74890000,0
1506035018,22012340,3639.10,0.13705311,1
1506035017,22012339,3639.10,2.78387041,0
1506035017,22012338,3637.05,0.05000000,0
1506035017,22012337,3637.01,0.01000000,0
1506035007,22012335,3631.60,1.78888516,0
1506034993,22012334,3631.61,0.02067147,0
1506034989,22012333,3631.61,0.23737045,0
1506034983,22012331,3631.62,0.00259200,0
1506034980,22012326,3631.62,0.75000062,0
1506034979,22012325,3627.82,1.81556938,0
1506034979,22012324,3627.82,2.03550000,0
1506034979,22012322,3627.82,0.14893062,0
1506034978,22012321,3628.57,2.49110000,0
1506034977,22012320,3628.57,2.93240000,0
1506034971,22012319,3632.91,4.36000000,1
1506034963,22012318,3637.01,0.03210000,0
1506034962,22012317,3637.01,1.08550279,0
1506034962,22012316,3637.00,0.04000000,0
1506034962,22012315,3632.93,0.92999213,0
1506034960,22012314,3632.93,2.77160000,0
1506034958,22012312,3637.01,1.86205617,0
1506034958,22012311,3636.96,0.88214383,0
1506034944,22012309,3640.04,2.73820000,1
1506034940,22012306,3641.87,2.74120000,1
1506034938,22012305,3642.86,0.00136980,1
1506034927,22012302,3644.10,1.29840787,0
1506034924,22012300,3647.40,0.03189100,1
1506034923,22012298,3633.06,1.00000000,1
1506034913,22012297,3636.06,0.12835538,1
1506034910,22012296,3646.33,1.65543723,0
1506034909,22012295,3647.19,4.86804540,1
1506034909,22012293,3647.19,0.00410000,1
1506034908,22012291,3647.19,0.12785460,1
1506034898,22012275,3646.32,0.13669872,1
1506034892,22012271,3634.21,0.04969640,0
1506034891,22012268,3647.23,0.07600000,0
1506034890,22012267,3640.42,1.84502345,0
1506034890,22012266,3641.86,0.89757655,1
1506034882,22012264,3649.12,0.89757655,0
1506034880,22012260,3645.22,0.28838589,1
1506034877,22012259,3645.00,0.02961866,0
1506034876,22012258,3632.45,0.06125749,1
1506034868,22012257,3641.85,0.94838631,0
1506034865,22012256,3636.05,0.06830210,1
1506034863,22012255,3636.05,0.06525740,1
1506034863,22012254,3643.47,0.10000000,0
1506034858,22012253,3651.89,1.39500000,0
1506034858,22012252,3651.80,2.00000000,0
1506034858,22012251,3649.62,0.01000000,0
1506034858,22012250,3644.21,0.06000000,0
1506034858,22012249,3643.54,0.04000000,0
1506034850,22012239,3637.96,0.03702275,0
1506034848,22012237,3636.06,0.70542861,0
1506034844,22012230,3628.09,2.75630000,1
1506034839,22012228,3641.72,1.32204917,0
1506034839,22012227,3640.46,0.68415580,0
1506034838,22012226,3640.44,1.74300000,0
1506034838,22012224,3639.37,0.01000000,0
1506034838,22012223,3638.08,0.05000000,0
1506034838,22012222,3633.78,0.87150000,0
1506034829,22012220,3628.10,0.63625238,0
1506034829,22012219,3628.08,0.87150000,0
1506034829,22012218,3623.53,2.37935879,0
1506034827,22012217,3626.00,0.37554121,1
1506034822,22012216,3624.09,1.16585887,0
1506034820,22012215,3622.18,1.01810000,0
1506034816,22012213,3618.50,1.08414583,0
1506034815,22012211,3619.99,0.20985417,1
1506034814,22012210,3619.99,0.00600000,1
1506034813,22012208,3622.18,0.04014770,0
1506034810,22012207,3620.00,13.51581449,0
1506034810,22012206,3620.00,5.00000000,0
1506034806,22012205,3620.00,0.44366027,0
1506034801,22012202,3620.00,4.18820000,0
1506034796,22012200,3620.00,1.79058500,0
1506034796,22012199,3620.00,0.00531415,0
1506034795,22012198,3620.00,0.00598170,0
1506034795,22012197,3620.00,7.00000000,0
1506034794,22012196,3620.00,0.00510450,0
1506034794,22012195,3620.00,0.00602530,0
1506034793,22012194,3620.00,0.35382539,0
1506034793,22012193,3620.00,7.00000000,0
1506034792,22012192,3620.00,3.86093985,0
1506034791,22012190,3620.00,5.00000000,0
1506034791,22012189,3620.00,0.02000000,0
1506034790,22012188,3620.00,1.00025570,0
1506034789,22012184,3620.00,5.00000000,0
1506034788,22012181,3620.00,17.97066513,0
1506034788,22012180,3619.99,0.02933487,0
1506034788,22012178,3619.99,0.02066513,0
1506034785,22012176,3620.00,18.00000000,0
1506034783,22012175,3619.99,0.94490593,0
1506034782,22012174,3620.00,3.33211251,0
1506034782,22012171,3620.00,17.00000000,0
1506034781,22012170,3620.00,0.01000000,0
1506034774,22012166,3620.00,1.31262385,0
1506034774,22012165,3619.99,0.06000000,0
1506034771,22012164,3619.99,0.11860000,1
1506034770,22012163,3620.00,0.81450000,0
1506034766,22012160,3619.98,0.10100000,0
1506034765,22012157,3619.99,0.00480000,1
1506034764,22012155,3620.00,2.67691173,0
1506034764,22012154,3619.99,0.06000000,0
1506034761,22012152,3619.98,0.31990734,0
1506034755,22012145,3619.95,0.39433484,0
1506034754,22012144,3619.95,1.00000000,0
1506034750,22012140,3619.96,0.01648637,0
1506034746,22012126,3619.99,0.61010000,0
1506034745,22012125,3620.00,0.71316452,0
1506034745,22012124,3620.00,2.11950911,0
1506034736,22012112,3619.99,1.22600000,0
1506034734,22012111,3619.99,0.05806132,1
1506034733,22012109,3619.99,0.08000000,1
1506034730,22012104,3619.99,0.09681037,0
1506034728,22012100,3619.99,0.03883510,0
1506034727,22012099,3619.99,0.09981320,0
1506034727,22012098,3619.99,1.56000000,0
1506034727,22012097,3619.99,0.09000000,0
1506034726,22012095,3615.32,0.32270122,0
1506034726,22012094,3615.32,0.02697573,1
1506034724,22012091,3615.38,2.00000000,1
1506034724,22012090,3615.39,0.38409300,1
1506034724,22012089,3617.48,0.38410200,1
1506034720,22012087,3617.47,4.00000000,1
1506034717,22012085,3620.00,1.25540000,0
1506034717,22012084,3619.99,0.01381200,1
1506034714,22012079,3619.99,0.06789910,0
1506034714,22012078,3620.00,3.94321632,0
1506034713,22012077,3619.99,0.10000000,0
1506034711,22012069,3618.24,0.94032939,0
1506034709,22012068,3618.13,1.12480000,0
1506034709,22012067,3618.25,1.01234700,1
1506034708,22012066,3618.25,7.00000000,1
1506034705,22012064,3620.00,1.07732872,0
1506034704,22012063,3617.55,6.65343800,1
1506034702,22012060,3620.00,0.01644881,0
1506034702,22012059,3620.00,15.00000000,0
1506034701,22012058,3618.31,0.39968400,1
1506034701,22012057,3618.30,5.00000000,1
1506034698,22012052,3620.00,0.03391673,0
1506034698,22012049,3620.00,0.08478689,0
1506034697,22012048,3619.99,0.05298611,0
1506034697,22012044,3619.99,3.86451491,0
1506034695,22012035,3619.99,1.89336878,0
1506034694,22012030,3619.99,0.02400000,0
1506034694,22012029,3619.99,0.11000000,0
1506034693,22012024,3620.00,0.02000000,0
1506034693,22012022,3620.00,0.17250247,0
1506034692,22012019,3620.00,0.03127753,0
1506034692,22012017,3620.00,0.07566426,0
1506034692,22012016,3619.99,0.08249898,0
1506034690,22012011,3619.99,0.10197892,1
1506034690,22012009,3620.00,1.42329746,0
1506034690,22012008,3620.00,0.02368779,0
1506034689,22012007,3620.00,0.02712320,0
1506034688,22012005,3620.00,0.49315200,0
1506034688,22012004,3620.00,4.00000000,0
1506034686,22012002,3620.00,0.35415988,0
1506034684,22011998,3619.99,0.02848349,0
1506034684,22011997,3619.99,0.21855518,0
1506034684,22011996,3619.99,0.11075355,0
1506034684,22011995,3616.45,0.16166654,0
1506034683,22011994,3616.45,0.15833346,1
1506034682,22011993,3619.99,0.01924645,0
1506034680,22011991,3620.00,0.05631233,0
1506034680,22011990,3620.00,0.04906780,0
1506034679,22011986,3620.00,0.35464577,0
1506034679,22011985,3616.45,0.08535423,0
1506034678,22011983,3616.45,0.77282093,0
1506034678,22011982,3616.45,0.02625213,0
1506034678,22011981,3616.45,0.20767200,0
1506034677,22011979,3614.90,0.21435491,1
1506034677,22011978,3615.44,0.03000000,1
1506034676,22011977,3620.00,0.03778331,0
1506034675,22011976,3620.00,0.20060221,0
1506034672,22011970,3620.00,0.43268400,0
1506034672,22011965,3616.45,4.99000000,0
1506034671,22011961,3620.00,0.50000000,0
1506034671,22011956,3620.00,5.12280000,0
1506034671,22011954,3619.13,0.38000000,0
1506034670,22011947,3619.13,0.17000000,0
1506034669,22011946,3615.43,1.63683176,1
1506034668,22011943,3617.00,0.01200000,1
1506034668,22011942,3617.15,8.30000000,1
1506034667,22011940,3617.17,0.10000000,1
1506034667,22011938,3617.19,0.04000000,1
1506034667,22011936,3618.12,0.04200046,1
1506034666,22011935,3618.12,0.04034677,1
1506034666,22011934,3618.12,1.47000000,1
1506034666,22011933,3619.13,2.37389830,1
1506034665,22011932,3620.00,5.51273000,1
1506034665,22011931,3620.00,0.08000000,1
1506034665,22011930,3625.32,100.50000000,1
1506034665,22011929,3625.32,0.18742414,1
1506034665,22011928,3625.32,0.11965434,1
1506034665,22011927,3625.33,0.38433683,1
1506034665,22011926,3625.33,0.19000000,1
1506034665,22011925,3625.62,0.68580003,1
1506034664,22011923,3625.65,0.90088271,1
1506034664,22011922,3633.72,0.08404000,1
1506034663,22011921,3636.83,0.08001504,0
1506034662,22011920,3636.58,0.06162804,0
1506034662,22011919,3636.58,0.08037554,0
1506034662,22011918,3627.92,0.14863863,0
1506034661,22011917,3627.92,0.01761913,0
1506034660,22011916,3627.92,0.27241895,0
1506034659,22011915,3627.92,0.03199000,0
1506034652,22011902,3638.03,0.05107100,0
1506034651,22011901,3633.73,0.02500000,1
1506034650,22011900,3632.76,0.68580003,0
1506034650,22011898,3633.73,0.05178000,0
1506034649,22011897,3633.73,0.03732132,0
1506034649,22011896,3633.73,0.12603200,0
1506034640,22011889,3628.79,0.65219847,0
1506034625,22011863,3637.33,0.20663900,0
1506034622,22011855,3639.78,0.07000000,1
1506034621,22011853,3640.24,0.28095700,0
1506034620,22011848,3625.34,0.34682143,1
1506034618,22011844,3641.86,1.56285750,0
1506034617,22011842,3625.32,0.06776980,1
1506034617,22011841,3625.32,0.18742414,1
1506034617,22011840,3625.32,0.18742414,1
1506034617,22011839,3625.32,0.18742414,1
1506034617,22011838,3625.32,0.18742414,1
1506034617,22011837,3625.32,0.18742414,1
1506034617,22011836,3625.32,0.18742414,1
1506034616,22011835,3625.32,0.18595931,1
1506034616,22011834,3626.00,6.15951683,1
1506034616,22011833,3626.00,0.87150000,0
1506034616,22011832,3626.00,0.21000000,0
1506034615,22011831,3626.30,0.10000000,1
1506034615,22011830,3626.31,1.37616581,1
1506034615,22011829,3626.50,2.60305640,1
1506034614,22011828,3633.95,0.07085323,1
1506034614,22011827,3633.95,0.14179931,1
1506034614,22011826,3633.95,0.91314799,0
1506034614,22011825,3634.88,1.03627630,1
1506034613,22011824,3635.00,0.10000000,1
1506034613,22011823,3637.32,0.03941018,1
1506034605,22011818,3644.20,0.05600965,0
1506034593,22011807,3637.32,0.44656931,1
1506034593,22011806,3637.69,0.28094900,0
1506034592,22011804,3637.69,0.03906715,0
1506034591,22011802,3637.69,2.13639699,0
1506034590,22011800,3637.69,0.16916037,0
1506034576,22011783,3637.42,0.64497111,1
1506034575,22011781,3637.97,2.73110000,1
1506034575,22011780,3640.00,0.05600000,1
1506034575,22011779,3640.11,0.87760000,1
1506034575,22011778,3643.33,0.10000000,1
1506034575,22011777,3643.33,0.10000000,1
1506034575,22011776,3645.59,0.10000000,1
1506034573,22011771,3645.61,0.00178425,0
1506034571,22011768,3645.61,0.03633890,0
1506034570,22011767,3645.61,0.89900000,0
1506034566,22011765,3651.89,0.12564453,0
1506034557,22011758,3645.60,0.78564022,1
1506034554,22011755,3645.61,0.06237866,0
1506034551,22011753,3652.00,0.03779916,1
1506034550,22011752,3652.00,0.00200000,1
1506034550,22011751,3654.30,2.12777000,0
1506034546,22011748,3653.04,0.91951700,0
1506034545,22011747,3652.00,0.16648536,0
1506034545,22011746,3651.98,0.03320930,0
1506034543,22011745,3650.28,0.01000000,1
1506034543,22011744,3650.28,0.02000000,1
1506034543,22011743,3650.40,6.28961370,1
1506034533,22011738,3659.91,0.00379807,0
1506034531,22011735,3659.91,0.91525107,0
1506034529,22011733,3658.00,1.00000000,1
1506034529,22011732,3660.00,0.01000000,1
1506034517,22011725,3662.79,3.91099129,1
1506034517,22011723,3663.86,0.08090000,1
1506034481,22011712,3666.80,0.03000000,0
1506034476,22011710,3668.44,0.00010216,1
1506034472,22011709,3663.86,0.14527584,0
1506034457,22011703,3661.83,0.07980000,0
1506034457,22011702,3661.83,0.87150000,0
1506034456,22011701,3661.83,0.87150000,0
1506034456,22011700,3661.85,0.87150000,1
1506034456,22011699,3661.85,1.74300000,1
1506034444,22011696,3669.46,1.07000000,1
1506034441,22011695,3666.26,0.30903256,1
1506034441,22011694,3667.03,0.00139071,1
1506034439,22011693,3669.45,0.75545926,1
1506034408,22011677,3667.04,0.18300000,1
1506034388,22011674,3669.45,0.00157909,0
1506034386,22011673,3667.10,0.12977365,0
1506034385,22011671,3667.10,4.00000000,0
1506034383,22011670,3667.10,0.01818800,0
1506034382,22011668,3667.18,0.85203835,1
1506034373,22011667,3669.99,0.04845517,1
1506034366,22011664,3667.18,0.01902494,1
1506034362,22011663,3669.99,0.05000000,0
1506034358,22011662,3669.97,0.37971629,0
1506034357,22011661,3669.99,0.00878035,0
1506034339,22011659,3669.99,0.00969206,0
1506034337,22011657,3667.27,0.00559580,1
1506034337,22011656,3667.46,0.00725516,1
1506034336,22011655,3668.82,0.00173080,1
1506034321,22011645,3669.99,0.00274154,0
1506034293,22011635,3670.00,0.84470500,0
1506034291,22011631,3670.00,0.97008981,1
1506034282,22011622,3674.15,0.10958946,0
1506034281,22011621,3674.15,0.89041054,0
1506034270,22011615,3670.00,0.00271019,1
1506034264,22011613,3676.20,0.00783900,1
1506034262,22011612,3670.00,0.02720000,1
1506034237,22011608,3671.32,0.00639573,0
1506034236,22011607,3672.56,0.46381672,1
1506034234,22011606,3671.33,0.06965069,0
1506034234,22011605,3671.33,0.01494817,0
1506034206,22011600,3674.40,0.80984396,0
1506034203,22011598,3675.00,1.47595604,1
1506034203,22011597,3675.01,2.71420000,1
1506034165,22011592,3677.86,0.00529181,0
1506034163,22011590,3677.86,0.00505803,0
1506034155,22011581,3675.00,0.13653231,1
1506034155,22011580,3675.10,1.00000000,1
1506034155,22011579,3675.12,0.87150000,1
1506034145,22011577,3677.86,0.06237866,0
1506034136,22011566,3675.11,0.21288539,1
1506034121,22011565,3681.86,0.00800000,0
1506034121,22011564,3681.63,0.01000000,0
1506034091,22011561,3681.24,1.82652041,0
1506034027,22011525,3678.96,0.16501623,1
1506034025,22011524,3678.97,0.06235984,0
1506034013,22011520,3675.37,0.04527000,1
1506034004,22011518,3675.33,0.04521771,0
1506033975,22011505,3675.39,0.13742867,1
1506033903,22011450,3675.01,0.39329534,1
1506033903,22011449,3675.01,0.18494219,1
1506033896,22011434,3675.00,1.30764789,1
1506033896,22011433,3675.01,0.84875211,1
1506033892,22011420,3675.11,0.02404846,1
1506033883,22011412,3675.00,2.07986376,1
1506033883,22011411,3675.01,0.64113624,1
1506033882,22011410,3677.90,1.46568009,0
1506033859,22011408,3675.18,2.71580000,0
1506033851,22011404,3681.68,0.20371949,1
1506033850,22011403,3680.47,0.87150000,1
1506033850,22011402,3677.20,0.01000000,0
1506033848,22011401,3675.63,2.71760000,0
1506033846,22011399,3672.69,2.72270000,0
1506033819,22011393,3672.53,2.65710000,0
1506033818,22011392,3672.53,0.06130000,0
1506033769,22011387,3675.66,0.35105000,0
1506033769,22011386,3670.25,0.01000000,0
1506033769,22011385,3667.46,0.13895000,0
1506033753,22011384,3667.18,0.04243719,1
1506033737,22011383,3667.46,0.00900000,0
1506033702,22011379,3670.23,0.00725516,0
1506033677,22011371,3667.18,0.14975583,0
1506033677,22011370,3667.18,0.47092628,0
1506033675,22011368,3670.22,0.32455827,0
1506033675,22011367,3666.81,0.02047000,0
1506033668,22011361,3666.80,0.02045413,0
1506033668,22011360,3666.80,0.45083687,0
1506033668,22011358,3666.80,0.02046000,0
1506033668,22011356,3663.22,0.00000500,0
1506033668,22011355,3663.22,0.12939500,0
1506033649,22011341,3664.75,0.11678009,0
1506033648,22011340,3666.44,2.72110000,1
1506033637,22011338,3664.42,4.00000000,1
1506033634,22011337,3664.40,4.00000000,0
1506033633,22011336,3664.40,0.83171051,1
1506033633,22011335,3664.40,0.83171051,1
1506033632,22011334,3664.40,1.00000000,1
1506033632,22011333,3664.40,1.00000000,1
1506033632,22011332,3664.41,2.72340000,1
1506033628,22011328,3664.54,2.70562505,0
1506033628,22011326,3664.86,0.87150000,1
1506033628,22011325,3670.24,0.01637495,1
1506033605,22011318,3667.79,0.03428600,0
1506033604,22011316,3670.24,0.05653600,0
1506033600,22011314,3670.24,0.10000000,0
1506033587,22011305,3666.75,0.01064044,1
1506033587,22011304,3666.86,0.00849867,1
1506033586,22011302,3666.86,0.03748533,1
1506033586,22011301,3666.86,0.04591451,1
1506033549,22011296,3670.20,0.26770475,1
1506033545,22011295,3673.14,0.12492037,0
1506033535,22011293,3670.17,2.72540000,0
1506033535,22011292,3666.62,0.01000000,1
1506033534,22011291,3670.22,0.61991430,0
1506033534,22011290,3670.21,4.00000000,0
1506033533,22011288,3670.22,0.04326570,0
1506033505,22011276,3670.20,0.43460785,0
1506033503,22011275,3670.20,0.43460785,0
1506033490,22011271,3666.89,0.10036449,0
1506033490,22011269,3666.89,0.12301200,0
1506033489,22011268,3666.89,0.04592050,0
1506033462,22011259,3667.87,2.44810271,0
1506033456,22011256,3665.11,0.21845645,1
1506033453,22011252,3667.86,0.00724466,0
1506033447,22011249,3666.89,2.10106000,0
1506033445,22011247,3665.11,1.43130130,0
1506033440,22011246,3665.11,4.00000000,0
1506033438,22011244,3665.20,0.38150000,1
1506033437,22011243,3665.20,0.49000000,1
1506033436,22011242,3667.85,2.53070163,0
1506033436,22011241,3667.80,0.19029837,0
1506033422,22011236,3671.90,0.35390700,0
1506033419,22011235,3674.48,1.03330000,1
1506033419,22011234,3671.18,1.69050000,0
1506033418,22011233,3672.75,2.72340000,1
1506033409,22011232,3675.68,1.72802293,0
1506033409,22011231,3675.59,0.57910391,0
1506033406,22011227,3671.98,0.01936097,1
1506033406,22011226,3671.98,2.14326153,1
1506033406,22011225,3673.16,0.13563847,1
1506033406,22011224,3675.24,1.03060000,1
1506033405,22011223,3675.24,1.69050000,1
1506033402,22011220,3675.58,0.06897823,0
1506033401,22011219,3675.58,1.50237198,1
1506033401,22011218,3675.58,0.42864979,1
1506033400,22011217,3675.59,1.48867287,1
1506033394,22011214,3677.19,0.02460995,0
1506033386,22011208,3677.19,0.15000000,0
1506033385,22011206,3675.58,0.00947846,1
1506033379,22011201,3677.19,0.10000000,0
1506033378,22011200,3677.19,0.10000000,0
1506033376,22011199,3677.16,0.10000000,0
1506033369,22011198,3677.19,0.43812825,0
1506033363,22011195,3675.57,1.06424373,0
1506033361,22011194,3677.18,0.04000000,1
1506033360,22011193,3675.58,2.98478802,0
1506033356,22011192,3675.52,0.69513153,0
1506033349,22011191,3675.58,0.30486847,0
1506033347,22011190,3675.53,0.29486847,0
1506033347,22011189,3675.51,0.01000000,0
1506033295,22011182,3673.13,0.01457010,0
1506033268,22011175,3675.57,0.83171051,0
1506033267,22011174,3675.57,0.83171051,0
1506033266,22011173,3675.58,0.83171051,0
1506033263,22011172,3664.40,0.83171051,1
1506033257,22011169,3664.40,0.16828949,1
1506033253,22011168,3664.40,0.01000000,0
1506033244,22011165,3660.00,0.50000000,0
1506033244,22011164,3660.00,0.01356301,0
1506033244,22011163,3660.00,4.43267347,0
1506033234,22011159,3660.00,3.63313503,0
1506033233,22011158,3660.00,0.73911924,0
1506033232,22011157,3660.00,7.00000000,0
1506033231,22011156,3660.00,5.00000000,0
1506033222,22011154,3660.00,4.69679508,0
1506033216,22011149,3660.00,0.04045763,0
1506033191,22011111,3658.01,0.06268341,1
1506033185,22011102,3658.01,0.96108906,1
1506033177,22011098,3660.00,0.79782449,0
1506033168,22011094,3660.00,0.08730534,0
1506033160,22011091,3658.01,0.04047126,1
1506033160,22011090,3658.04,0.97453633,1
1506033154,22011089,3660.00,0.25770000,0
1506033146,22011086,3660.00,1.77320544,0
1506033137,22011080,3660.00,5.06982500,0
1506033119,22011066,3660.00,0.02000000,0
1506033116,22011061,3660.00,5.00000000,0
1506033115,22011059,3660.00,2.69340000,0
1506033114,22011058,3660.00,0.55000000,0
1506033112,22011055,3660.00,0.14118559,0
1506033106,22011052,3660.00,0.03323328,0
1506033105,22011050,3660.00,15.00000000,0
1506033096,22011049,3660.00,0.65500000,0
1506033095,22011048,3660.00,0.10000000,0
1506033090,22011047,3660.00,0.30000000,0
1506033089,22011046,3660.00,0.01449793,0
1506033088,22011045,3660.00,0.16731072,0
1506033085,22011043,3659.99,0.04768928,0
1506033082,22011041,3660.00,0.87560272,0
1506033080,22011038,3659.99,0.04087989,0
1506033079,22011036,3659.99,0.83380000,0
1506033073,22011035,3659.99,0.53100000,0
1506033069,22011030,3659.99,0.10000000,0
1506033067,22011029,3659.99,0.20000000,0
1506033064,22011027,3660.00,0.10000000,0
1506033062,22011026,3660.00,0.20000000,0
1506033057,22011025,3660.00,0.10000000,0
1506033056,22011024,3660.00,0.20000000,0
1506033053,22011023,3660.00,0.10000000,0
1506033049,22011019,3659.99,0.02670272,0
1506033048,22011018,3659.99,0.31500000,0
1506033047,22011016,3658.70,0.04123224,1
1506033040,22011015,3660.00,0.10000000,0
1506033037,22011014,3659.98,0.10000000,0
1506033036,22011012,3659.98,1.53480272,0
1506033036,22011011,3659.98,0.25600000,0
1506033032,22011009,3660.00,0.04400000,0
1506033031,22011008,3659.99,0.04400000,0
1506033029,22011007,3660.00,0.01600000,0
1506033025,22011006,3660.00,0.04500000,0
1506033019,22011005,3659.99,0.01500000,0
1506033017,22011004,3659.99,0.07350000,0
1506033012,22011003,3659.90,0.32650000,1
1506033012,22011002,3659.98,0.10150000,1
1506033010,22011001,3660.00,0.00808980,0
1506033009,22010999,3659.98,0.33000000,1
1506033008,22010998,3659.94,0.01000000,0
1506033005,22010997,3659.90,0.07000000,1
1506033005,22010996,3659.90,0.03000000,1
1506032994,22010995,3659.88,0.10000000,0
1506032994,22010994,3655.00,0.01000000,1
1506032990,22010993,3659.90,0.09600000,0
1506032988,22010992,3659.90,0.10000000,0
1506032987,22010991,3659.91,0.60430000,0
1506032987,22010990,3659.91,0.10000000,0
1506032984,22010989,3659.92,0.01100000,0
1506032982,22010988,3659.92,0.00537748,0
1506032981,22010987,3659.92,0.00608606,0
1506032980,22010986,3659.92,0.01500000,0
1506032980,22010985,3659.92,0.00506485,0
1506032979,22010984,3659.92,0.01500000,0
1506032978,22010983,3659.92,0.00594351,0
1506032963,22010978,3659.94,0.10000000,0
1506032957,22010968,3659.96,0.01986080,0
1506032953,22010966,3653.34,0.04044261,0
1506032952,22010965,3653.34,0.01000000,1
1506032939,22010962,3659.98,1.36197662,1
1506032936,22010961,3659.98,2.03870000,0
1506032920,22010960,3658.60,0.18364439,0
1506032914,22010959,3658.55,0.01000000,0
1506032901,22010957,3653.32,0.30407837,0
1506032900,22010956,3653.20,0.45088000,1
1506032899,22010954,3653.33,2.50650000,0
1506032898,22010952,3649.15,0.00392000,0
1506032897,22010951,3649.15,0.01000000,0
1506032895,22010950,3653.31,3.87364335,0
1506032891,22010946,3650.29,0.05921467,1
1506032888,22010945,3653.21,3.05647491,0
1506032887,22010944,3646.06,0.45591210,0
1506032887,22010942,3650.00,0.07000000,1
1506032886,22010941,3650.29,0.43768790,1
1506032885,22010939,3652.63,0.01500000,0
1506032879,22010935,3652.80,0.00207354,1
1506032878,22010934,3652.81,4.00000000,1
1506032878,22010933,3652.81,4.00000000,1
1506032873,22010930,3655.52,0.01500000,0
1506032871,22010927,3655.52,0.01500000,0
1506032867,22010922,3652.80,0.01936309,1
1506032866,22010921,3654.00,0.00805692,1
1506032866,22010920,3658.56,0.00397131,0
1506032861,22010919,3655.60,0.04000000,1
1506032857,22010918,3657.68,0.01363433,0
1506032854,22010917,3657.68,0.00280000,1
1506032849,22010916,3658.56,0.70920356,0
1506032837,22010909,3655.60,0.01567851,0
1506032828,22010905,3658.56,1.89170000,0
1506032814,22010901,3658.05,1.32789054,0
1506032786,22010892,3660.00,1.01064700,0
1506032779,22010891,3659.99,0.02000000,1
1506032764,22010885,3660.00,0.38343701,0
1506032715,22010870,3659.99,0.01200000,1
1506032714,22010868,3659.99,0.02000000,1
1506032712,22010867,3659.99,0.01000000,1
1506032703,22010859,3660.00,0.03000000,0
1506032666,22010841,3660.00,0.29322814,0
1506032661,22010840,3659.99,0.03000000,1
1506032648,22010838,3659.99,0.03000000,1
1506032642,22010837,3659.99,0.01365680,1
1506032636,22010836,3660.00,0.01993055,0
1506032635,22010835,3659.99,0.03000000,0
1506032627,22010831,3660.00,0.32783333,0
1506032627,22010830,3659.99,0.03000000,0
1506032626,22010827,3654.27,0.03003000,1
1506032622,22010819,3654.27,0.26990000,1
1506032602,22010807,3660.00,0.15863410,0
1506032602,22010806,3659.99,0.03000000,0
1506032592,22010801,3659.97,1.40469624,1
1506032590,22010798,3659.97,0.03743520,1
1506032587,22010796,3659.97,0.08841402,0
1506032587,22010795,3659.95,0.87150000,0
1506032580,22010793,3659.97,0.05415196,0
1506032523,22010774,3659.99,0.14215228,0
1506032523,22010773,3659.98,0.16568572,0
1506032508,22010770,3659.97,0.04959331,0
1506032505,22010768,3659.98,0.00939331,0
1506032502,22010766,3659.97,0.03753280,0
1506032498,22010764,3659.98,0.72492097,0
1506032483,22010759,3659.99,0.00545083,0
1506032480,22010758,3660.00,0.19576400,0
1506032480,22010757,3660.00,0.20060400,0
1506032479,22010756,3660.00,0.19788540,0
1506032479,22010755,3659.99,0.00271860,0
1506032477,22010753,3650.33,0.13001214,1
1506032468,22010750,3652.80,0.00271860,1
1506032461,22010748,3654.06,2.11869250,1
1506032458,22010747,3660.00,0.13342733,0
1506032458,22010746,3659.99,0.01000000,0
1506032442,22010743,3659.97,0.38419705,0
1506032440,22010742,3659.97,0.05100000,0
1506032434,22010718,3650.63,0.01501994,0
1506032425,22010715,3654.00,0.95532041,0
1506032424,22010713,3654.00,0.04467959,1
1506032407,22010707,3659.97,0.05148848,0
1506032405,22010706,3659.96,0.01119277,0
1506032386,22010685,3654.28,0.01119277,1
1506032377,22010681,3659.98,0.00318016,0
1506032358,22010674,3656.34,0.03614713,0
1506032343,22010671,3656.34,0.03000000,0
1506032284,22010648,3660.00,0.01469600,0
1506032283,22010647,3659.99,0.02000000,0
1506032259,22010634,3660.00,0.00506094,0
1506032258,22010633,3660.00,0.00601104,0
1506032256,22010632,3660.00,0.03981516,0
1506032242,22010626,3660.00,0.05478415,0
1506032234,22010623,3660.00,0.24620860,0
1506032227,22010620,3660.00,0.02507377,0
1506032224,22010619,3660.00,1.24999751,0
1506032224,22010617,3658.44,0.75000249,0
1506032219,22010613,3658.44,0.00139751,0
1506032210,22010607,3655.23,2.72850000,1
1506032203,22010602,3659.96,0.24860000,1
1506032179,22010601,3659.96,0.00140000,1
1506032165,22010597,3660.00,10.00000000,0
1506032148,22010592,3660.00,0.13616456,0
1506032147,22010591,3660.00,0.45306583,0
1506032146,22010590,3660.00,0.13647815,0
1506032142,22010587,3660.00,0.68308384,0
1506032125,22010584,3660.00,0.13059000,0
1506032125,22010583,3659.98,0.02240638,0
1506032125,22010582,3659.98,0.84909362,0
1506032122,22010581,3659.98,0.02240638,0
1506032122,22010580,3659.00,0.04539658,0
1506032121,22010579,3658.99,0.00800000,0
1506032106,22010575,3659.00,0.06703480,0
1506032103,22010570,3659.00,0.02225131,0
1506032087,22010568,3659.00,0.03610000,0
1506032086,22010567,3654.74,0.00800000,1
1506032085,22010566,3659.00,0.10065847,0
1506032073,22010562,3660.00,0.00784700,0
1506032073,22010561,3660.00,0.02136339,0
1506032070,22010556,3660.00,0.70960698,0
1506032069,22010555,3660.00,3.43674052,0
1506032069,22010554,3659.99,0.03000000,0
1506032069,22010553,3659.99,0.01000000,0
1506032069,22010552,3659.96,0.02475948,0
1506032068,22010549,3659.96,0.07164457,0
1506032063,22010547,3659.96,0.02000000,0
1506032047,22010542,3659.96,0.03268341,0
1506032045,22010541,3659.95,0.03000000,0
1506032037,22010539,3657.80,0.08000000,0
1506032036,22010538,3657.80,0.03704563,0
1506032036,22010537,3656.32,0.19469971,0
1506032018,22010529,3659.96,0.05091254,0
1506032018,22010528,3659.91,0.20000000,0
1506032017,22010527,3659.92,0.67063414,0
1506032016,22010526,3659.91,0.20000000,0
1506032015,22010525,3654.00,0.49925000,1
1506031993,22010496,3660.00,0.13092184,0
1506031993,22010495,3659.99,0.04000000,0
1506031979,22010483,3660.00,0.16427835,0
1506031979,22010482,3659.99,0.05000000,0
1506031971,22010478,3660.00,2.36559779,0
1506031970,22010477,3659.98,0.11858251,0
1506031970,22010476,3660.00,0.11320559,0
1506031970,22010475,3659.99,0.05000000,0
1506031961,22010467,3660.00,0.08424343,0
1506031960,22010466,3660.00,0.04146289,0
1506031960,22010465,3659.99,0.01218123,0
1506031960,22010464,3659.99,0.34101576,0
1506031957,22010463,3659.99,0.02000000,0
1506031950,22010462,3660.00,2.93987835,0
1506031950,22010461,3659.99,0.04562165,0
1506031949,22010460,3659.99,0.01437835,0
1506031949,22010459,3659.99,2.00970000,0
1506031947,22010458,3659.99,0.02847761,0
1506031941,22010457,3659.99,0.50178508,0
1506031941,22010456,3659.99,0.37355506,0
1506031940,22010455,3659.99,0.05653944,0
1506031937,22010454,3659.99,0.00346056,0
1506031930,22010448,3659.98,0.43008614,0
1506031925,22010444,3656.15,0.00939867,1
1506031925,22010443,3660.00,0.02216000,0
1506031923,22010442,3660.00,0.03973400,0
1506031923,22010441,3659.99,0.07000000,0
1506031921,22010439,3660.00,0.00480000,0
1506031919,22010438,3659.99,0.40782855,0
1506031914,22010437,3660.00,0.96117156,0
1506031914,22010436,3659.99,0.07362844,0
1506031912,22010435,3659.99,0.00637156,0
1506031904,22010431,3659.99,0.47391798,0
1506031903,22010430,3659.99,0.04564626,1
1506031901,22010429,3659.99,0.09000000,0
1506031891,22010427,3660.00,0.02000000,0
1506031890,22010426,3660.00,0.11640000,0
1506031890,22010425,3659.99,0.09000000,0
1506031885,22010424,3659.98,0.05049102,0
1506031885,22010423,3659.98,1.18822696,0
1506031885,22010422,3657.72,0.01000000,0
1506031879,22010419,3659.98,1.99850584,0
1506031879,22010418,3659.98,0.53279416,0
1506031877,22010413,3655.04,0.10523094,1
1506031876,22010412,3658.00,0.14000000,1
1506031873,22010411,3659.99,0.00290705,0
1506031871,22010410,3658.04,0.01606500,1
1506031869,22010409,3660.00,0.00180000,0
1506031860,22010408,3659.99,0.20500000,0
1506031857,22010407,3660.00,0.90000000,0
1506031857,22010406,3659.99,0.10000000,0
1506031853,22010403,3659.99,0.04413745,0
1506031848,22010401,3659.99,0.27338100,0
1506031847,22010400,3659.99,0.76310000,0
1506031847,22010399,3659.99,0.11000000,0
1506031846,22010398,3659.99,0.01000000,0
1506031840,22010396,3660.00,0.01209200,0
1506031838,22010395,3660.00,0.10670465,0
1506031832,22010394,3660.00,0.50000000,0
1506031831,22010393,3660.00,0.03607912,0
1506031823,22010384,3659.98,1.09085013,0
1506031822,22010382,3659.98,1.85864466,0
1506031818,22010381,3659.98,0.17743195,0
1506031818,22010380,3659.98,3.04956384,0
1506031817,22010379,3658.11,0.09163616,0
1506031816,22010378,3658.11,0.01430000,0
1506031815,22010374,3658.11,0.26096384,0
1506031814,22010373,3658.11,0.63310000,0
1506031812,22010370,3660.00,0.07100000,0
1506031812,22010369,3659.99,0.13000000,0
1506031787,22010361,3660.00,2.72410000,0
1506031786,22010360,3660.00,2.72520000,0
1506031775,22010356,3660.00,0.07040520,0
1506031774,22010355,3660.00,2.71996113,0
1506031773,22010354,3660.00,0.00506504,0
1506031773,22010353,3660.00,2.72440000,0
1506031772,22010352,3661.66,0.10000000,1
1506031772,22010351,3668.53,0.00509681,0
1506031770,22010348,3668.66,0.00599671,0
1506031736,22010332,3668.66,0.02394621,0
1506031736,22010331,3666.70,0.00508450,0
1506031698,22010309,3661.82,0.05619677,1
1506031698,22010308,3661.83,0.04380323,1
1506031692,22010307,3668.66,0.11234706,0
1506031597,22010236,3668.64,0.09634536,0
1506031586,22010229,3668.64,0.06360000,0
1506031564,22010209,3671.99,0.03144900,0
1506031537,22010190,3674.89,0.16639233,0
1506031536,22010186,3674.89,0.01378908,0
1506031520,22010142,3674.22,0.12850000,0
1506031520,22010141,3674.22,0.87150000,0
1506031488,22010121,3674.34,0.07465014,0
1506031487,22010116,3667.54,0.00000507,0
1506031485,22010113,3667.54,0.02103293,0
1506031453,22010093,3658.18,0.02942922,0
1506031451,22010089,3658.18,0.00735612,0
1506031447,22010080,3671.94,0.14223072,0
1506031443,22010053,3671.99,0.05488253,1
1506031442,22010049,3671.99,1.00000000,1
1506031442,22010047,3671.99,0.01100000,0
1506031438,22010030,3667.53,0.02440000,1
1506031423,22010007,3671.50,0.73417280,0
1506031422,22010006,3670.95,0.01000000,0
1506031422,22010005,3670.94,0.17000000,0
1506031412,22009997,3667.94,0.01386270,0
1506031405,22009990,3655.44,0.10000000,1
1506031402,22009984,3668.24,0.00437101,0
1506031367,22009972,3655.41,0.07287521,1
1506031367,22009971,3655.41,0.20000000,1
1506031331,22009961,3655.03,6.63880244,1
1506031331,22009960,3655.33,0.71826611,1
1506031330,22009958,3655.03,0.33057414,1
1506031329,22009957,3655.03,0.00069789,1
1506031328,22009956,3655.30,0.00932211,1
1506031328,22009953,3671.81,1.02777376,1
1506031327,22009952,3669.00,0.04000000,0
1506031327,22009950,3665.49,0.20000000,0
1506031326,22009949,3665.49,0.01306932,1
1506031326,22009948,3659.72,0.01000000,0
1506031324,22009944,3655.30,0.04067789,1
1506031315,22009941,3653.33,1.00000000,0
1506031309,22009940,3650.33,0.03000000,1
1506031304,22009939,3652.71,1.88742467,0
1506031303,22009938,3651.52,0.11257533,0
1506031237,22009904,3650.02,0.26000000,0
1506031234,22009901,3643.34,0.17455721,1
1506031209,22009886,3650.00,0.01000000,1
1506031205,22009883,3650.20,0.00328890,1
1506031204,22009882,3650.50,0.15715000,1
1506031145,22009863,3645.50,0.92923899,1
1506031098,22009852,3654.17,0.00307976,0
1506031083,22009849,3645.50,0.08176101,1
1506031075,22009840,3655.82,0.02154859,0
1506031063,22009830,3655.86,0.00597366,0
1506031063,22009829,3655.95,0.00608831,0
1506031061,22009825,3655.88,0.00506850,0
1506031060,22009824,3655.91,0.00510377,0
1506031059,22009823,3655.96,0.00599523,0
1506031037,22009814,3656.29,0.04092673,0
1506031026,22009807,3656.34,0.04763372,0
1506030978,22009779,3648.84,0.14800000,0
1506030952,22009774,3648.79,0.25211901,0
1506030948,22009773,3648.92,0.06173320,1
1506030948,22009772,3648.92,0.05067105,1
1506030947,22009771,3648.87,0.01449339,1
1506030932,22009759,3648.82,0.01205176,1
1506030903,22009720,3648.71,0.01597144,0
1506030867,22009700,3652.36,0.54307000,1
1506030864,22009699,3656.58,0.13993047,1
1506030861,22009698,3655.00,0.27276626,1
1506030856,22009692,3644.88,0.14052000,0
1506030853,22009686,3645.58,0.01711710,1
1506030852,22009685,3652.71,0.15000000,0
1506030851,22009684,3659.39,1.44486102,1
1506030851,22009682,3659.39,0.06143105,0
1506030849,22009678,3651.30,2.73710000,0
1506030845,22009674,3659.43,0.23766800,0
1506030844,22009673,3651.54,0.03168900,0
1506030823,22009655,3645.05,0.01000000,0
1506030783,22009633,3643.33,0.50612104,0
1506030777,22009627,3635.70,0.06223972,1
1506030725,22009603,3641.12,0.30000000,0
1506030725,22009602,3641.11,0.20000000,0
1506030716,22009578,3642.22,0.20057100,1
1506030713,22009568,3639.87,0.00005324,1
1506030712,22009559,3633.95,0.07606076,0
1506030709,22009550,3633.95,0.06579527,0
1506030706,22009538,3643.89,0.09576666,0
1506030695,22009521,3638.11,0.04307470,0
1506030688,22009511,3645.39,0.03341048,0
1506030685,22009506,3637.11,2.99500000,1
1506030684,22009504,3643.59,0.11328756,0
1506030680,22009503,3631.90,5.37302920,0
1506030680,22009502,3634.38,0.16000000,1
1506030679,22009501,3634.40,1.74300000,0
1506030679,22009500,3634.40,0.87150000,0
1506030679,22009498,3637.07,0.30000000,1
1506030679,22009497,3637.07,3.33639363,0
1506030678,22009496,3638.67,0.03609023,1
1506030678,22009495,3639.25,0.24540047,1
1506030678,22009494,3639.25,0.10000000,1
1506030677,22009493,3640.58,1.70325815,1
1506030676,22009492,3640.58,0.13132832,1
1506030676,22009491,3645.46,0.35697647,0
1506030673,22009488,3645.46,0.34003604,0
1506030672,22009487,3642.03,0.66360637,0
1506030672,22009484,3642.03,0.00971100,0
1506030669,22009483,3640.65,0.23194302,1
1506030668,22009482,3640.65,0.00272675,1
1506030667,22009481,3642.03,0.04473961,0
1506030666,22009480,3642.68,0.05000000,1
1506030666,22009479,3643.21,4.00000000,1
1506030666,22009478,3645.48,2.15161463,0
1506030665,22009477,3645.47,2.84838537,0
1506030665,22009476,3645.47,0.00971100,0
1506030663,22009475,3645.48,1.28061235,0
1506030656,22009465,3645.05,0.23194302,0
1506030627,22009455,3649.03,0.02768350,0
1506030624,22009454,3649.68,0.01000000,1
1506030624,22009453,3650.00,1.23187123,1
1506030612,22009450,3650.02,1.29835133,1
1506030612,22009449,3650.07,0.33764867,1
1506030605,22009446,3656.75,0.25368975,0
1506030593,22009442,3656.84,0.00541050,0
1506030591,22009441,3656.84,0.00592481,0
1506030590,22009439,3656.84,0.00608931,0
1506030588,22009438,3656.84,0.00507483,0
1506030587,22009437,3656.84,0.00510273,0
1506030585,22009436,3656.81,0.00598557,0
1506030581,22009433,3656.88,0.08500000,0
1506030551,22009422,3652.00,3.64173503,1
1506030540,22009416,3653.88,0.19956565,0
1506030521,22009406,3652.00,0.81015958,1
1506030518,22009401,3653.94,0.08849664,0
1506030505,22009398,3657.44,0.01101322,0
1506030502,22009396,3657.45,0.07797335,0
1506030488,22009391,3652.02,0.20000000,1
1506030481,22009389,3652.50,0.00778000,1
1506030477,22009388,3652.00,0.20484042,1
1506030477,22009387,3652.31,4.00000000,1
1506030477,22009386,3652.48,0.79515958,1
1506030446,22009374,3663.16,0.05544268,0
1506030441,22009371,3656.16,0.00360000,0
1506030426,22009361,3663.28,0.12525626,0
1506030425,22009360,3663.29,0.06262676,0
1506030415,22009356,3658.16,3.41751462,1
1506030415,22009355,3660.00,0.10000000,1
1506030415,22009354,3661.30,0.67046440,1
1506030415,22009353,3662.00,0.81202098,1
1506030407,22009351,3663.23,0.27012227,0
1506030393,22009350,3664.53,0.14154606,0
1506030364,22009345,3665.33,0.02503731,0
1506030362,22009343,3661.76,0.09534877,1
1506030357,22009342,3665.43,0.05629184,0
1506030352,22009341,3665.43,0.06294859,0
1506030346,22009339,3662.05,0.03247759,1
1506030317,22009332,3661.31,0.96054000,1
1506030307,22009322,3661.30,0.32953560,1
1506030305,22009319,3661.48,0.05650000,1
1506030304,22009318,3665.45,0.00095914,0
1506030304,22009317,3662.60,0.01000000,0
1506030304,22009316,3662.60,0.01106286,0
1506030283,22009303,3662.61,0.66457755,0
1506030283,22009302,3661.30,0.88181002,0
1506030282,22009301,3661.30,0.37580000,0
1506030279,22009299,3661.30,0.15038068,0
1506030274,22009297,3661.30,0.01057833,0
1506030271,22009295,3661.30,0.14465475,0
1506030267,22009292,3661.30,0.66091220,0
1506030266,22009289,3661.30,0.08020000,0
1506030259,22009284,3661.30,0.70652500,0
1506030259,22009283,3661.30,2.23392639,0
1506030259,22009282,3661.29,0.05665022,0
1506030258,22009280,3661.29,2.11872339,0
1506030257,22009279,3661.29,0.00802639,0
1506030256,22009278,3661.29,2.72660000,0
1506030252,22009276,3661.30,0.14665022,0
1506030247,22009270,3661.30,0.08736241,0
1506030223,22009237,3661.53,0.50000000,1
1506030220,22009229,3666.99,0.00803826,0
1506030198,22009200,3669.67,0.08017843,0
1506030196,22009199,3654.50,0.01065761,0
1506030188,22009198,3661.00,0.30253131,0
1506030188,22009197,3660.06,2.00000000,0
1506030188,22009196,3660.06,5.00000000,0
1506030161,22009145,3661.00,4.60967111,0
1506030147,22009128,3658.10,8.87466505,0
1506030136,22009118,3658.09,0.35313200,0
1506030126,22009113,3660.99,0.12533495,1
1506030124,22009107,3657.40,0.54186880,1
1506030123,22009106,3659.61,0.01381600,1
1506030108,22009096,3661.00,3.00000000,0
1506030106,22009094,3661.00,1.08296313,0
1506030106,22009093,3659.61,0.01000000,0
1506030087,22009079,3660.99,0.06348226,0
1506030086,22009078,3660.99,0.02165797,0
1506030079,22009075,3661.00,0.43868996,0
1506030069,22009066,3661.00,0.02537616,0
1506030062,22009062,3661.00,0.17976833,0
1506030058,22009061,3660.99,2.70080000,0
1506030045,22009051,3667.01,0.64764620,0
1506030044,22009050,3667.01,0.20000000,0
1506030044,22009049,3667.00,0.18083523,0
1506030044,22009048,3659.61,0.01626990,0
1506030044,22009047,3659.61,0.21721986,0
1506030040,22009037,3659.61,0.61669994,0
1506030040,22009036,3658.90,0.23348400,0
1506030034,22009028,3667.03,0.04989197,1
1506030033,22009024,3666.99,0.90882231,0
1506030026,22009014,3660.50,0.64336124,0
1506030026,22009013,3660.50,0.46545904,0
1506030024,22009008,3661.36,0.87760000,1
1506030023,22009007,3664.96,0.00139150,1
1506030023,22009006,3666.00,0.19376602,1
1506030003,22008999,3670.74,0.00785700,0
1506029990,22008983,3666.00,0.01623398,1
1506029989,22008982,3673.45,0.14343154,0
1506029989,22008980,3673.46,0.02956846,0
1506029972,22008964,3665.11,0.14021827,1
1506029966,22008952,3665.11,1.07540000,1
1506029955,22008943,3665.09,0.32336485,1
1506029927,22008932,3671.99,0.27106200,1
1506029904,22008930,3677.27,0.06784925,0
1506029901,22008929,3676.91,0.00770000,0
1506029890,22008925,3672.23,0.55850000,1
1506029890,22008924,3672.23,0.03000000,1
1506029889,22008923,3672.23,1.05000000,1
1506029868,22008919,3677.14,0.00593050,0
1506029868,22008917,3677.11,0.07562069,0
1506029867,22008916,3672.22,0.00608845,0
1506029866,22008913,3677.14,0.00505767,0
1506029866,22008912,3671.95,0.00421767,1
1506029865,22008911,3677.14,0.00507039,0
1506029864,22008910,3672.23,0.00598455,0
1506029863,22008909,3672.23,0.00483561,0
1506029862,22008908,3671.97,0.00258467,0
1506029862,22008907,3671.96,0.00176950,0
1506029856,22008896,3671.94,1.82460443,1
1506029853,22008894,3671.94,0.00367247,0
1506029838,22008884,3668.86,0.01398040,1
1506029837,22008883,3668.86,0.02915470,1
1506029808,22008867,3665.30,2.72540000,1
1506029803,22008864,3665.29,0.90248800,1
1506029797,22008858,3667.55,1.07541274,0
1506029793,22008857,3657.60,0.05000000,1
1506029793,22008856,3672.43,0.10378527,0
1506029792,22008855,3668.06,0.13000000,0
1506029792,22008854,3667.71,0.01400000,0
1506029778,22008843,3651.99,0.01000000,1
1506029776,22008842,3659.41,2.72900000,0
1506029766,22008836,3657.57,0.20330400,0
1506029765,22008835,3657.57,0.00600000,0
1506029763,22008834,3668.24,2.68634276,0
1506029762,22008833,3668.23,0.15000000,1
1506029762,22008831,3668.23,2.73580000,1
1506029762,22008830,3668.21,1.74300000,1
1506029762,22008828,3668.21,3.49650000,1
1506029761,22008827,3660.00,0.27594053,0
1506029760,22008826,3658.03,4.00000000,1
1506029760,22008825,3657.59,4.00000000,0
1506029760,22008824,3657.57,0.87150000,1
1506029760,22008823,3657.57,0.13000000,1
1506029759,22008822,3657.57,0.50000000,1
1506029757,22008821,3656.33,0.87150000,0
1506029752,22008819,3655.38,1.51680000,0
1506029749,22008818,3650.00,0.91955035,0
1506029749,22008817,3650.00,2.22610000,0
1506029748,22008815,3650.00,5.00000000,0
1506029741,22008810,3649.68,0.15218200,0
1506029741,22008809,3649.68,0.07925110,0
1506029738,22008808,3650.00,0.00291465,0
1506029738,22008807,3646.46,3.24115293,1
1506029738,22008806,3646.74,0.06349310,1
1506029737,22008805,3646.77,0.10002999,1
1506029735,22008804,3646.74,0.09630895,0
1506029733,22008801,3646.74,0.06349310,0
1506029729,22008798,3649.99,0.02589082,0
1506029729,22008797,3649.98,0.00150318,0
1506029725,22008795,3649.99,0.00500000,0
1506029720,22008794,3650.00,0.00510000,1
1506029720,22008793,3650.38,1.84633500,1
1506029710,22008788,3650.39,0.11065963,0
1506029706,22008777,3650.39,0.00360364,0
1506029704,22008775,3650.38,0.89310500,1
1506029704,22008774,3650.38,1.25639500,1
1506029703,22008770,3650.39,0.24310200,0
1506029702,22008767,3650.38,0.14823886,1
1506029701,22008763,3650.38,0.73164379,1
1506029701,22008762,3650.39,0.07431510,0
1506029700,22008760,3650.38,0.47000000,1
1506029698,22008755,3650.39,0.00230000,0
1506029695,22008750,3651.99,0.00590000,0
1506029693,22008744,3652.00,0.07845363,0
1506029690,22008740,3650.38,0.13316235,1
1506029687,22008736,3650.41,0.16490432,0
1506029676,22008709,3651.99,0.10279679,0
1506029670,22008697,3652.01,0.05258265,0
1506029670,22008696,3652.01,0.00451245,0
1506029670,22008695,3652.01,0.09574950,0
1506029670,22008694,3651.99,0.00287178,0
1506029667,22008688,3650.40,0.09555000,1
1506029665,22008687,3652.00,0.00445000,1
1506029661,22008685,3652.01,0.90060000,0
1506029654,22008681,3657.68,0.03888870,0
1506029646,22008656,3659.98,0.71993174,1
1506029646,22008653,3660.00,0.17217213,1
1506029640,22008639,3661.00,0.03000000,1
1506029637,22008631,3661.57,6.03539774,1
1506029637,22008629,3661.57,5.00000000,1
1506029636,22008625,3661.57,1.00000000,1
1506029636,22008622,3661.57,0.61987000,1
1506029635,22008618,3661.57,0.20205171,1
1506029632,22008610,3661.57,1.90569883,1
1506029617,22008601,3661.57,0.50600000,1
1506029611,22008593,3661.57,0.04912693,1
1506029610,22008591,3661.57,0.08500000,1
1506029597,22008572,3661.58,0.30000000,1
1506029597,22008568,3661.58,0.50000000,1
1506029594,22008565,3661.57,2.69051267,1
1506029589,22008562,3669.33,0.01172000,0
1506029585,22008561,3669.36,0.10002999,0
1506029585,22008560,3662.33,0.00580816,0
1506029584,22008556,3661.57,0.69709557,1
1506029584,22008555,3661.58,0.14000000,1
1506029583,22008554,3662.33,0.01144729,0
1506029566,22008543,3666.01,0.36090000,0
1506029561,22008541,3661.57,81.70924655,1
1506029561,22008539,3662.07,8.50582500,1
1506029560,22008538,3662.08,0.15000000,1
1506029560,22008536,3662.08,8.00000000,1
1506029560,22008535,3666.00,1.02000000,1
1506029560,22008534,3666.35,0.61492845,1
1506029557,22008528,3676.93,0.01639998,0
1506029553,22008525,3680.88,0.01996349,0
1506029531,22008518,3676.89,0.11501384,0
1506029529,22008517,3676.97,0.00200000,0
1506029517,22008510,3672.67,0.03494067,0
1506029515,22008508,3681.23,0.34439197,0
1506029515,22008507,3681.22,0.06000000,0
1506029514,22008506,3677.75,0.01000000,0
1506029514,22008505,3677.20,0.03238448,0
1506029514,22008504,3676.89,0.00367019,0
1506029514,22008503,3672.68,0.54434000,0
1506029514,22008502,3672.67,0.00231221,0
1506029492,22008489,3676.16,1.49459459,1
1506029490,22008482,3671.96,0.35849247,0
1506029487,22008476,3664.75,0.40986969,1
1506029487,22008475,3664.80,0.19000000,1
1506029487,22008474,3664.94,0.87150000,1
1506029486,22008473,3665.11,0.87150000,1
1506029486,22008471,3665.13,2.85563031,1
1506029486,22008470,3665.15,8.93000000,1
1506029486,22008469,3665.19,0.87150000,1
1506029468,22008445,3677.19,0.01663270,0
1506029468,22008444,3677.16,0.00503030,0
1506029456,22008429,3677.19,0.00396927,0
1506029456,22008428,3677.19,0.35485154,0
1506029456,22008427,3677.19,0.00448446,0
1506029448,22008421,3677.17,0.48351463,0
1506029442,22008419,3680.46,0.50774328,1
1506029441,22008418,3680.45,0.54070106,0
1506029438,22008417,3664.79,0.25149322,0
1506029438,22008416,3664.80,0.87700678,0
1506029436,22008415,3664.84,0.87150000,1
1506029433,22008411,3680.54,0.30181770,0
1506029432,22008410,3680.44,0.87087657,0
1506029429,22008407,3680.51,0.12539761,0
1506029429,22008406,3672.59,1.06851294,1
1506029428,22008405,3680.56,0.00529655,0
1506029414,22008391,3664.85,0.98503781,1
1506029414,22008390,3664.87,0.87150000,0
1506029413,22008389,3669.43,0.14346219,1
1506029410,22008386,3680.69,0.02713929,0
1506029410,22008385,3669.42,0.00286071,0
1506029410,22008384,3668.38,0.01655125,1
1506029409,22008383,3669.43,0.01107030,0
1506029408,22008381,3669.43,0.01416141,0
1506029407,22008380,3669.43,0.13145800,0
1506029406,22008365,3668.81,1.83276700,0
1506029404,22008339,3672.59,0.16723300,1
1506029402,22008336,3667.67,1.20892711,0
1506029401,22008335,3668.37,0.74884485,1
1506029400,22008332,3668.66,0.03045254,0
1506029399,22008330,3668.66,0.01177550,1
1506029399,22008329,3680.67,0.00613021,0
1506029397,22008328,3680.73,0.00506470,0
1506029396,22008327,3680.73,0.00510491,0
1506029395,22008326,3680.72,0.00598234,0
1506029394,22008325,3670.00,4.89580316,1
1506029393,22008324,3670.00,1.05544885,1
1506029393,22008323,3670.00,0.00987259,0
1506029392,22008322,3670.11,0.00987259,0
1506029391,22008321,3670.11,0.92480597,1
1506029387,22008312,3670.00,2.00000000,1
1506029385,22008311,3680.82,0.00480000,0
1506029383,22008310,3670.02,0.00176726,0
1506029382,22008307,3670.00,0.04874799,1
1506029382,22008303,3670.01,0.23000000,1
1506029381,22008302,3670.03,0.84975201,0
1506029380,22008301,3670.03,0.87150000,1
1506029379,22008300,3680.84,3.15230000,0
1506029374,22008297,3673.00,2.00000000,1
1506029370,22008295,3680.87,0.06623490,0
1506029369,22008294,3680.88,1.93472832,0
1506029367,22008292,3673.21,0.07379403,0
1506029367,22008291,3675.70,0.87150000,1
1506029365,22008290,3675.73,0.87150000,1
1506029365,22008289,3680.88,0.50000000,0
1506029360,22008285,3681.32,2.70670000,0
1506029359,22008284,3681.32,0.01868312,0
1506029359,22008283,3681.32,0.00160000,0
1506029352,22008277,3680.88,0.00000024,0
1506029351,22008274,3680.88,0.15901872,1
1506029350,22008273,3685.95,0.01000556,1
1506029350,22008272,3686.00,0.06394548,1
1506029350,22008270,3687.12,0.47629125,0
1506029347,22008268,3687.12,0.06028553,1
1506029346,22008267,3687.12,2.43330000,0
1506029345,22008265,3687.00,0.00193722,0
1506029343,22008263,3687.00,0.03000000,1
1506029343,22008262,3687.00,0.34806278,1
1506029328,22008255,3688.00,2.00000000,1
1506029294,22008245,3686.00,1.00000005,1
1506029294,22008244,3686.01,4.00000000,1
1506029292,22008242,3693.40,0.01529871,0
1506029289,22008241,3693.41,0.01405506,0
1506029283,22008235,3693.41,0.00009166,0
1506029283,22008234,3693.39,0.00148778,0
1506029283,22008233,3693.38,0.00473323,0
1506029282,22008232,3686.01,0.30613000,1
1506029246,22008217,3685.97,0.10000000,1
1506029240,22008212,3692.90,0.12323242,1
1506029238,22008209,3692.39,0.03000000,0
1506029238,22008208,3690.68,0.10682741,0
1506029226,22008199,3690.65,0.32850000,0
1506029200,22008180,3690.65,0.63682426,1
1506029199,22008179,3690.65,4.00000000,0
1506029185,22008171,3684.30,0.05000000,1
1506029184,22008170,3684.30,0.13047617,1
1506029184,22008169,3684.30,0.00070683,1
1506029182,22008165,3685.99,0.20588700,1
1506029176,22008149,3685.95,0.04319647,1
1506029175,22008148,3685.95,0.09256140,1
1506029174,22008140,3685.95,0.04379410,1
1506029169,22008131,3685.95,0.04315577,1
1506029167,22008129,3686.07,0.06223972,1
1506029166,22008128,3685.95,0.14046800,1
1506029163,22008126,3683.58,0.00529317,0
1506029162,22008125,3679.00,0.01158674,1
1506029153,22008112,3679.00,0.01000000,1
1506029124,22008096,3682.13,0.25289438,0
1506029124,22008095,3682.13,0.81575338,0
1506029123,22008094,3676.09,0.00735909,1
1506029122,22008093,3676.09,0.24540047,0
1506029103,22008077,3676.09,0.10000000,0
1506029090,22008075,3678.84,0.01011744,0
1506029070,22008052,3672.63,0.02000000,1
1506029050,22008042,3678.52,0.03578170,0
1506029050,22008041,3678.52,0.00475634,1
1506029048,22008040,3678.24,0.00176489,0
1506029044,22008039,3674.07,0.02128570,1
1506029035,22008031,3682.30,0.32760829,0
1506029035,22008030,3682.30,0.20000000,0
1506029035,22008029,3682.30,0.00393449,1
1506029034,22008028,3675.09,0.03000000,1
1506029033,22008025,3675.09,0.08956662,0
1506029032,22008022,3675.09,0.03907280,0
1506029030,22008020,3675.09,0.00139858,0
1506029016,22008009,3682.32,0.01657038,1
1506029016,22008008,3682.32,0.00312840,1
1506029016,22008007,3682.32,0.00140000,1
1506029015,22008006,3682.32,0.00149296,0
1506029008,22008005,3675.39,0.19309576,1
1506029008,22008004,3679.87,0.00000379,1
1506029007,22008002,3679.87,0.11736013,1
1506028997,22007993,3679.87,0.08263608,1
1506028991,22007986,3682.40,0.07920600,0
1506028985,22007985,3682.42,0.63657323,0
1506028964,22007952,3681.31,0.14252535,0
1506028961,22007930,3679.93,0.08230150,0
1506028958,22007922,3678.77,0.08317786,0
1506028958,22007921,3678.17,0.00285164,0
1506028947,22007892,3671.65,0.84523003,0
1506028947,22007891,3675.30,0.13543599,0
1506028946,22007890,3678.18,0.01933398,1
1506028945,22007888,3681.33,0.05309476,0
1506028941,22007880,3681.34,0.05309476,0
1506028939,22007878,3678.18,0.00500000,1
1506028933,22007859,3678.18,0.06156710,1
1506028931,22007849,3680.00,1.01000000,1
1506028919,22007795,3685.00,3.00000000,1
1506028919,22007794,3685.01,0.87760000,1
1506028919,22007793,3685.03,0.87150000,1
1506028918,22007791,3689.26,0.07228233,0
1506028913,22007770,3688.66,0.05933599,0
1506028908,22007758,3688.67,0.00270000,0
1506028906,22007751,3688.67,0.02759740,0
1506028903,22007747,3690.00,0.31000000,1
1506028903,22007746,3690.68,0.20000000,1
1506028896,22007731,3690.99,0.02301637,0
1506028895,22007730,3690.99,0.02416459,0
1506028895,22007729,3690.99,0.02891904,0
1506028888,22007724,3691.00,2.69770000,0
1506028887,22007723,3690.66,0.87150000,1
1506028887,22007722,3690.69,1.27370000,1
1506028886,22007721,3691.00,4.00000000,0
1506028886,22007720,3690.69,4.12850000,1
1506028886,22007718,3690.69,0.87150000,1
1506028885,22007717,3691.00,4.00000000,0
1506028885,22007716,3691.00,2.69690000,0
1506028885,22007715,3691.00,0.00139233,0
1506028882,22007714,3691.00,4.00000000,0
1506028882,22007713,3691.00,4.00000000,0
1506028881,22007712,3693.00,0.27594053,1
1506028881,22007711,3693.90,0.10000000,1
1506028881,22007710,3694.07,0.87150000,1
1506028881,22007709,3695.00,0.03005413,1
1506028869,22007704,3702.33,0.09783998,0
1506028869,22007702,3702.32,0.00175059,0
1506028868,22007701,3702.31,0.00418372,0
1506028868,22007700,3702.30,0.00337523,0
1506028868,22007699,3702.29,0.00283143,0
1506028868,22007698,3701.00,0.04693326,0
1506028866,22007697,3701.00,0.35306674,1
1506028862,22007688,3693.88,0.00268492,1
1506028858,22007684,3693.08,0.10794471,0
1506028852,22007678,3693.05,0.00140000,1
1506028848,22007673,3705.62,0.44844610,0
1506028848,22007672,3703.99,0.00139000,0
1506028846,22007668,3705.88,0.00138968,0
1506028844,22007663,3705.88,3.18677463,0
1506028843,22007662,3705.88,0.00256231,1
1506028843,22007661,3705.00,0.30000000,0
1506028843,22007658,3704.00,0.00166031,0
1506028842,22007657,3704.00,0.04433969,0
1506028842,22007656,3703.00,0.26000000,0
1506028842,22007655,3703.00,0.01441233,1
1506028841,22007654,3702.00,0.05000000,0
1506028841,22007653,3702.00,0.04600000,0
1506028841,22007652,3701.21,0.05041092,0
1506028840,22007650,3701.00,0.01000000,1
1506028839,22007648,3701.00,0.22926022,0
1506028837,22007646,3701.00,0.62760876,0
1506028830,22007613,3701.00,0.00565655,0
1506028828,22007606,3701.00,0.97739009,0
1506028825,22007600,3701.00,0.18887328,0
1506028820,22007593,3701.00,1.07717693,0
1506028819,22007590,3701.00,0.01858130,0
1506028817,22007588,3701.00,0.20885213,0
1506028817,22007587,3700.99,0.02884574,0
1506028806,22007577,3690.52,0.00140000,1
1506028805,22007576,3701.00,0.06277300,0
1506028803,22007571,3701.00,0.02340800,0
1506028802,22007566,3690.39,0.01514574,1
1506028802,22007565,3690.39,0.01370000,1
1506028792,22007551,3693.71,0.45471341,1
1506028769,22007534,3700.14,0.12994914,0
1506028768,22007533,3700.14,0.07209727,1
1506028768,22007532,3698.45,0.01332914,0
1506028766,22007526,3696.00,0.11700000,0
1506028765,22007522,3696.00,0.28300000,0
1506028764,22007520,3693.60,0.76760379,0
1506028764,22007519,3693.60,0.00500000,0
1506028764,22007517,3693.60,0.09732486,0
1506028763,22007513,3693.60,0.02177634,0
1506028763,22007512,3693.60,0.01000000,0
1506028761,22007509,3693.14,0.03184213,0
1506028759,22007502,3693.14,1.47264446,0
1506028755,22007500,3690.01,0.01332914,1
1506028753,22007497,3693.14,0.21260000,0
1506028753,22007496,3693.14,2.49060000,0
1506028744,22007488,3696.90,0.06205739,0
1506028743,22007486,3696.90,0.00429322,0
1506028743,22007485,3696.89,0.00256502,0
1506028743,22007484,3696.89,0.06457000,0
1506028737,22007468,3694.02,0.06457000,1
1506028735,22007467,3695.90,0.70530000,0
1506028735,22007466,3695.90,2.29470000,0
1506028733,22007465,3696.42,2.70530000,1
1506028729,22007461,3696.90,0.07497169,0
1506028727,22007454,3696.90,1.14693618,1
1506028726,22007448,3698.41,0.00364809,0
1506028725,22007445,3696.90,0.13776000,1
1506028725,22007444,3696.90,0.06131594,1
1506028723,22007439,3696.90,0.23436200,1
1506028721,22007434,3698.42,0.00478700,0
1506028721,22007433,3696.90,0.03000000,0
1506028721,22007431,3696.87,0.71532588,0
1506028714,22007405,3687.49,0.33053197,1
1506028714,22007404,3687.49,0.47812483,1
1506028713,22007403,3696.42,0.56388665,0
1506028711,22007398,3688.23,0.01820000,1
1506028711,22007397,3688.23,0.05566835,1
1506028711,22007396,3695.42,0.05572835,1
1506028710,22007395,3695.42,0.00558759,1
1506028708,22007388,3688.23,0.10075080,1
1506028707,22007382,3684.48,2.08787498,1
1506028706,22007381,3684.99,0.10682741,1
1506028706,22007380,3687.48,2.38996111,1
1506028704,22007376,3699.00,0.43119762,1
1506028703,22007374,3700.00,1.10726708,1
1506028703,22007373,3700.00,0.05000000,1
1506028702,22007371,3700.00,5.42020000,1
1506028702,22007370,3700.00,2.70760000,1
1506028701,22007369,3700.00,0.13400000,1
1506028700,22007361,3700.00,9.54538711,1
1506028699,22007359,3700.00,9.36726469,1
1506028699,22007357,3701.21,0.03448096,0
1506028698,22007356,3700.00,1.74300000,1
1506028698,22007354,3700.00,0.05000000,0
1506028698,22007353,3700.00,0.04600000,0
1506028697,22007352,3700.00,0.00500000,0
1506028697,22007351,3699.92,9.12000000,0
1506028697,22007349,3699.91,0.01000000,0
1506028697,22007348,3699.00,0.02200000,0
1506028697,22007347,3698.19,100.00000000,0
1506028697,22007346,3698.00,0.35000025,0
1506028697,22007345,3698.00,0.04600000,0
1506028697,22007344,3697.39,1.11701450,0
1506028697,22007343,3697.10,10.20027400,0
1506028696,22007342,3697.08,0.87150000,0
1506028696,22007341,3696.00,0.02000000,0
1506028696,22007340,3696.00,0.03502000,0
1506028696,22007339,3696.00,0.04600000,0
1506028696,22007338,3695.26,0.01600000,0
1506028696,22007337,3695.00,0.30000000,0
1506028696,22007336,3694.00,0.04600000,0
1506028696,22007335,3693.51,9.10580200,0
1506028695,22007334,3693.21,7.00000000,0
1506028695,22007333,3692.00,1.00000000,0
1506028695,22007332,3692.00,0.04600000,0
1506028695,22007331,3690.92,0.00039589,0
1506028695,22007330,3690.46,10.00000000,0
1506028695,22007329,3690.24,0.05000000,0
1506028695,22007328,3688.27,2.06356997,0
1506028695,22007327,3688.23,2.15876911,0
1506028692,22007325,3688.24,0.26650169,0
1506028687,22007316,3688.27,0.25152171,0
1506028685,22007314,3688.27,0.44126894,0
1506028685,22007313,3687.49,0.01445289,0
1506028684,22007308,3687.49,0.12882525,0
1506028683,22007307,3689.97,0.43281003,1
1506028683,22007306,3690.25,0.07971539,1
1506028683,22007303,3690.25,0.00284262,1
1506028682,22007301,3690.92,0.00506561,0
1506028681,22007295,3690.25,0.05702909,0
1506028681,22007294,3690.25,0.53448755,0
1506028680,22007293,3690.24,0.06000000,0
1506028680,22007291,3690.00,0.04600000,0
1506028680,22007290,3689.46,0.50000000,0
1506028680,22007288,3688.00,0.02500000,0
1506028680,22007287,3688.00,0.04600000,0
1506028680,22007286,3687.30,0.26467387,0
1506028679,22007285,3687.30,0.01770514,0
1506028679,22007284,3686.91,0.02741590,0
1506028679,22007283,3686.00,0.05000000,0
1506028679,22007282,3686.00,0.04082494,0
1506028679,22007281,3686.00,0.00517506,0
1506028678,22007280,3685.90,0.31718309,0
1506028678,22007279,3685.00,0.26650169,0
1506028676,22007274,3685.00,0.00601292,0
1506028674,22007271,3685.00,0.00785450,0
1506028672,22007269,3685.00,0.00785450,0
1506028672,22007267,3683.42,0.03923532,1
1506028671,22007258,3685.00,0.01177639,0
1506028671,22007257,3684.99,0.00393263,0
1506028655,22007241,3684.21,0.17426900,1
1506028653,22007239,3684.21,0.11911500,1
1506028651,22007199,3684.99,0.23386846,1
1506028648,22007189,3684.00,0.00147074,0
1506028648,22007188,3684.00,0.01127926,0
1506028648,22007187,3684.00,0.03325000,0
1506028648,22007186,3683.93,0.00257769,0
1506028640,22007171,3683.90,0.01817243,0
1506028636,22007140,3678.91,0.01000000,1
1506028635,22007135,3678.91,0.01833889,1
1506028631,22007120,3678.18,0.01072279,1
1506028631,22007117,3681.56,0.00761610,1
1506028631,22007116,3681.56,0.02000000,1
1506028630,22007115,3681.55,0.00230679,0
1506028630,22007113,3681.52,0.00284824,0
1506028628,22007105,3681.52,0.06231597,0
1506028628,22007102,3681.52,3.56563155,0
1506028627,22007090,3681.53,0.12463568,1
1506028627,22007087,3681.54,0.06494758,1
1506028627,22007082,3681.57,0.08487946,0
1506028626,22007081,3681.57,1.10517773,0
1506028626,22007080,3681.56,0.10000000,0
1506028625,22007078,3681.53,0.00420715,0
1506028622,22007056,3671.62,0.11300127,1
1506028620,22007051,3678.11,0.81684500,1
1506028620,22007047,3681.54,0.11132835,0
1506028619,22007046,3671.52,0.03298291,0
1506028618,22007034,3678.11,2.27960000,0
1506028618,22007031,3678.11,0.30210000,0
1506028617,22007030,3678.11,2.41820000,0
1506028617,22007028,3678.11,0.08335960,0
1506028617,22007027,3675.80,0.01737040,0
1506028615,22007014,3671.52,0.00340110,0
1506028614,22007004,3671.29,0.01070000,1
1506028614,22006999,3671.29,0.00615090,1
1506028614,22006997,3671.29,0.03277200,1
1506028613,22006993,3671.53,0.03394073,0
1506028612,22006982,3671.53,0.10833853,0
1506028612,22006971,3671.53,0.45298797,0
1506028608,22006929,3671.52,0.10882318,1
1506028607,22006916,3675.80,0.19377113,1
1506028606,22006905,3675.80,0.01710361,1
1506028604,22006889,3671.52,0.48976450,1
1506028604,22006888,3671.68,1.82140124,1
1506028604,22006887,3671.71,0.94449426,1
1506028604,22006881,3671.68,0.87760103,1
1506028604,22006880,3671.68,0.01093156,1
1506028603,22006876,3671.35,0.26090000,0
1506028602,22006863,3671.35,0.87150000,0
1506028601,22006859,3671.35,0.87760000,1
1506028595,22006832,3678.18,0.19604846,0
1506028594,22006826,3678.18,0.11620319,0
1506028594,22006824,3671.41,0.18263664,1
1506028594,22006822,3671.55,0.02736336,1
1506028594,22006818,3678.18,0.05178873,0
1506028593,22006814,3678.18,1.47992100,0
1506028592,22006809,3678.73,0.11620319,0
1506028592,22006806,3678.19,0.13280364,0
1506028591,22006802,3678.19,1.88060000,0
1506028590,22006800,3671.51,0.01051880,1
1506028588,22006789,3671.40,0.01000000,1
1506028588,22006787,3678.20,0.13249858,0
1506028586,22006779,3678.20,3.00350000,0
1506028586,22006775,3678.20,0.54134036,0
1506028585,22006773,3676.33,4.00000000,1
1506028584,22006766,3678.20,0.11611421,0
1506028584,22006765,3678.20,0.13270195,0
1506028581,22006761,3678.20,0.00938464,0
1506028581,22006760,3678.01,0.00364000,0
1506028581,22006759,3678.01,0.02000000,0
1506028580,22006758,3678.01,0.02000000,0
1506028579,22006757,3678.01,0.05636000,1
1506028576,22006754,3681.57,0.70157450,0
1506028576,22006753,3681.56,0.00529458,0
1506028575,22006752,3680.00,1.36138411,0
1506028575,22006751,3679.98,0.00007259,0
1506028574,22006750,3679.98,0.10682741,1
1506028573,22006747,3678.01,0.04364000,1
1506028568,22006741,3671.37,0.05550574,1
1506028561,22006731,3683.52,0.00138455,1
1506028558,22006722,3682.00,1.35264280,0
1506028558,22006721,3682.00,0.04600000,0
1506028558,22006720,3680.00,0.04000000,0
1506028557,22006719,3680.00,0.04600000,0
1506028557,22006718,3680.00,1.01093186,0
1506028539,22006701,3680.00,0.37730531,0
1506028539,22006699,3680.00,0.05293094,0
1506028538,22006698,3679.99,0.00447876,0
1506028538,22006697,3676.23,0.04116000,1
1506028535,22006693,3680.00,0.39082880,0
1506028535,22006690,3679.97,0.00421004,0
1506028535,22006688,3678.00,0.01000000,0
1506028534,22006685,3677.99,0.00176310,0
1506028511,22006620,3679.99,0.12625755,0
1506028511,22006618,3679.99,0.11629891,0
1506028511,22006615,3679.99,0.10048630,0
1506028510,22006614,3680.00,0.51907710,0
1506028510,22006612,3680.00,0.13249858,0
1506028509,22006610,3680.00,0.13249858,0
1506028508,22006608,3680.00,0.09643067,0
1506028508,22006606,3679.99,0.04158868,0
1506028507,22006603,3680.00,0.14354013,0
1506028506,22006599,3680.00,1.01000000,0
1506028505,22006598,3680.00,0.23395803,0
1506028505,22006597,3680.00,0.46133650,0
1506028505,22006596,3679.99,0.00312380,0
1506028505,22006595,3677.99,0.66386292,0
1506028503,22006594,3677.99,2.34534116,1
1506028503,22006593,3677.99,0.06813585,1
1506028503,22006592,3677.99,0.83927329,1
1506028503,22006591,3678.05,0.08338678,1
1506028500,22006585,3680.00,4.53866350,0
1506028500,22006584,3678.00,0.04600000,0
1506028498,22006578,3677.99,0.00743897,1
1506028493,22006573,3677.99,0.21191498,1
1506028492,22006571,3677.99,0.19546549,1
1506028492,22006570,3677.99,0.19566987,1
1506028480,22006542,3677.00,0.71233198,0
1506028480,22006539,3676.99,0.00312620,1
1506028479,22006536,3676.99,0.47835044,0
1506028479,22006532,3676.99,0.06684672,0
1506028477,22006520,3676.99,0.00480284,0
1506028476,22006513,3676.98,0.00421447,0
1506028472,22006507,3668.69,0.04117377,1
1506028472,22006501,3671.33,0.04117500,0
1506028465,22006487,3676.98,0.01700490,1
1506028464,22006486,3676.98,0.03922600,1
1506028461,22006480,3676.98,0.03324270,1
1506028458,22006461,3676.98,0.20713866,1
1506028458,22006459,3676.98,0.12120531,1
1506028457,22006455,3676.95,0.00366675,0
1506028454,22006436,3666.13,0.20712452,1
1506028449,22006430,3666.08,0.09523055,0
1506028448,22006424,3676.99,0.20630052,0
1506028446,22006421,3676.00,0.04600000,0
1506028446,22006420,3666.00,0.04855530,1
1506028445,22006419,3674.40,0.01564100,1
1506028445,22006418,3674.40,0.03154700,1
1506028435,22006408,3674.42,0.25707186,0
1506028434,22006407,3676.00,0.36722252,1
1506028434,22006406,3675.99,0.01000000,0
1506028433,22006403,3675.00,0.32549203,0
1506028433,22006401,3674.12,0.04200046,0
1506028433,22006400,3674.12,0.04034677,0
1506028433,22006398,3674.00,0.39324988,1
1506028432,22006395,3674.12,0.44765277,0
1506028432,22006394,3674.12,1.47000000,0
1506028431,22006393,3674.00,0.04600000,0
1506028431,22006392,3673.00,0.03000000,0
1506028430,22006390,3672.00,0.05000000,0
1506028430,22006389,3672.00,0.04600000,0
1506028430,22006388,3671.00,0.03000000,0
1506028429,22006387,3670.00,0.04600000,0
1506028429,22006386,3668.00,0.04600000,0
1506028429,22006384,3666.18,0.07908550,1
1506028428,22006382,3666.18,0.01700000,0
1506028428,22006379,3666.00,0.04600000,0
1506028428,22006378,3666.00,0.10000000,0
1506028428,22006377,3666.00,0.10000000,0
1506028424,22006372,3665.00,0.06000000,1
1506028421,22006370,3664.00,0.04600000,0
1506028421,22006369,3661.57,76.55500418,0
1506028419,22006367,3661.57,0.85000579,0
1506028419,22006366,3661.56,0.06000000,0
1506028417,22006365,3660.00,2.97453861,0
1506028417,22006364,3660.00,4.99990000,0
1506028416,22006363,3660.00,0.15000000,0
1506028415,22006362,3660.00,19.40000000,0
1506028407,22006352,3660.00,0.05510394,0
1506028396,22006342,3659.99,2.29930544,0
1506028396,22006341,3659.98,0.09618216,1
1506028387,22006336,3659.99,0.32617998,0
1506028385,22006335,3659.99,0.25196295,0
1506028385,22006334,3659.99,0.00149778,0
1506028381,22006331,3659.98,0.73682894,1
1506028367,22006315,3659.98,0.02000000,0
1506028366,22006314,3660.00,3.78209817,0
1506028366,22006313,3659.99,0.00150183,0
1506028358,22006305,3658.76,0.10355971,1
1506028352,22006303,3658.75,0.42807552,1
1506028346,22006301,3658.74,0.40997721,1
1506028345,22006299,3659.99,0.22740000,0
1506028343,22006296,3659.99,0.00275001,0
1506028343,22006293,3659.99,0.24966408,0
1506028340,22006291,3659.99,0.50000000,0
1506028335,22006290,3659.99,2.25500000,0
1506028335,22006289,3659.96,0.17593743,1
1506028326,22006287,3660.00,4.99262730,0
1506028326,22006286,3659.99,0.00505419,0
1506028326,22006285,3659.98,0.00231851,0
1506028316,22006271,3660.00,4.00000000,0
1506028306,22006265,3660.00,4.68742416,0
1506028299,22006257,3657.36,0.00500000,1
1506028297,22006255,3660.00,4.92713569,0
1506028297,22006254,3659.99,0.07000000,0
1506028296,22006252,3659.95,0.00286431,0
1506028286,22006250,3659.97,0.25946344,0
1506028279,22006244,3653.35,0.08897003,1
1506028278,22006243,3653.38,0.02597476,1
1506028271,22006237,3660.00,0.03117213,0
1506028271,22006233,3659.99,0.08000000,0
1506028270,22006228,3659.17,0.87150000,0
1506028270,22006225,3656.45,0.08889497,1
1506028264,22006224,3659.96,0.03421293,0
1506028264,22006223,3658.80,0.08000000,0
1506028264,22006222,3656.46,0.20000000,0
1506028264,22006221,3656.45,0.00177631,0
1506028264,22006220,3654.98,0.00423535,0
1506028264,22006219,3654.72,0.00204993,0
1506028255,22006203,3656.02,0.85631628,0
1506028255,22006202,3655.00,0.32449577,0
1506028255,22006201,3654.72,2.73730000,0
1506028250,22006197,3645.18,0.54788282,0
1506028248,22006195,3646.52,0.13619342,1
1506028242,22006190,3654.75,0.08188795,1
1506028240,22006189,3654.75,2.57390368,0
1506028240,22006188,3654.73,0.87150000,0
1506028240,22006187,3653.91,0.05459632,0
1506028235,22006185,3646.52,0.28211048,1
1506028235,22006184,3648.98,0.00167625,1
1506028223,22006182,3653.91,0.05459905,1
1506028221,22006177,3654.79,0.18429325,0
1506028220,22006176,3654.75,0.87150000,0
1506028220,22006174,3650.22,2.73810000,0
1506028220,22006173,3650.00,0.10754402,0
1506028220,22006172,3649.00,0.02956273,0
1506028218,22006170,3648.98,0.01000000,0
1506028210,22006169,3649.00,0.88575714,0
1506028210,22006168,3648.98,0.74175049,0
1506028210,22006167,3648.96,0.00506721,0
1506028210,22006166,3648.95,0.00342516,0
1506028209,22006165,3646.53,0.08971733,1
1506028205,22006164,3648.97,0.02514956,0
1506028204,22006162,3648.97,0.02000000,0
1506028191,22006159,3646.52,0.16603972,1
1506028189,22006158,3646.52,0.14542800,1
1506028189,22006157,3648.97,0.06000000,0
1506028184,22006154,3648.98,0.00508794,0
1506028180,22006150,3648.98,0.00123412,0
1506028180,22006149,3648.98,0.00397301,0
1506028177,22006147,3649.00,0.00373309,0
1506028177,22006146,3648.99,0.00232567,0
1506028173,22006143,3649.00,0.01236342,0
1506028172,22006142,3649.00,0.01236342,0
1506028171,22006141,3643.70,0.08104952,1
1506028169,22006138,3649.00,0.01938808,0
1506028169,22006137,3648.97,0.00533878,0
1506028150,22006127,3648.99,0.00728700,0
1506028150,22006125,3648.61,0.01000000,0
1506028145,22006119,3647.05,0.25436449,0
1506028123,22006108,3647.85,0.00226958,1
1506028123,22006105,3647.85,0.09818386,1
1506028122,22006104,3646.56,0.00506965,1
1506028122,22006103,3646.56,0.10000000,0
1506028122,22006102,3646.50,0.00369643,0
1506028117,22006100,3640.10,0.10000000,0
1506028115,22006096,3645.63,0.07209202,0
1506028110,22006094,3640.20,0.79555182,1
1506028110,22006093,3640.20,0.03449270,1
1506028108,22006092,3642.10,0.24991066,1
1506028096,22006090,3642.10,0.00485994,1
1506028060,22006060,3639.71,0.04918894,0
1506028052,22006056,3647.93,0.26873993,0
1506028052,22006055,3647.91,0.00452101,0
1506028042,22006053,3639.38,0.25000000,1
1506028026,22006051,3645.96,0.15184204,0
1506027988,22006029,3647.93,0.23000000,0
1506027988,22006028,3647.90,0.50000000,0
1506027982,22006023,3635.10,0.50000000,1
1506027982,22006022,3647.93,0.21442751,0
1506027982,22006021,3644.07,2.74490000,0
1506027981,22006020,3638.67,0.03641626,0
1506027981,22006019,3638.66,0.00425623,0
1506027978,22006017,3634.97,0.13766799,1
1506027977,22006016,3634.97,0.01099120,1
1506027976,22006014,3638.67,0.03188303,0
1506027935,22005995,3648.00,0.26688886,0
1506027900,22005947,3648.54,0.10904393,0
1506027874,22005933,3638.06,1.04627460,1
1506027873,22005932,3638.06,0.47153438,1
1506027873,22005931,3638.69,0.02690000,1
1506027867,22005875,3639.19,0.08530000,1
1506027859,22005859,3639.16,0.02000000,1
1506027858,22005858,3639.16,0.11190000,1
1506027845,22005850,3648.67,0.05177366,0
1506027829,22005819,3648.77,1.24043015,1
1506027829,22005818,3648.77,0.90000000,1
1506027828,22005815,3648.77,0.00396959,0
1506027828,22005814,3648.76,0.20000000,0
1506027828,22005813,3648.76,0.00314924,0
1506027815,22005781,3648.85,0.89393370,1
1506027813,22005780,3648.18,0.08680000,0
1506027810,22005778,3638.97,0.05333550,1
1506027807,22005773,3648.89,0.42270847,0
1506027781,22005760,3648.97,0.06924856,0
1506027768,22005753,3649.35,0.03691640,0
1506027767,22005751,3645.79,0.12000000,0
1506027758,22005744,3645.80,0.07740730,0
1506027758,22005743,3645.77,0.10781723,0
1506027754,22005735,3645.80,0.75554734,0
1506027734,22005720,3652.67,0.75302264,0
1506027733,22005718,3652.66,0.21278045,0
1506027733,22005715,3650.86,0.00144000,0
1506027732,22005714,3650.85,0.12372941,1
1506027731,22005713,3650.85,0.02604200,0
1506027726,22005706,3650.86,0.00826380,1
1506027726,22005705,3652.65,0.00474000,0
1506027698,22005673,3650.86,0.27325069,0
1506027647,22005641,3652.23,0.15822277,0
1506027642,22005636,3652.26,0.04371748,1
1506027633,22005627,3643.42,0.27078000,1
1506027633,22005626,3649.00,0.02922000,1
1506027623,22005621,3653.41,0.07463015,0
1506027603,22005599,3652.94,0.07183353,1
1506027603,22005598,3652.94,0.00533392,1
1506027600,22005595,3652.26,0.06000000,0
1506027600,22005594,3652.25,0.00451245,0
1506027599,22005593,3651.64,0.14396964,0
1506027595,22005588,3643.25,0.58877408,1
1506027595,22005587,3647.63,0.41122592,1
1506027595,22005586,3652.26,0.05000000,0
1506027592,22005576,3653.48,0.70626734,1
1506027592,22005575,3653.30,0.00259552,0
1506027591,22005574,3647.63,0.86273014,0
1506027589,22005572,3652.27,0.93033842,0
1506027589,22005571,3652.19,0.64125458,0
1506027586,22005570,3643.27,0.16519590,1
1506027584,22005569,3652.27,0.00560442,0
1506027583,22005567,3653.31,0.27894356,0
1506027564,22005554,3652.17,0.01991865,0
1506027563,22005551,3649.00,1.80085644,0
1506027562,22005550,3649.00,5.27894356,0
1506027558,22005547,3649.00,2.92020000,0
1506027547,22005533,3653.51,0.35874542,1
1506027547,22005532,3652.45,0.12457000,0
1506027546,22005531,3650.58,0.01000000,0
1506027546,22005530,3650.58,0.00165746,0
1506027546,22005529,3650.00,0.80271443,0
1506027544,22005528,3650.00,0.08224174,0
1506027544,22005527,3649.99,0.00479002,0
1506027544,22005525,3647.77,0.07160024,0
1506027542,22005523,3647.77,0.06343600,0
1506027535,22005518,3647.77,0.04311715,1
1506027531,22005516,3647.76,0.10818269,1
1506027523,22005509,3650.00,0.11504383,0
1506027522,22005507,3649.00,0.96491135,0
1506027515,22005502,3649.00,0.00614790,0
1506027512,22005499,3649.00,0.00502673,0
1506027512,22005498,3648.99,0.00342286,0
1506027507,22005491,3649.00,0.00844959,0
1506027505,22005487,3649.00,8.00000000,0
1506027503,22005484,3649.00,0.01689920,0
1506027501,22005483,3649.00,0.03379842,0
1506027483,22005478,3639.52,0.27622973,1
1506027479,22005474,3649.00,0.20741381,0
1506027477,22005473,3649.00,0.75735300,0
1506027477,22005472,3648.40,0.87150000,0
1506027477,22005471,3644.00,0.50000000,0
1506027477,22005470,3643.98,0.00534700,0
1506027467,22005464,3640.00,8.45583719,0
1506027466,22005463,3639.61,0.02777500,1
1506027460,22005459,3640.00,0.01000000,0
1506027457,22005458,3640.00,0.05540840,0
1506027457,22005457,3639.99,0.00150860,0
1506027455,22005456,3640.00,0.04691700,0
1506027431,22005449,3640.00,0.28947708,0
1506027431,22005448,3635.15,0.15066349,0
1506027430,22005447,3635.15,0.54933651,1
1506027430,22005446,3638.69,2.70193400,0
1506027429,22005445,3639.16,0.02308300,1
1506027429,22005444,3639.32,0.02308300,1
1506027429,22005443,3640.00,0.00287972,0
1506027428,22005442,3640.00,0.12030219,0
1506027427,22005441,3640.00,4.99712028,0
1506027427,22005440,3639.98,0.00287972,0
1506027427,22005439,3639.97,0.00150976,0
1506027426,22005438,3639.15,0.00425720,0
1506027424,22005434,3639.16,0.12608678,0
1506027424,22005431,3639.16,0.63430800,0
1506027416,22005427,3639.32,0.34540047,0
1506027407,22005425,3640.00,5.00000000,0
1506027406,22005424,3640.00,2.24980000,0
1506027406,22005423,3638.63,2.75020000,0
1506027405,22005422,3640.00,1.63547802,0
1506027404,22005421,3640.00,0.00067582,0
1506027403,22005420,3638.68,2.75060000,0
1506027403,22005419,3636.15,0.10000000,0
1506027395,22005418,3635.00,1.09164906,0
1506027394,22005417,3635.00,0.04879681,0
1506027389,22005412,3635.00,0.45803066,0
1506027388,22005411,3634.99,0.00536009,0
1506027388,22005410,3634.98,0.00316136,0
1506027388,22005408,3634.97,0.00150748,0
1506027388,22005407,3634.96,0.00288401,0
1506027373,22005395,3629.95,0.38000000,1
1506027372,22005394,3635.00,0.27120000,0
1506027370,22005393,3635.00,0.27120000,0
1506027368,22005392,3635.00,0.27120000,0
1506027366,22005389,3638.60,0.27120000,1
1506027364,22005385,3638.48,0.07928900,0
1506027349,22005375,3627.12,0.52850000,0
1506027349,22005374,3627.12,0.87150000,0
1506027337,22005370,3631.55,0.02977598,0
1506027337,22005369,3630.37,0.04515582,0
1506027337,22005367,3630.35,0.00288803,0
1506027332,22005364,3630.37,0.03280850,0
1506027299,22005348,3638.85,0.40000000,0
1506027296,22005347,3638.86,0.00334988,0
1506027294,22005346,3628.93,0.55552176,0
1506027292,22005345,3630.30,0.15670773,1
1506027292,22005344,3630.30,0.37624132,1
1506027286,22005343,3634.71,2.74540000,1
1506027248,22005331,3634.69,0.07668591,1
1506027248,22005330,3638.44,0.05000000,1
1506027248,22005329,3638.44,0.05000000,1
1506027248,22005328,3638.44,0.05000000,1
1506027248,22005327,3638.44,0.05000000,1
1506027248,22005326,3638.71,0.46331409,1
1506027244,22005324,3639.96,0.25485994,0
1506027227,22005319,3638.71,0.01343000,1
1506027226,22005318,3638.71,0.02739700,1
1506027219,22005316,3640.00,0.80114560,0
1506027218,22005315,3639.91,0.00343307,0
1506027213,22005312,3639.99,0.16245738,1
1506027209,22005311,3639.96,0.80560251,1
1506027209,22005310,3639.96,0.00480474,0
1506027198,22005306,3638.79,0.05000000,0
1506027198,22005305,3638.79,0.05000000,0
1506027197,22005304,3638.71,0.01534247,1
1506027175,22005291,3632.35,0.13510624,1
1506027175,22005290,3638.27,0.03000000,0
1506027170,22005285,3640.00,0.03492299,0
1506027170,22005284,3639.95,0.00507701,0
1506027168,22005282,3638.67,0.04000000,0
1506027167,22005281,3632.24,0.02236854,1
1506027166,22005280,3638.28,0.04000000,1
1506027166,22005279,3638.30,0.04000000,1
1506027166,22005278,3638.71,0.03440117,1
1506027147,22005266,3638.29,0.01000000,0
1506027146,22005263,3638.82,0.02000000,1
1506027144,22005258,3638.28,0.01000000,0
1506027127,22005253,3640.00,1.30003571,0
1506027127,22005252,3639.94,0.00178275,1
1506027124,22005251,3639.94,0.06302851,0
1506027104,22005191,3638.85,0.00274537,0
1506027100,22005188,3638.44,0.02343523,1
1506027099,22005187,3638.44,0.00398037,0
1506027096,22005185,3638.43,0.01000000,0
1506027090,22005182,3630.43,0.08548000,1
1506027081,22005174,3638.87,0.05230000,0
1506027072,22005158,3638.85,0.08381734,0
1506027064,22005143,3630.31,0.00274369,0
1506027061,22005136,3638.88,0.01112708,0
1506027060,22005135,3638.58,0.00714458,0
1506027060,22005134,3638.50,0.00398250,0
1506027059,22005133,3638.47,0.34050273,0
1506027057,22005129,3630.30,0.15677042,1
1506027047,22005106,3630.30,0.08210167,0
1506027046,22005104,3630.30,0.05000000,0
1506027046,22005100,3630.30,0.10000000,0
1506027046,22005099,3630.30,0.10000000,0
1506027046,22005098,3630.30,0.04435286,0
1506027038,22005085,3626.50,1.19694360,1
1506027038,22005083,3627.23,0.04417800,1
1506027037,22005082,3627.33,0.00708960,0
1506027037,22005081,3627.33,0.04485778,0
1506027037,22005080,3627.33,0.87150000,0
1506027036,22005079,3627.33,0.98350000,0
1506027036,22005078,3627.34,0.15193102,1
1506027023,22005070,3630.80,0.89900000,1
1506027022,22005069,3639.99,0.13880972,0
1506027022,22005068,3632.64,0.39980156,0
