date,tid,price,amount,type
1506038258,22014349,0.07138000,0.12216099,0
1506038222,22014334,0.07142000,0.09486000,1
1506038221,22014333,0.07142000,0.30000000,1
1506038154,22014326,0.07151997,0.33462429,0
1506038084,22014301,0.07145601,2.79000000,1
1506038046,22014293,0.07145601,2.34896655,1
1506038044,22014292,0.07150000,1.50000000,1
1506037905,22014255,0.07152000,2.79000000,1
1506037880,22014240,0.07168000,2.00000000,1
1506037865,22014229,0.07158000,0.30000000,1
1506037855,22014207,0.07161149,18.11294263,1
1506037842,22014203,0.07174039,0.83634673,0
1506037802,22014186,0.07174719,0.22000000,0
1506037764,22014183,0.07161149,0.44618000,1
1506037760,22014182,0.07161149,0.83785437,1
1506037749,22014175,0.07161149,0.04123208,1
1506037749,22014174,0.07161349,0.83785437,1
1506037743,22014169,0.07162000,0.36583777,1
1506037743,22014168,0.07162135,0.00007958,1
1506037730,22014162,0.07162135,1.99992042,1
1506037581,22014063,0.07161149,0.83620208,1
1506037577,22014062,0.07161149,0.47900000,1
1506037570,22014061,0.07161149,0.29587605,1
1506037569,22014059,0.07161149,0.14274497,1
1506037569,22014057,0.07161349,0.83620208,1
1506037569,22014056,0.07161358,1.48914495,1
1506037535,22014048,0.07162000,0.47900000,1
1506037468,22014025,0.07161149,0.83576645,1
1506037443,22014012,0.07161149,2.27220137,1
1506037443,22014011,0.07164500,0.60856363,1
1506037304,22013977,0.07164500,0.22720282,1
1506037260,22013966,0.07164300,0.83618577,1
1506037248,22013960,0.07165100,0.62477513,1
1506037247,22013959,0.07165100,4.37522487,1
1506037247,22013958,0.07165407,0.83618577,1
1506037247,22013957,0.07165408,1.60358936,1
1506037207,22013943,0.07179097,0.33520199,0
1506037195,22013935,0.07179105,1.45817352,0
1506037192,22013930,0.07179105,2.15420092,0
1506037190,22013928,0.07179103,0.86436982,1
1506037161,22013905,0.07179124,0.23055150,0
1506037111,22013872,0.07165420,0.28900000,1
1506037047,22013859,0.07165207,0.47194288,1
1506036992,22013850,0.07172997,7.67548068,1
1506036988,22013844,0.07175489,1.24738464,0
1506036988,22013843,0.07175488,6.32500000,0
1506036987,22013842,0.07173000,0.00011536,0
1506036936,22013785,0.07167000,0.06797901,0
1506036930,22013782,0.07167000,1.80000000,0
1506036915,22013745,0.07173000,1.79988464,0
1506036914,22013744,0.07169100,0.00007690,0
1506036914,22013737,0.07169100,4.99992310,0
1506036906,22013701,0.07167800,0.97786000,0
1506036906,22013700,0.07167799,0.52999500,0
1506036905,22013699,0.07167787,5.69912000,0
1506036894,22013681,0.07165000,0.30000000,0
1506036810,22013655,0.07158500,4.99972400,0
1506036810,22013654,0.07158500,0.00027600,0
1506036809,22013653,0.07158499,4.99972400,0
1506036688,22013609,0.07142027,1.93412600,1
1506036684,22013604,0.07142013,2.17244858,1
1506036682,22013600,0.07142013,1.59255047,1
1506036682,22013599,0.07142016,4.30000000,1
1506036679,22013595,0.07151220,0.00027600,0
1506036679,22013594,0.07143633,0.39486000,0
1506036676,22013592,0.07151000,1.49400000,1
1506036565,22013536,0.07151811,0.70000000,1
1506036492,22013497,0.07169100,1.09500000,0
1506036454,22013492,0.07167400,3.16815500,0
1506036379,22013450,0.07163594,5.00000000,0
1506036332,22013433,0.07149800,4.99999500,1
1506036325,22013424,0.07149800,1.14119000,1
1506036246,22013390,0.07149800,4.20000000,1
1506036233,22013380,0.07149800,2.73749500,1
1506036150,22013292,0.07163000,1.36800000,1
1506036142,22013278,0.07163000,2.23200000,1
1506036136,22013272,0.07163056,2.31330352,0
1506036127,22013269,0.07163059,4.42144843,1
1506036127,22013268,0.07163059,5.55109200,1
1506036014,22013212,0.07163152,0.36570000,0
1506035895,22013146,0.07162952,0.83764288,0
1506035845,22013124,0.07149800,0.00000006,1
1506035845,22013123,0.07149803,10.56040894,1
1506035843,22013113,0.07149800,7.06549200,1
1506035830,22013098,0.07149803,0.29999500,0
1506035790,22013061,0.07152099,2.18400000,1
1506035787,22013059,0.07152093,0.12114500,0
1506035781,22013057,0.07152099,2.24422400,0
1506035775,22013052,0.07149800,0.05280800,0
1506035775,22013050,0.07149000,0.20968400,0
1506035762,22013038,0.07150000,0.26931600,0
1506035744,22013024,0.07135219,0.83787215,1
1506035729,22012995,0.07145200,1.82841985,1
1506035729,22012994,0.07148000,0.83787215,1
1506035721,22012986,0.07147800,0.98007400,1
1506035720,22012985,0.07147800,0.53635513,1
1506035720,22012984,0.07148000,0.30000000,1
1506035707,22012949,0.07156417,0.00005613,1
1506035707,22012948,0.07162997,2.75000000,1
1506035705,22012935,0.07156417,0.66951600,1
1506035688,22012898,0.07156450,0.16020000,1
1506035649,22012833,0.07156450,0.63909600,1
1506035647,22012828,0.07156450,5.48957200,1
1506035647,22012827,0.07157000,0.47900000,1
1506035645,22012826,0.07156450,1.85447082,1
1506035644,22012825,0.07156451,0.38845118,1
1506035644,22012824,0.07156451,1.32394200,1
1506035643,22012822,0.07156450,12.65823100,1
1506035642,22012820,0.07156450,6.00443000,1
1506035638,22012819,0.07156450,7.32837200,1
1506035634,22012814,0.07156450,24.77965089,1
1506035634,22012813,0.07156451,7.80269311,1
1506035618,22012790,0.07156450,85.27143293,1
1506035618,22012789,0.07156451,1.85858535,1
1506035618,22012787,0.07156484,0.83913200,1
1506035618,22012786,0.07156520,2.71301172,1
1506035598,22012743,0.07156519,2.43999000,1
1506035596,22012740,0.07156516,0.15906170,0
1506035584,22012730,0.07156516,0.96000000,0
1506035549,22012721,0.07156463,0.36491491,1
1506035525,22012690,0.07156517,0.16678300,1
1506035341,22012513,0.07170291,1.00000000,0
1506035226,22012495,0.07156448,0.29900000,1
1506035216,22012490,0.07170200,0.83938389,0
1506035174,22012472,0.07156420,0.46171500,1
1506035159,22012456,0.07164000,0.33524542,1
1506035154,22012452,0.07156417,0.16678300,1
1506035153,22012449,0.07173987,0.16664373,1
1506035143,22012432,0.07156217,0.83938389,0
1506035096,22012410,0.07174000,0.00010677,1
1506035095,22012408,0.07174000,3.59989323,1
1506034982,22012330,0.07172000,1.78710100,0
1506034981,22012329,0.07171997,0.28900000,0
1506034909,22012294,0.07160242,1.78710600,1
1506034907,22012290,0.07168164,0.65891900,0
1506034906,22012289,0.07167000,0.47880000,0
1506034747,22012131,0.07169200,5.00000000,1
1506034747,22012129,0.07169201,4.25704388,1
1506034741,22012121,0.07184994,0.53780800,0
1506034736,22012114,0.07171300,4.99999953,1
1506034736,22012113,0.07171301,0.99343047,1
1506034711,22012074,0.07185000,3.60000000,1
1506034704,22012062,0.07183461,1.97657957,1
1506034704,22012061,0.07185000,0.00000018,1
1506034700,22012056,0.07185000,1.78254300,1
1506034672,22011968,0.07170500,5.00000000,1
1506034667,22011939,0.07189472,4.03106300,0
1506034575,22011775,0.07179500,0.00000049,1
1506034574,22011774,0.07180000,0.47880000,1
1506034573,22011773,0.07179500,4.99999951,1
1506034573,22011772,0.07180579,0.18829749,1
1506034559,22011761,0.07181000,5.00000000,1
1506034458,22011704,0.07183200,1.74126200,1
1506034336,22011654,0.07191000,3.47215300,1
1506034336,22011653,0.07191019,2.79000000,1
1506034329,22011646,0.07200999,2.79000000,0
1506034143,22011574,0.07215210,1.10951794,1
1506034142,22011573,0.07215202,7.04282300,1
1506034142,22011572,0.07192900,5.00000000,0
1506034141,22011571,0.07190695,2.79000000,0
1506034003,22011515,0.07177969,0.62995132,0
1506033966,22011497,0.07165000,2.79000000,0
1506033965,22011494,0.07165000,2.21000000,0
1506033957,22011472,0.07164396,2.79000000,0
1506033957,22011471,0.07150000,0.00000032,0
1506033952,22011469,0.07150000,2.54060300,0
1506033908,22011454,0.07150000,1.62001300,0
1506033904,22011452,0.07150000,0.83938389,0
1506033896,22011435,0.07150000,5.15437100,0
1506033895,22011429,0.07150000,9.84562879,0
1506033895,22011428,0.07149999,3.36350921,0
1506033893,22011425,0.07149700,5.00000000,0
1506033891,22011419,0.07148097,0.33643165,1
1506033890,22011418,0.07148100,5.00000000,0
1506033861,22011409,0.07141299,4.29265500,0
1506033851,22011405,0.07141300,0.70734500,0
1506033847,22011400,0.07131400,1.33943400,0
1506033846,22011398,0.07131400,2.56795100,0
1506033845,22011397,0.07131400,0.38527000,0
1506033840,22011396,0.07131300,0.16372095,1
1506033646,22011339,0.07115503,0.64126270,0
1506033630,22011331,0.07132400,0.10000000,0
1506033628,22011327,0.07132402,0.10000000,0
1506033626,22011323,0.07132403,0.10000000,0
1506033624,22011321,0.07132404,0.10000000,0
1506033622,22011320,0.07132408,0.10000000,0
1506033596,22011312,0.07132434,0.10000000,0
1506033594,22011311,0.07132434,0.10000000,0
1506033593,22011308,0.07132110,0.10000000,0
1506033590,22011307,0.07132109,0.10000000,0
1506033588,22011306,0.07132110,0.10000000,0
1506033587,22011303,0.07132107,0.10000000,0
1506033553,22011298,0.07132131,0.84126270,0
1506033511,22011282,0.07132195,0.64473758,0
1506033491,22011272,0.07132203,2.05096489,0
1506033490,22011270,0.07132204,1.72473937,0
1506033466,22011260,0.07132233,0.65854752,0
1506033460,22011258,0.07115506,0.31942002,0
1506033459,22011257,0.07115507,0.52181720,1
1506033455,22011255,0.07132237,0.52059323,0
1506033447,22011250,0.07115800,2.16185165,1
1506033396,22011216,0.07132308,2.79000000,0
1506033369,22011197,0.07132338,0.29614722,1
1506033368,22011196,0.07132338,0.54509000,0
1506033272,22011176,0.07117336,0.84094870,1
1506033179,22011100,0.07134799,0.84094870,0
1506033143,22011084,0.07119906,0.14061000,1
1506033085,22011044,0.07119604,0.84030035,1
1506033009,22011000,0.07136456,2.79000000,0
1506032943,22010963,0.07138368,0.43079700,0
1506032869,22010925,0.07140287,0.84030035,0
1506032842,22010913,0.07118003,0.75817194,1
1506032824,22010904,0.07140037,0.91760000,0
1506032823,22010903,0.07138500,0.08240000,0
1506032788,22010893,0.07138000,0.75817194,1
1506032777,22010890,0.07138000,0.08240000,0
1506032715,22010869,0.07117122,0.97738266,1
1506032710,22010866,0.07127000,0.10000000,0
1506032708,22010865,0.07127000,0.10000000,0
1506032706,22010864,0.07127000,0.10000000,0
1506032704,22010861,0.07127000,0.10000000,0
1506032701,22010858,0.07128000,0.10000000,0
1506032699,22010857,0.07128000,0.10000000,0
1506032697,22010856,0.07128000,0.10000000,0
1506032695,22010855,0.07128544,0.10000000,0
1506032693,22010853,0.07128544,0.10000000,0
1506032626,22010829,0.07150000,4.99992373,0
1506032615,22010815,0.07141700,5.00000000,0
1506032605,22010808,0.07141500,5.00000000,0
1506032553,22010776,0.07144500,1.10240000,0
1506032463,22010749,0.07137500,5.00000000,1
1506032456,22010745,0.07137503,5.00000000,1
1506032447,22010744,0.07139900,5.00000000,1
1506032438,22010741,0.07141300,4.12170600,1
1506032434,22010719,0.07142000,0.87829371,1
1506032426,22010716,0.07142100,1.24440000,1
1506032418,22010712,0.07142500,3.02649400,1
1506032418,22010711,0.07143300,1.00000000,1
1506032413,22010709,0.07143301,1.00000000,1
1506032401,22010703,0.07161973,0.80000000,0
1506032400,22010702,0.07143300,0.78213151,1
1506032394,22010691,0.07161978,0.97738266,1
1506032363,22010678,0.07161997,0.50521000,0
1506032362,22010677,0.07148000,0.87829400,1
1506032362,22010676,0.07149000,0.48240000,1
1506032361,22010675,0.07149003,1.49996000,1
1506032358,22010673,0.07148000,0.50000000,1
1506032357,22010672,0.07147500,1.50000100,0
1506032341,22010669,0.07146800,0.33170000,1
1506032341,22010668,0.07149000,0.30000000,1
1506032223,22010616,0.07164500,3.40431705,0
1506032221,22010614,0.07164500,0.75865967,0
1506032157,22010593,0.07142017,0.97588191,1
1506032133,22010585,0.07153400,5.00000000,1
1506032068,22010550,0.07155400,3.55175400,1
1506032056,22010543,0.07155500,0.94718900,1
1506031997,22010501,0.07155800,0.22206100,1
1506031983,22010489,0.07172997,2.00000000,0
1506031969,22010474,0.07172999,0.97588191,0
1506031968,22010472,0.07156900,1.35270145,1
1506031968,22010471,0.07156901,0.97754955,1
1506031962,22010468,0.07156901,2.66974900,1
1506031930,22010447,0.07164297,4.04842857,0
1506031930,22010446,0.07161800,0.97754955,0
1506031856,22010404,0.07160800,0.97754427,0
1506031815,22010375,0.07157900,0.97606700,0
1506031767,22010347,0.07157899,1.25532011,0
1506031767,22010346,0.07157893,3.44542339,0
1506031688,22010302,0.07157899,0.92825339,0
1506031639,22010255,0.07142100,2.43770292,1
1506031637,22010250,0.07142011,2.59221900,1
1506031591,22010232,0.07154103,6.88731217,0
1506031590,22010231,0.07154090,3.64142000,0
1506031558,22010208,0.07154300,2.34013737,0
1506031557,22010207,0.07154300,1.98419176,0
1506031552,22010203,0.07145379,2.15546800,0
1506031552,22010202,0.07144000,0.30100000,0
1506031301,22009927,0.07145412,10.50494749,1
1506031300,22009926,0.07145417,0.14008999,1
1506031224,22009899,0.07159200,4.81192772,1
1506031224,22009898,0.07160000,0.30100000,1
1506031224,22009897,0.07161609,0.97607228,1
1506031126,22009857,0.07151610,0.97483532,1
1506031084,22009850,0.07164900,2.01620900,0
1506031083,22009848,0.07164900,0.84205645,0
1506031081,22009845,0.07159704,0.15794355,0
1506031075,22009839,0.07159000,0.30100000,0
1506030931,22009758,0.07161613,2.79000000,1
1506030893,22009717,0.07171996,2.78567200,1
1506030877,22009707,0.07172996,1.47432800,1
1506030876,22009706,0.07172000,0.48100000,0
1506030723,22009600,0.07177000,0.48100000,1
1506030722,22009599,0.07190873,3.00000000,0
1506030713,22009572,0.07175701,0.68088382,1
1506030527,22009411,0.07191000,0.34150742,0
1506030431,22009365,0.07178200,0.87336500,1
1506030431,22009364,0.07178200,5.00000000,0
1506030349,22009340,0.07164101,2.63160000,1
1506030312,22009330,0.07167600,0.40075700,1
1506030269,22009294,0.07180294,2.79000000,1
1506030267,22009293,0.07183998,3.62122116,1
1506030267,22009290,0.07180294,2.79000000,0
1506030246,22009268,0.07180299,1.21616592,0
1506030241,22009258,0.07180300,3.00000000,0
1506030232,22009253,0.07164162,0.09473811,1
1506030225,22009242,0.07164129,6.64142522,1
1506030210,22009213,0.07181200,0.97483532,0
1506030168,22009179,0.07172400,5.00000000,1
1506030168,22009177,0.07177858,3.04543204,1
1506030168,22009176,0.07177858,4.91973657,1
1506030077,22009073,0.07177858,0.44923100,0
1506030032,22009023,0.07190993,2.03451600,1
1506030030,22009018,0.07190993,0.19013896,1
1506030027,22009015,0.07190989,2.21726400,0
1506030001,22008998,0.07185492,0.00000261,1
1506030000,22008997,0.07185492,0.29877126,1
1506029982,22008977,0.07172999,1.35900000,1
1506029982,22008976,0.07174000,0.30100000,1
1506029975,22008970,0.07172999,1.12999999,1
1506029975,22008969,0.07177800,5.00000000,0
1506029971,22008956,0.07172999,3.43601977,0
1506029959,22008947,0.07174999,1.28205595,0
1506029958,22008946,0.07174999,3.71794405,0
1506029943,22008942,0.07156100,5.00000000,0
1506029932,22008937,0.07154900,3.53451589,0
1506029932,22008936,0.07153499,1.46548411,0
1506029931,22008935,0.07153499,0.90952822,0
1506029931,22008934,0.07153499,2.02144000,0
1506029821,22008873,0.07151099,0.21241100,0
1506029811,22008869,0.07148000,0.97752571,0
1506029771,22008837,0.07148000,0.00007426,1
1506029762,22008832,0.07148000,2.92814774,1
1506029680,22008726,0.07160381,0.97759997,0
1506029637,22008632,0.07148004,1.37886815,0
1506029636,22008627,0.07148004,3.42874770,0
1506029635,22008619,0.07148004,0.49307902,1
1506029635,22008616,0.07148005,2.37509198,1
1506029617,22008600,0.07162699,0.15278000,0
1506029611,22008592,0.07162700,1.57644721,0
1506029565,22008542,0.07147003,0.28690477,1
1506029556,22008527,0.07146010,0.97168185,1
1506029528,22008516,0.07153400,0.38200000,1
1506029525,22008514,0.07168000,0.10000000,0
1506029523,22008513,0.07157003,1.36252400,0
1506029494,22008491,0.07169600,4.02755245,1
1506029493,22008490,0.07170000,0.97244755,1
1506029490,22008484,0.07170000,2.62755245,1
1506029427,22008404,0.07181100,1.80200000,1
1506029423,22008398,0.07181400,5.00000000,1
1506029422,22008397,0.07183000,1.00000000,1
1506029422,22008396,0.07184000,0.48200000,1
1506029346,22008266,0.07192300,3.50000000,0
1506029343,22008261,0.07192300,0.21650000,0
1506029341,22008260,0.07191000,0.13880100,0
1506029278,22008229,0.07171019,1.44415442,0
1506029278,22008226,0.07190000,5.00000000,1
1506029278,22008225,0.07190901,1.00824558,0
1506029277,22008224,0.07190901,2.76000000,0
1506029276,22008222,0.07190901,2.76000000,1
1506029247,22008219,0.07196200,4.43353600,1
1506029244,22008216,0.07196200,0.28323200,1
1506029237,22008207,0.07170571,0.28323211,1
1506029237,22008206,0.07195000,0.03009589,1
1506029236,22008205,0.07195000,4.96990411,1
1506029236,22008204,0.07200000,0.03009589,1
1506029230,22008200,0.07200000,0.10780453,1
1506029222,22008193,0.07200000,1.91247500,1
1506029222,22008192,0.07201000,0.13790000,1
1506029183,22008167,0.07196200,2.86313000,1
1506029177,22008156,0.07194000,0.00090100,1
1506029177,22008153,0.07200000,1.28314900,1
1506029175,22008146,0.07200000,0.60879900,1
1506029175,22008144,0.07210880,3.01408091,0
1506029175,22008143,0.07210879,0.19999500,0
1506029175,22008142,0.07210879,4.12879000,0
1506029174,22008141,0.07210879,1.94864397,0
1506029171,22008138,0.07200000,0.10805200,1
1506029169,22008130,0.07192900,0.49194300,1
1506029120,22008091,0.07198300,5.00000000,0
1506029120,22008090,0.07197667,4.32469086,0
1506029120,22008089,0.07190000,0.07286040,0
1506029030,22008019,0.07190000,0.41026660,1
1506029023,22008017,0.07190000,0.29383000,1
1506029007,22008003,0.07190000,1.15033000,1
1506028992,22007988,0.07190900,1.14929000,0
1506028983,22007983,0.07206823,0.01757000,0
1506028983,22007982,0.07191900,0.16354000,0
1506028981,22007977,0.07191887,1.05531000,0
1506028952,22007903,0.07204003,0.97168185,0
1506028923,22007810,0.07205000,5.00000000,1
1506028917,22007786,0.07208500,2.50000000,1
1506028911,22007763,0.07208500,0.55127500,1
1506028862,22007694,0.07220000,0.09068544,0
1506028862,22007692,0.07220000,0.50000000,0
1506028862,22007691,0.07220000,0.14900000,0
1506028862,22007690,0.07220000,0.31300000,0
1506028862,22007689,0.07220000,0.50000000,0
1506028861,22007687,0.07220000,0.50000000,0
1506028861,22007686,0.07220000,0.50000000,0
1506028861,22007685,0.07220000,0.44731456,0
1506028844,22007664,0.07208600,0.19999500,1
1506028818,22007589,0.07219973,0.65360920,0
1506028778,22007542,0.07219997,0.00317622,0
1506028778,22007541,0.07219997,2.76000000,0
1506028743,22007482,0.07220000,0.05268544,0
1506028743,22007481,0.07220000,0.80753446,0
1506028742,22007480,0.07220000,1.67410990,0
1506028742,22007478,0.07220000,0.50000000,0
1506028742,22007477,0.07220000,0.50000000,0
1506028741,22007476,0.07220000,0.34976230,0
1506028741,22007474,0.07220000,0.50000000,0
1506028741,22007473,0.07220000,0.47612780,0
1506028728,22007460,0.07220000,0.02387220,0
1506028728,22007459,0.07220000,0.50000000,0
1506028728,22007458,0.07218996,2.76000000,0
1506028720,22007429,0.07204044,2.28059300,1
1506028703,22007372,0.07204003,0.50000000,1
1506028700,22007368,0.07219000,2.86938115,0
1506028700,22007367,0.07218999,0.59022785,0
1506028700,22007366,0.07218999,0.62039100,0
1506028699,22007358,0.07218999,0.24270500,0
1506028692,22007326,0.07210000,0.50000000,1
1506028691,22007324,0.07210000,2.44209540,1
1506028690,22007321,0.07210000,4.47681800,1
1506028688,22007319,0.07210000,2.44209199,1
1506028684,22007310,0.07210000,10.00000000,0
1506028680,22007292,0.07209998,1.35141488,0
1506028677,22007276,0.07202688,1.78874799,0
1506028676,22007273,0.07202688,42.83939700,0
1506028644,22007182,0.07202686,45.85602300,0
1506028635,22007133,0.07202687,1.54000000,0
1506028631,22007119,0.07190916,0.20000000,1
1506028629,22007108,0.07202688,12.81447800,0
1506028628,22007106,0.07202688,16.38200000,0
1506028628,22007097,0.07202688,3.13600000,0
1506028627,22007089,0.07202688,7.44686500,0
1506028627,22007086,0.07202687,21.28606500,0
1506028627,22007083,0.07202687,60.53452200,0
1506028619,22007042,0.07202688,1.69026601,0
1506028619,22007041,0.07202687,18.56776140,0
1506028618,22007040,0.07202687,3.92699414,0
1506028618,22007039,0.07202687,1.19576033,0
1506028618,22007038,0.07202687,1.78615814,0
1506028618,22007035,0.07202687,3.07281115,0
1506028618,22007032,0.07202687,11.59641014,0
1506028615,22007013,0.07202687,29.06845200,0
1506028612,22006972,0.07202687,0.66269970,0
1506028612,22006970,0.07202686,0.42841975,0
1506028611,22006964,0.07202686,0.68811278,0
1506028606,22006906,0.07202687,0.14400000,0
1506028605,22006890,0.07202687,1.68924700,0
1506028604,22006884,0.07202687,11.42301229,0
1506028601,22006858,0.07190841,0.20000000,1
1506028598,22006844,0.07202686,1.32657330,0
1506028598,22006843,0.07202683,2.38356777,0
1506028586,22006778,0.07202686,0.13120744,0
1506028583,22006763,0.07202683,0.13123511,0
1506028571,22006746,0.07199600,4.20288835,0
1506028565,22006739,0.07190800,0.33857150,0
1506028565,22006738,0.07190000,0.21774700,0
1506028553,22006715,0.07190000,0.26445300,0
1506028540,22006703,0.07163048,0.59022785,1
1506028540,22006702,0.07190700,5.00000000,1
1506028535,22006691,0.07189401,0.48219712,0
1506028535,22006689,0.07189401,0.00000288,0
1506028533,22006683,0.07189401,0.57252712,1
1506028521,22006646,0.07202680,1.15900000,0
1506028519,22006634,0.07202687,3.10976771,0
1506028519,22006631,0.07202686,2.61417829,0
1506028519,22006630,0.07197630,2.31696000,0
1506028497,22006576,0.07197771,1.18454423,0
1506028494,22006574,0.07197784,1.95079133,0
1506028487,22006553,0.07193000,0.48170000,0
1506028482,22006547,0.07192997,0.48170000,0
1506028454,22006439,0.07186197,0.36230000,0
1506028448,22006426,0.07187000,5.00000000,0
1506028448,22006425,0.07177000,0.41170000,0
1506028443,22006414,0.07177000,0.07000000,0
1506028433,22006399,0.07175900,4.51830000,1
1506028432,22006397,0.07177000,0.48170000,1
1506028409,22006357,0.07175800,0.99999500,1
1506028402,22006346,0.07174800,5.00000000,0
1506028402,22006345,0.07174800,5.00000000,1
1506028380,22006326,0.07177802,0.75000000,1
1506028377,22006324,0.07187800,1.20417100,0
1506028374,22006320,0.07177802,0.34917065,0
1506028301,22006259,0.07177802,0.06948548,0
1506028285,22006249,0.07177801,1.23935900,1
1506028285,22006248,0.07177801,0.51056400,1
1506028253,22006200,0.07177801,0.10006097,1
1506028244,22006193,0.07177801,0.34197900,1
1506028173,22006144,0.07180000,4.49803800,1
1506028143,22006116,0.07189999,1.00000000,0
1506028074,22006073,0.07180000,0.58935696,0
1506028038,22006052,0.07180000,0.10000000,1
1506027985,22006026,0.07183000,0.48013903,0
1506027904,22005950,0.07188701,1.67336935,1
1506027892,22005945,0.07188901,1.40947952,1
1506027834,22005831,0.07189601,2.20163299,1
1506027831,22005828,0.07205985,9.59899500,1
1506027831,22005827,0.07205999,2.75999500,1
1506027831,22005826,0.07209598,2.95040370,1
1506027831,22005825,0.07209400,5.00000000,0
1506027830,22005824,0.07206000,2.76000500,0
1506027830,22005823,0.07206000,0.23999500,0
1506027830,22005822,0.07205958,2.76000000,0
1506027795,22005771,0.07192301,1.43559000,1
1506027770,22005755,0.07190700,0.29200000,1
1506027768,22005754,0.07190700,0.20751586,1
1506027768,22005752,0.07194296,0.29248414,1
1506027766,22005749,0.07194296,0.50000000,1
1506027763,22005747,0.07194296,0.50000000,1
1506027759,22005745,0.07194296,0.39900000,1
1506027757,22005742,0.07194296,0.50000000,1
1506027755,22005736,0.07194296,0.50000000,1
1506027752,22005733,0.07194296,0.50000000,1
1506027750,22005731,0.07194296,0.50000000,1
1506027748,22005729,0.07194296,0.50000000,1
1506027745,22005726,0.07194296,0.50000000,1
1506027743,22005723,0.07194296,0.14900000,1
1506027740,22005722,0.07194296,0.31300000,1
1506027738,22005721,0.07194296,0.50000000,1
1506027734,22005719,0.07194296,0.50000000,1
1506027731,22005712,0.07194296,0.50000000,1
1506027729,22005710,0.07194296,0.50000000,1
1506027726,22005707,0.07194296,2.48164436,1
1506027725,22005704,0.07194296,0.50000000,1
1506027720,22005696,0.07194296,0.50000000,1
1506027717,22005691,0.07194296,0.34976230,1
1506027716,22005690,0.07194296,0.50000000,1
1506027714,22005686,0.07194296,0.50000000,1
1506027711,22005683,0.07194297,0.44800000,1
1506027709,22005682,0.07194297,0.50000000,1
1506027706,22005679,0.07194297,0.50000000,1
1506027704,22005676,0.07194297,0.50000000,1
1506027702,22005675,0.07194297,0.50000000,1
1506027700,22005674,0.07194297,0.31200000,1
1506027696,22005672,0.07194296,0.50000000,1
1506027656,22005651,0.07181000,0.31300000,1
1506027650,22005649,0.07194297,3.72077503,0
1506027649,22005648,0.07194296,0.50000000,0
1506027649,22005647,0.07194296,2.56652497,0
1506027649,22005646,0.07194000,5.00000000,0
1506027649,22005644,0.07193994,5.95122500,0
1506027621,22005619,0.07178342,0.32300000,1
1506027617,22005616,0.07178323,0.50000000,1
1506027614,22005608,0.07178307,0.50000000,1
1506027610,22005602,0.07178291,0.47300000,1
1506027602,22005597,0.07178248,0.50000000,1
1506027598,22005592,0.07178247,0.50000000,1
1506027594,22005584,0.07178248,0.50000000,1
1506027590,22005573,0.07178234,5.00000000,1
1506027582,22005566,0.07175700,5.00000000,0
1506027557,22005546,0.07158558,1.52851062,1
1506027357,22005381,0.07163100,4.51980500,1
1506027357,22005380,0.07163101,0.48019500,1
1506027254,22005334,0.07166900,0.14296600,1
1506027241,22005322,0.07180691,1.11280000,0
1506027186,22005297,0.07169800,5.00000000,0
1506027150,22005267,0.07153806,0.10000000,1
1506027121,22005248,0.07153800,1.01897500,1
1506027120,22005246,0.07153806,1.74102500,1
1506027111,22005193,0.07153801,2.76000000,1
1506027101,22005189,0.07160200,3.66402400,1
1506027088,22005179,0.07163800,0.50000000,1
1506027086,22005177,0.07169000,0.28700000,1
1506027082,22005175,0.07169000,0.48900000,1
1506027080,22005172,0.07169000,0.50000000,1
1506027079,22005170,0.07169000,0.84524500,1
1506027078,22005169,0.07169000,5.32378000,1
1506027077,22005168,0.07169000,0.50000000,1
1506027074,22005165,0.07169000,0.31400000,1
1506027070,22005157,0.07169000,0.31400000,1
1506027068,22005156,0.07169000,0.38100000,1
1506027067,22005154,0.07169000,0.28224871,1
1506027067,22005152,0.07169000,0.50000000,1
1506027063,22005139,0.07169000,0.50000000,1
1506027062,22005138,0.07169000,2.54023831,1
1506027059,22005132,0.07169000,0.50000000,1
1506027058,22005131,0.07169000,3.60000000,1
1506027056,22005126,0.07169000,0.50000000,1
1506027053,22005121,0.07169000,0.50000000,1
1506027052,22005119,0.07169000,3.60000000,1
1506027052,22005116,0.07169000,6.68331700,1
1506027050,22005113,0.07169000,0.50000000,1
1506027049,22005111,0.07169000,25.90774500,1
1506027048,22005110,0.07169000,2.93690000,1
1506027048,22005109,0.07169000,2.93690000,1
1506027047,22005108,0.07169000,0.50000000,1
1506027046,22005101,0.07169000,2.93690000,1
1506027045,22005097,0.07169000,2.93690000,1
1506027045,22005096,0.07169000,2.93690000,1
1506027044,22005095,0.07169000,0.28318600,1
1506027043,22005092,0.07169000,3.60000000,1
1506027043,22005091,0.07169000,0.37300000,1
1506027041,22005089,0.07169000,0.34855952,1
1506027041,22005088,0.07169000,14.55588000,1
1506027041,22005087,0.07168870,4.84628150,0
1506027041,22005086,0.07168855,8.29797230,0
1506027036,22005077,0.07157701,2.18890800,1
1506027035,22005076,0.07158200,5.00000000,1
1506027001,22005045,0.07169997,5.00000000,0
1506026996,22005042,0.07170741,1.84694609,0
1506026974,22005015,0.07153513,0.10000000,1
1506026972,22005012,0.07153513,3.50946700,1
1506026969,22005002,0.07153513,3.50946700,1
1506026968,22004997,0.07153500,0.50000000,1
1506026965,22004994,0.07153154,0.50000000,1
1506026963,22004990,0.07153153,0.50000000,1
1506026960,22004980,0.07153153,0.38664702,1
1506026959,22004979,0.07153154,0.11335298,1
1506026956,22004973,0.07153153,0.50000000,1
1506026956,22004970,0.07153153,4.43404864,1
1506026956,22004969,0.07153153,1.35019400,1
1506026951,22004950,0.07153139,0.11300000,1
1506026948,22004945,0.07153125,0.50000000,1
1506026946,22004941,0.07153125,0.50000000,1
1506026944,22004937,0.07179969,1.00000000,0
1506026942,22004933,0.07153125,0.50000000,1
1506026939,22004914,0.07153125,0.50000000,1
1506026936,22004910,0.07153112,0.50000000,1
1506026934,22004907,0.07153112,0.50000000,1
1506026930,22004899,0.07153111,1.56552573,1
1506026930,22004895,0.07153111,0.30000000,1
1506026930,22004893,0.07164600,0.20000000,1
1506026929,22004890,0.07164600,5.00000000,0
1506026925,22004872,0.07160749,3.87327984,0
1506026882,22004812,0.07153100,5.00000000,0
1506026790,22004743,0.07136413,0.68010200,0
1506026790,22004742,0.07136413,0.14288691,0
1506026740,22004697,0.07130001,0.34855952,1
1506026740,22004696,0.07130001,0.06971532,1
1506026739,22004692,0.07130001,1.50703728,1
1506026688,22004615,0.07130001,1.56559650,1
1506026672,22004591,0.07130000,8.73090000,1
1506026643,22004563,0.07138000,0.13879771,1
1506026631,22004555,0.07120009,3.00359600,1
1506026604,22004513,0.07123600,2.63547100,1
1506026603,22004510,0.07123600,2.36452900,1
1506026504,22004438,0.07148300,0.99755000,1
1506026504,22004437,0.07148300,0.50000000,1
1506026504,22004436,0.07140690,3.50245000,0
1506026501,22004435,0.07150300,3.50000000,1
1506026499,22004433,0.07150300,0.50000000,1
1506026497,22004432,0.07150300,0.50000000,1
1506026493,22004430,0.07144064,0.50000000,0
1506026491,22004429,0.07130556,1.03708465,1
1506026491,22004428,0.07130556,1.19310092,1
1506026491,22004427,0.07130557,1.76413692,1
1506026490,22004425,0.07151400,4.49999951,1
1506026483,22004410,0.07138003,0.00000049,0
1506026483,22004409,0.07136628,0.50000000,0
1506026482,22004408,0.07130562,8.49432100,1
1506026477,22004404,0.07138003,1.50179751,1
1506026475,22004400,0.07155900,3.05848286,1
1506026475,22004399,0.07155900,1.50179800,1
1506026472,22004391,0.07155000,0.12761955,0
1506026472,22004390,0.07145000,0.31209959,0
1506026470,22004386,0.07154400,3.91354715,1
1506026470,22004385,0.07155000,0.48020000,1
1506026470,22004384,0.07155001,0.29981326,1
1506026463,22004354,0.07154400,1.08645285,1
1506026460,22004338,0.07177000,1.02392144,0
1506026459,22004337,0.07160552,0.20000000,0
1506026459,22004336,0.07145003,2.80000000,0
1506026457,22004330,0.07178599,1.20720245,0
1506026456,22004327,0.07249996,5.88852173,0
1506026455,22004319,0.07249996,19.97124139,0
1506026455,22004317,0.07249996,9.54328663,0
1506026455,22004315,0.07249994,0.29166919,0
1506026455,22004314,0.07206000,0.79055770,0
1506026455,22004313,0.07200000,0.56252643,0
1506026455,22004312,0.07200000,0.25000000,0
1506026454,22004311,0.07189990,0.13972429,0
1506026454,22004310,0.07189987,1.45834596,0
1506026454,22004309,0.07181800,4.95847305,0
1506026454,22004307,0.07181800,0.04152695,0
1506026454,22004305,0.07178598,1.49781229,0
1506026454,22004303,0.07178598,1.26218771,0
1506026450,22004290,0.07178600,1.47285070,0
1506026450,22004288,0.07178599,7.81218392,0
1506026450,22004285,0.07178599,2.17007016,0
1506026449,22004274,0.07178599,4.75414249,0
1506026448,22004268,0.07178599,2.43475225,0
1506026448,22004267,0.07160452,0.20000000,0
1506026445,22004257,0.07178599,0.44877011,0
1506026445,22004256,0.07170000,3.00000000,0
1506026443,22004248,0.07178600,1.21584722,0
1506026443,22004244,0.07178600,1.04871114,0
1506026443,22004243,0.07178600,1.26259094,0
1506026442,22004233,0.07160452,0.20000000,0
1506026440,22004216,0.07171399,0.84288322,0
1506026438,22004203,0.07171399,2.09570988,0
1506026438,22004199,0.07166000,3.00000000,0
1506026437,22004190,0.07171399,2.41328172,0
1506026437,22004188,0.07171399,0.76959336,0
1506026437,22004186,0.07160116,3.70330750,0
1506026434,22004162,0.07167971,2.76000000,0
1506026433,22004151,0.07167972,0.10539839,0
1506026431,22004142,0.07167972,2.13850440,0
1506026431,22004139,0.07159047,0.20000000,0
1506026425,22004098,0.07155867,2.36067006,0
1506026425,22004094,0.07155840,20.46337000,0
1506026421,22004067,0.07155854,4.49654941,0
1506026414,22004034,0.07137400,0.38873100,1
1506026389,22003992,0.07156472,3.18943202,0
1506026377,22003982,0.07162900,2.00000000,1
1506026376,22003981,0.07155000,3.00000000,0
1506026373,22003976,0.07189981,1.02443107,0
1506026373,22003975,0.07189981,2.22293811,0
1506026373,22003971,0.07148937,2.72682000,1
1506026369,22003963,0.07189989,36.81070793,0
1506026369,22003962,0.07156500,1.91062711,0
1506026369,22003961,0.07156500,3.08937289,0
1506026369,22003960,0.07148910,4.19529531,0
1506026369,22003958,0.07148910,20.80470469,0
1506026367,22003953,0.07189980,13.86154511,0
1506026367,22003949,0.07189980,2.67287682,0
1506026367,22003947,0.07189980,15.90743569,0
1506026367,22003946,0.07189980,11.40822329,0
1506026366,22003945,0.07189980,4.13659893,0
1506026366,22003944,0.07174668,0.18000000,0
1506026366,22003943,0.07174664,0.10830228,0
1506026366,22003942,0.07160995,2.85976699,0
1506026366,22003941,0.07160995,2.20913708,0
1506026366,22003940,0.07148935,0.54151140,0
1506026365,22003931,0.07148923,2.09628763,0
1506026364,22003929,0.07148923,5.23113966,0
1506026364,22003928,0.07147000,0.42476747,0
1506026363,22003909,0.07147000,2.57523253,0
1506026363,22003886,0.07160995,1.65556644,0
1506026362,22003879,0.07160995,3.17047893,0
1506026362,22003878,0.07155700,5.00000000,0
1506026362,22003877,0.07150720,0.20000000,0
1506026362,22003875,0.07148949,0.18802606,0
1506026362,22003873,0.07148949,0.35348534,0
1506026362,22003872,0.07148936,23.12286172,0
1506026361,22003870,0.07148936,1.87713828,0
1506026344,22003737,0.07148963,0.20800625,0
1506026344,22003735,0.07148963,0.79199375,0
1506026331,22003674,0.07148966,0.34809607,1
1506026285,22003581,0.07150720,0.19993879,0
1506026262,22003514,0.07148982,2.35473878,0
1506026261,22003513,0.07148979,13.24944543,0
1506026198,22003398,0.07134033,0.50000000,1
1506026196,22003395,0.07134033,0.50000000,1
1506026192,22003389,0.07134033,0.50000000,1
1506026189,22003380,0.07134032,0.50000000,1
1506026186,22003372,0.07134031,0.50000000,1
1506026183,22003362,0.07134029,0.50000000,1
1506026178,22003351,0.07134028,0.50000000,1
1506026170,22003330,0.07134025,54.71109900,0
1506026169,22003328,0.07134016,1.04847203,0
1506026169,22003327,0.07134025,2.88506000,0
1506026169,22003324,0.07134025,0.41888899,0
1506026158,22003303,0.07134025,34.14360000,0
1506026156,22003295,0.07134025,9.59761300,0
1506026156,22003294,0.07130553,0.20000000,0
1506026155,22003289,0.07130549,0.97361044,0
1506026154,22003280,0.07130549,1.78638956,0
1506026154,22003277,0.07130549,0.00000044,0
1506026151,22003257,0.07130549,1.06999956,0
1506026151,22003255,0.07130549,1.68779644,0
1506026143,22003232,0.07130549,1.07220356,0
1506026131,22003217,0.07134000,1.38000000,0
1506026128,22003206,0.07121200,4.99993039,0
1506026128,22003204,0.07120520,0.00003094,0
1506026127,22003202,0.07120520,0.19996906,0
1506026125,22003199,0.07121200,0.00000050,0
1506026125,22003198,0.07121199,1.77615550,0
1506026118,22003156,0.07120520,0.20000000,0
1506026117,22003154,0.07116000,0.48370000,0
1506026112,22003113,0.07117108,37.00381900,0
1506026112,22003111,0.07116999,2.03800000,0
1506026111,22003104,0.07116999,1.01424700,0
1506026110,22003103,0.07116999,4.29900200,0
1506026110,22003099,0.07117108,12.38216700,0
1506026110,22003098,0.07117000,0.59400000,0
1506026109,22003096,0.07114300,5.00000000,0
1506026109,22003094,0.07114297,9.79761300,0
1506026103,22003070,0.07106999,0.47715392,1
1506026097,22003035,0.07087107,0.37099500,1
1506026096,22003032,0.07087107,0.37099500,1
1506026095,22003025,0.07074000,335.75043013,0
1506026095,22003022,0.07074002,2.42350021,1
1506026094,22003020,0.07075000,0.42000000,1
1506026094,22003018,0.07075000,17.95608632,0
1506026094,22003016,0.07075000,0.13008015,0
1506026094,22003013,0.07075001,19.91426043,0
1506026094,22003012,0.07082701,2.76000000,1
1506026093,22003010,0.07085200,5.00000000,1
1506026093,22003004,0.07085204,75.52400000,1
1506026092,22003002,0.07086000,0.48370000,1
1506026092,22003001,0.07086000,0.33997000,0
1506026091,22002998,0.07103313,25.00000000,0
1506026090,22002997,0.07103313,14.29797276,0
1506026081,22002978,0.07103287,7.78900000,0
1506026078,22002975,0.07103300,1.40100000,0
1506026069,22002962,0.07100700,3.59701900,0
1506026068,22002961,0.07100700,1.40298079,0
1506026068,22002959,0.07100000,20.00000000,0
1506026068,22002958,0.07100000,0.20000000,0
1506026068,22002957,0.07100000,0.25000000,0
1506026068,22002956,0.07100000,0.50070621,0
1506026058,22002946,0.07099200,1.12032167,0
1506026058,22002945,0.07097000,0.28265833,0
1506026053,22002934,0.07096997,3.72597176,0
1506026033,22002919,0.07096981,4.40800000,0
1506026025,22002914,0.07094300,5.00000000,0
1506026015,22002905,0.07093200,3.96000000,0
1506026013,22002903,0.07093200,1.04000000,0
1506026011,22002900,0.07092400,5.00000000,1
1506025997,22002891,0.07096993,1.16400100,0
1506025996,22002887,0.07090800,1.98473573,0
1506025993,22002874,0.07090800,0.86400000,0
1506025993,22002872,0.07090800,1.78526427,0
1506025992,22002871,0.07090800,0.36600000,0
1506025985,22002863,0.07089200,1.95400000,0
1506025984,22002861,0.07089200,3.04600000,0
1506025973,22002855,0.07089100,0.42300000,0
1506025973,22002854,0.07087297,2.20000000,0
1506025937,22002818,0.07074058,1.77615550,1
1506025934,22002811,0.07088900,4.99999952,0
1506025933,22002810,0.07088899,0.48461648,0
1506025841,22002724,0.07075500,3.16538300,0
1506025840,22002722,0.07074999,0.37100000,0
1506025829,22002704,0.07074999,11.98303515,1
1506025829,22002702,0.07074000,0.48470000,0
1506025828,22002701,0.07072000,0.37100040,0
1506025801,22002656,0.07076184,1.00000000,0
1506025705,22002470,0.07076586,0.53200000,0
1506025702,22002463,0.07076599,0.32999972,1
1506025701,22002462,0.07076599,0.00000028,0
1506025701,22002460,0.07076599,1.62672300,0
1506025698,22002456,0.07076599,1.42206500,0
1506025690,22002439,0.07000000,221.91747520,1
1506025690,22002438,0.07000000,1.27954614,1
1506025690,22002437,0.07000000,0.50000000,1
1506025690,22002436,0.07000000,3.12807100,1
1506025690,22002435,0.07000000,0.14249999,1
1506025689,22002434,0.07000000,0.66500000,1
1506025689,22002433,0.07000000,0.62000000,1
1506025689,22002432,0.07000000,2.76000000,0
1506025689,22002431,0.07000000,0.43586100,0
1506025689,22002429,0.07001373,4.27459014,1
1506025688,22002428,0.07010000,20.00000000,1
1506025688,22002427,0.07010000,1.14755217,0
1506025688,22002426,0.07010000,1.19086200,0
1506025688,22002422,0.07023000,5.00000000,1
1506025687,22002421,0.07030000,3.69843527,1
1506025687,22002419,0.07030000,2.17000000,1
1506025687,22002417,0.07030000,1.00000000,1
1506025687,22002415,0.07030000,8.00000000,1
1506025687,22002412,0.07030000,5.00000000,0
1506025686,22002408,0.07032308,0.18000000,1
1506025686,22002405,0.07040000,10.50000000,1
1506025686,22002404,0.07040000,0.13813002,0
1506025685,22002402,0.07040744,0.20000000,1
1506025685,22002400,0.07056417,5.15864056,1
1506025685,22002398,0.07056417,74.43700000,0
1506025685,22002397,0.07056417,25.00000000,0
1506025684,22002395,0.07058058,2.76000000,1
1506025683,22002389,0.07059064,4.22229922,1
1506025683,22002387,0.07059064,15.48000000,0
1506025683,22002383,0.07059091,0.45350624,1
1506025683,22002382,0.07059091,2.27184413,1
1506025682,22002381,0.07059094,68.99800000,1
1506025682,22002378,0.07059097,2.27068692,1
1506025680,22002372,0.07076600,5.00000000,1
1506025672,22002346,0.07078300,4.51522937,1
1506025672,22002345,0.07079000,0.48470000,1
1506025655,22002319,0.07097000,1.76095989,0
1506025651,22002300,0.07097973,2.27068692,0
1506025633,22002283,0.07083400,0.35168985,1
1506025631,22002281,0.07090000,0.14831015,1
1506025628,22002275,0.07090000,1.33479130,1
1506025624,22002274,0.07090000,0.41631000,1
1506025623,22002273,0.07090000,0.50000000,1
1506025612,22002268,0.07090000,3.49485200,1
1506025602,22002259,0.07090000,2.76000000,1
1506025601,22002257,0.07090000,0.39475300,1
1506025601,22002255,0.07090000,4.99800607,1
1506025600,22002254,0.07090000,5.00000000,1
1506025599,22002247,0.07080000,0.30500000,0
1506025599,22002245,0.07077495,0.24265507,0
1506025599,22002244,0.07077000,0.24276951,0
1506025563,22002157,0.07077900,0.00014236,0
1506025563,22002156,0.07077396,4.59671764,1
1506025538,22002129,0.07076699,0.18798700,0
1506025519,22002102,0.07075699,0.76620112,0
1506025516,22002096,0.07056485,3.00302000,1
1506025507,22002079,0.07075398,24.10000000,0
1506025507,22002078,0.07074000,0.90000000,0
1506025505,22002073,0.07075397,2.80000000,1
1506025505,22002072,0.07075397,0.20000000,1
1506025473,22002044,0.07073571,1.36418700,0
1506025455,22002000,0.07073575,1.50000000,0
1506025451,22001988,0.07056444,2.83855874,1
1506025450,22001983,0.07056431,6.06588104,1
1506025447,22001973,0.07056430,8.90188821,1
1506025442,22001959,0.07073583,3.00000000,0
1506025399,22001909,0.07050000,4.84507246,0
1506025399,22001907,0.07050000,6.65392428,0
1506025398,22001906,0.07050301,0.59960000,1
1506025398,22001905,0.07053600,5.00000000,1
1506025398,22001904,0.07055000,0.14140326,1
1506025398,22001903,0.07056416,2.76000000,1
1506025379,22001874,0.07071991,0.20000000,1
1506025336,22001821,0.07064022,1.55307875,0
1506025336,22001820,0.07062039,0.00000025,0
1506025335,22001818,0.07062039,3.60707900,0
1506025331,22001813,0.07062039,0.13967364,0
1506025330,22001811,0.07062200,5.00000000,1
1506025330,22001809,0.07062201,7.89500000,1
1506025330,22001807,0.07063000,0.30500000,1
1506025329,22001805,0.07065000,0.45447711,1
1506025328,22001802,0.07065000,1.09860144,1
1506025324,22001777,0.07064025,5.42152500,1
1506025297,22001742,0.07080100,4.99999974,0
1506025297,22001741,0.07078466,3.42191026,0
1506025278,22001716,0.07062933,0.27224959,1
1506025277,22001714,0.07062933,2.27223900,1
1506025266,22001698,0.07068550,0.36424948,1
1506025265,22001696,0.07068550,3.27824525,1
1506025261,22001693,0.07068550,0.18444600,1
1506025250,22001680,0.07068549,1.31041800,1
1506025246,22001675,0.07068536,2.76000000,1
1506025204,22001635,0.07078000,0.10000000,0
1506025168,22001621,0.07072999,0.53624800,0
1506025168,22001620,0.07072001,0.85294799,0
1506025154,22001599,0.07072001,0.85239737,1
1506025152,22001597,0.07072000,2.32809570,0
1506025057,22001448,0.07075000,0.35500000,0
1506025047,22001432,0.07056000,0.10000000,1
1506025037,22001429,0.07069400,1.04160400,0
1506025034,22001426,0.07069397,8.55600000,0
1506025022,22001417,0.07055076,0.50000000,1
1506024971,22001347,0.07055007,1.68044160,1
1506024931,22001314,0.07060504,0.30000000,1
1506024931,22001313,0.07060504,2.46000000,1
1506024906,22001287,0.07060504,0.30000000,0
1506024857,22001171,0.07056035,1.21118000,1
1506024783,22000923,0.07075999,0.06600000,1
1506024781,22000906,0.07070000,0.30400000,0
1506024765,22000886,0.07069197,0.76014654,0
1506024722,22000764,0.07065538,8.41124038,0
1506024721,22000763,0.07065526,3.10007000,0
1506024719,22000750,0.07065539,0.90193883,0
1506024673,22000637,0.07045087,0.55379875,1
1506024668,22000618,0.07045087,0.76500863,1
1506024667,22000617,0.07063776,0.12013246,1
1506024660,22000596,0.07045101,2.29970624,1
1506024651,22000562,0.07063776,0.33643093,0
1506024644,22000547,0.07063773,1.03229235,0
1506024637,22000532,0.07044985,3.10007249,1
1506024627,22000497,0.07063799,0.79185257,0
1506024605,22000427,0.07051200,0.12000000,0
1506024602,22000412,0.07067443,0.14939000,0
1506024601,22000405,0.07067440,0.16975527,0
1506024599,22000389,0.07067443,0.50000000,0
1506024599,22000385,0.07047003,1.03486644,1
1506024598,22000381,0.07047000,1.91606504,1
1506024596,22000368,0.07067443,0.50000000,0
1506024592,22000341,0.07067448,0.50000000,0
1506024591,22000330,0.07051200,2.90657000,1
1506024591,22000328,0.07052000,0.30400000,1
1506024590,22000307,0.07067449,0.50000000,0
1506024587,22000276,0.07067449,0.50000000,0
1506024585,22000249,0.07052000,0.20000000,1
1506024584,22000242,0.07067450,0.50000000,0
1506024581,22000233,0.07067451,0.50000000,0
1506024579,22000231,0.07067449,0.50000000,0
1506024575,22000223,0.07074292,0.50000000,0
1506024566,22000188,0.07076269,0.50000000,1
1506024541,22000129,0.07071990,5.00000000,0
1506024536,22000104,0.07052003,7.78071167,1
1506024535,22000099,0.07071999,0.49999994,0
1506024534,22000096,0.07063400,0.00000006,0
1506024530,22000066,0.07061100,0.30400000,1
1506024528,22000056,0.07063400,1.94034994,0
1506024528,22000053,0.07062000,0.46044006,0
1506024494,21999951,0.07065300,1.19250290,1
1506024494,21999950,0.07066505,1.37911218,1
1506024491,21999941,0.07084969,1.16437908,0
1506024491,21999939,0.07084957,2.85397711,0
1506024490,21999938,0.07084957,0.46406289,0
1506024459,21999872,0.07074000,0.46044006,1
1506024419,21999826,0.07076003,1.00000000,1
1506024415,21999823,0.07076032,1.59851884,1
1506024408,21999817,0.07076004,0.95585634,1
1506024375,21999793,0.07082888,1.73794351,0
1506024374,21999792,0.07082886,2.76000000,0
1506024374,21999791,0.07081000,0.00000003,0
1506024333,21999741,0.07081000,1.01481900,0
1506024295,21999716,0.07082867,1.12732725,1
1506024295,21999715,0.07081300,5.00000000,0
1506024293,21999713,0.07073100,0.00004407,0
1506024270,21999682,0.07073100,0.36243937,0
1506024268,21999681,0.07073100,1.46378656,0
1506024266,21999679,0.07082870,1.82499341,1
1506024265,21999677,0.07082870,1.77000000,0
1506024222,21999626,0.07082905,0.54914800,0
1506024135,21999552,0.07082971,1.00035705,0
1506024118,21999519,0.07082974,3.32565584,0
1506024118,21999518,0.07082000,0.14128616,0
1506024113,21999510,0.07071800,5.00000000,1
1506024113,21999509,0.07081000,0.08274000,1
1506023916,21999323,0.07081000,1.06822959,1
1506023811,21999265,0.07070411,1.77000000,1
1506023760,21999210,0.07085598,2.96001900,0
1506023752,21999196,0.07068314,0.81052579,0
1506023751,21999195,0.07068315,1.68627897,1
1506023746,21999186,0.07085600,0.20000000,0
1506023721,21999145,0.07068300,2.76716865,1
1506023697,21999126,0.07070900,0.41846159,1
1506023689,21999122,0.07071000,0.07450000,1
1506023689,21999121,0.07072000,0.30400000,1
1506023675,21999105,0.07075803,0.06678616,0
1506023660,21999086,0.07084500,0.72298800,1
1506023656,21999081,0.07084500,4.27701200,1
1506023557,21998924,0.07093000,0.30499370,1
1506023555,21998922,0.07090044,0.25753273,0
1506023536,21998886,0.07090044,1.43000000,0
1506023530,21998876,0.07087600,5.00000000,0
1506023529,21998874,0.07083000,72.70000000,0
1506023528,21998873,0.07083000,41.60920600,0
1506023527,21998872,0.07083000,41.72079400,0
1506023523,21998869,0.07082999,0.17919179,0
1506023523,21998868,0.07082999,0.87059155,0
1506023517,21998862,0.07082999,0.68182500,0
1506023516,21998861,0.07082959,100.00000000,0
1506023516,21998858,0.07082000,0.48540000,0
1506023505,21998851,0.07082958,2.15339040,0
1506023498,21998846,0.07082958,0.08541540,0
1506023497,21998845,0.07082958,2.45700000,0
1506023497,21998844,0.07082000,0.30300000,0
1506023476,21998829,0.07079800,3.13680300,0
1506023461,21998808,0.07062114,1.64705500,1
1506023439,21998756,0.07076000,0.20000000,1
1506023413,21998710,0.07062000,2.76000000,1
1506023406,21998686,0.07062001,1.38510000,0
1506023399,21998671,0.07063000,0.30300000,1
1506023397,21998667,0.07075995,8.88108189,0
1506023394,21998657,0.07062001,3.85779842,1
1506023386,21998623,0.07060802,2.21371416,1
1506023386,21998622,0.07062000,0.48540000,1
1506023367,21998602,0.07078500,0.11726000,0
1506023367,21998599,0.07076000,0.08274000,0
1506023309,21998545,0.07072100,4.46412600,0
1506023186,21998365,0.07059000,0.08274000,0
1506023156,21998337,0.07067700,5.00000000,0
1506023149,21998330,0.07064800,5.00000000,0
1506023125,21998308,0.07061388,15.88441000,0
1506023121,21998302,0.07061388,1.25153800,0
1506023116,21998275,0.07061388,0.12510500,0
1506023071,21998240,0.07061388,40.00000000,0
1506023050,21998208,0.07061388,3.94741900,0
1506023045,21998197,0.07061388,1.05803212,0
1506023045,21998195,0.07061387,2.88241456,0
1506023044,21998193,0.07061376,4.05955332,0
1506023042,21998188,0.07061376,1.83972651,0
1506023042,21998187,0.07061373,7.71094419,0
1506022996,21998149,0.07061348,0.20000000,0
1506022881,21998014,0.07057001,1.41349874,0
1506022878,21998011,0.07057002,0.21202474,1
1506022701,21997825,0.07048602,1.83972651,1
1506022681,21997755,0.07061392,0.27572400,0
1506022623,21997708,0.07048602,1.00000000,1
1506022607,21997673,0.07057000,2.76000000,1
1506022606,21997671,0.07057000,2.76000000,1
1506022604,21997669,0.07057000,1.00000000,0
1506022514,21997544,0.07068993,0.19755402,0
1506022459,21997449,0.07061000,1.36458008,0
1506022436,21997424,0.07051000,4.28681573,0
1506022434,21997420,0.07051000,0.71318427,0
1506022430,21997412,0.07049100,1.65917600,0
1506022426,21997407,0.07049100,3.34082365,0
1506022418,21997398,0.07039033,4.80000000,1
1506022406,21997384,0.07039028,1.13767000,1
1506022396,21997364,0.07039014,3.35782303,1
1506022396,21997362,0.07044971,0.24217697,1
1506022314,21997258,0.07050000,6.33939581,1
1506022313,21997252,0.07050000,10.30219700,1
1506022305,21997244,0.07050000,2.60277300,1
1506022302,21997239,0.07050000,1.11384200,1
1506022289,21997220,0.07050001,0.15000000,1
1506022286,21997213,0.07050002,3.75970362,1
1506022285,21997208,0.07050000,90.48743600,1
1506022284,21997202,0.07050000,45.18435619,1
1506022284,21997201,0.07050000,25.55686981,1
1506022283,21997197,0.07050000,7.88683200,1
1506022280,21997191,0.07050000,0.58710436,1
1506022277,21997188,0.07050000,3.16409400,1
1506022276,21997187,0.07051999,0.10000000,0
1506022275,21997184,0.07050000,13.91493561,1
1506022274,21997175,0.07052000,0.10000000,0
1506022273,21997173,0.07050000,9.31349306,1
1506022273,21997172,0.07050001,0.00011135,1
1506022272,21997169,0.07050001,3.04068879,1
1506022271,21997166,0.07052000,0.10000000,0
1506022270,21997163,0.07050000,77.70000000,1
1506022268,21997161,0.07050000,11.97543800,1
1506022267,21997159,0.07059884,0.06741800,0
1506022267,21997158,0.07050001,0.03258200,0
1506022265,21997152,0.07050001,0.10000000,0
1506022264,21997148,0.07050000,5.92525500,1
1506022263,21997146,0.07050001,0.20341803,1
1506022263,21997145,0.07050001,2.55658197,1
1506022263,21997144,0.07050001,0.33600003,1
1506022260,21997137,0.07050001,3.02400018,1
1506022255,21997131,0.07050000,1.22633000,1
1506022252,21997128,0.07050000,1.51706200,1
1506022247,21997116,0.07050000,2.19134781,1
1506022246,21997112,0.07052000,0.07071512,1
1506022245,21997110,0.07052000,0.10000000,1
1506022245,21997109,0.07052000,0.35894615,1
1506022242,21997100,0.07059898,0.10000000,0
1506022240,21997095,0.07059911,0.10000000,0
1506022239,21997094,0.07059914,0.10000000,0
1506022236,21997093,0.07059928,0.10000000,0
1506022234,21997090,0.07059928,0.10000000,0
1506022233,21997089,0.07059928,0.10000000,0
1506022231,21997088,0.07059928,0.10000000,0
1506022229,21997084,0.07059941,0.10000000,0
1506022227,21997079,0.07059942,0.10000000,0
1506022225,21997078,0.07059939,0.10000000,0
1506022222,21997075,0.07059961,0.10000000,0
1506022219,21997072,0.07059977,0.10000000,0
1506022217,21997068,0.07059978,0.10000000,0
1506022215,21997064,0.07059978,0.10000000,0
1506022213,21997058,0.07059978,0.10000000,0
1506022211,21997055,0.07059978,0.10000000,0
1506022210,21997053,0.07052000,0.14105385,1
1506022210,21997051,0.07058000,0.00013515,1
1506022209,21997050,0.07059991,0.10000000,0
1506022208,21997048,0.07058001,0.45067000,0
1506022207,21997044,0.07059991,0.10000000,0
1506022205,21997040,0.07058406,0.10000000,0
1506022204,21997036,0.07058406,0.10000000,0
1506022202,21997031,0.07058406,0.10000000,0
1506022201,21997030,0.07058000,2.81508870,1
1506022199,21997026,0.07058406,0.10000000,0
1506022198,21997023,0.07058406,0.10000000,0
1506022196,21997021,0.07058406,0.10000000,0
1506022194,21997018,0.07058406,0.10000000,0
1506022193,21997015,0.07058406,0.10000000,0
1506022191,21997013,0.07059991,0.10000000,0
1506022191,21997012,0.07059991,0.14111858,0
1506022189,21997011,0.07059991,0.10000000,0
1506022189,21997010,0.07052001,0.69953720,0
1506022187,21997003,0.07059991,0.10000000,0
1506022186,21997000,0.07060000,0.07071512,0
1506022186,21996999,0.07059991,0.39934937,0
1506022185,21996996,0.07059991,0.10000000,0
1506022183,21996993,0.07059991,0.10000000,0
1506022181,21996990,0.07059991,0.50000000,0
1506022181,21996989,0.07059991,0.10000000,0
1506022179,21996987,0.07059992,0.10000000,0
1506022178,21996986,0.07059993,0.10000000,0
1506022176,21996982,0.07059994,0.50000000,0
1506022176,21996981,0.07059994,0.10000000,0
1506022174,21996975,0.07059995,0.10000000,0
1506022172,21996974,0.07059996,0.10000000,0
1506022171,21996973,0.07059996,0.50000000,0
1506022170,21996971,0.07059997,0.10000000,0
1506022168,21996966,0.07059998,0.10000000,0
1506022167,21996965,0.07059998,0.50000000,0
1506022166,21996962,0.07059998,0.10000000,0
1506022164,21996956,0.07059996,0.10000000,0
1506022164,21996953,0.07052000,0.10000000,1
1506022162,21996948,0.07060000,0.10000000,0
1506022162,21996943,0.07060000,0.50000000,0
1506022161,21996941,0.07060000,0.10000000,0
1506022160,21996940,0.07050000,3.22052577,1
1506022160,21996939,0.07050001,4.14005723,1
1506022159,21996938,0.07063765,0.10000000,0
1506022158,21996937,0.07063765,0.50000000,0
1506022157,21996934,0.07063766,0.10000000,0
1506022155,21996931,0.07063767,0.10000000,0
1506022154,21996920,0.07063768,0.50000000,0
1506022154,21996919,0.07063768,0.10000000,0
1506022152,21996913,0.07063768,0.10000000,0
1506022152,21996910,0.07050000,10.14695371,1
1506022151,21996908,0.07050001,4.14005723,1
1506022151,21996907,0.07050001,0.15798906,1
1506022150,21996901,0.07063769,0.10000000,0
1506022150,21996899,0.07063769,0.50000000,0
1506022148,21996892,0.07063770,0.10000000,0
1506022146,21996887,0.07063774,0.10000000,0
1506022144,21996884,0.07063778,0.50000000,0
1506022144,21996883,0.07063778,0.10000000,0
1506022142,21996881,0.07063781,0.10000000,0
1506022141,21996879,0.07063787,0.10000000,0
1506022139,21996873,0.07063790,0.50000000,0
1506022138,21996872,0.07063791,0.10000000,0
1506022137,21996871,0.07063792,0.10000000,0
1506022135,21996869,0.07063792,0.10000000,0
1506022134,21996868,0.07063792,0.50000000,0
1506022133,21996867,0.07063793,0.10000000,0
1506022131,21996863,0.07063794,0.10000000,0
1506022130,21996862,0.07063795,0.50000000,0
1506022129,21996861,0.07063795,0.10000000,0
1506022127,21996858,0.07063796,0.10000000,0
1506022126,21996853,0.07063797,0.10000000,0
1506022124,21996840,0.07063798,0.10000000,0
1506022122,21996839,0.07063798,0.10000000,0
1506022120,21996837,0.07063799,0.40000000,0
1506022120,21996836,0.07063799,0.10000000,0
1506022119,21996828,0.07063800,0.10000000,0
1506022117,21996820,0.07073411,0.10000000,0
1506022116,21996817,0.07057398,0.50000000,0
1506022116,21996815,0.07063000,3.05000000,1
1506022115,21996813,0.07071900,0.10000000,0
1506022114,21996807,0.07057399,0.10000000,0
1506022111,21996788,0.07057399,0.10000000,0
1506022110,21996785,0.07057399,0.10000000,0
1506022108,21996778,0.07060000,1.00000000,1
1506022108,21996777,0.07061021,1.21715133,1
1506022105,21996770,0.07061021,0.10000000,0
1506022105,21996768,0.07073411,0.50000000,1
1506022103,21996766,0.07079665,0.10000000,0
1506022101,21996764,0.07061022,0.10000000,0
1506022099,21996763,0.07061022,0.10000000,0
1506022098,21996762,0.07061022,0.50000000,0
1506022097,21996759,0.07061022,0.10000000,0
1506022094,21996758,0.07061026,0.11798485,1
1506022094,21996757,0.07061029,11.82298076,1
1506022094,21996756,0.07079673,0.50000000,0
1506022088,21996729,0.07079697,0.50000000,0
1506022083,21996726,0.07079898,0.14062639,0
1506022078,21996724,0.07079900,0.24574420,0
1506022067,21996715,0.07071700,5.00000000,1
1506022067,21996714,0.07074615,2.47474654,1
1506022067,21996713,0.07074950,0.20000000,1
1506022067,21996711,0.07077700,55.82670137,1
1506022059,21996706,0.07088781,0.15340000,0
1506022036,21996683,0.07077700,14.57772379,1
1506022036,21996682,0.07080000,0.50070621,1
1506022027,21996659,0.07089904,0.00000500,0
1506022027,21996658,0.07080014,0.49999500,0
1506022025,21996651,0.07080014,1.69801200,1
1506022022,21996649,0.07089919,0.50000000,0
1506022017,21996642,0.07089934,0.50000000,0
1506022012,21996634,0.07089948,0.50000000,0
1506022006,21996620,0.07089962,0.50000000,0
1506021992,21996596,0.07090000,0.08200000,1
1506021976,21996584,0.07090000,0.73800000,1
1506021968,21996577,0.07099691,0.20000000,0
1506021941,21996497,0.07098480,0.49999982,1
1506021939,21996494,0.07090100,0.00000018,0
1506021937,21996493,0.07090100,2.99999982,0
1506021937,21996492,0.07090022,6.26676059,0
1506021937,21996491,0.07090022,3.63317759,0
1506021934,21996478,0.07090022,0.50000000,0
1506021927,21996440,0.07090022,0.50000000,0
1506021823,21996141,0.07100200,5.00000000,0
1506021788,21996057,0.07090073,0.42281489,1
1506021763,21995986,0.07108192,1.04488117,0
1506021754,21995967,0.07093264,1.63038000,1
1506021731,21995921,0.07103000,0.20000000,1
1506021708,21995840,0.07103000,0.89286878,0
1506021688,21995764,0.07094000,0.20000000,0
1506021675,21995734,0.07094000,4.99999980,1
1506021675,21995732,0.07100000,0.00000020,1
1506021672,21995723,0.07100013,2.84965719,0
1506021646,21995693,0.07111292,1.67381903,0
1506021633,21995656,0.07111298,0.20000000,0
1506021629,21995655,0.07100000,6.95741000,1
1506021619,21995648,0.07100000,7.63245800,1
1506021615,21995622,0.07100000,4.56626000,1
1506021612,21995603,0.07100001,2.39115028,1
1506021611,21995596,0.07112279,0.32520154,0
1506021611,21995595,0.07112279,0.10751600,0
1506021606,21995578,0.07112282,0.33997032,0
1506021601,21995567,0.07112284,0.50000000,0
1506021601,21995564,0.07112285,0.30000000,0
1506021595,21995551,0.07112287,0.50000000,0
1506021592,21995547,0.07112290,0.50000000,0
1506021587,21995542,0.07112292,0.50000000,0
1506021583,21995541,0.07112293,0.50000000,0
1506021579,21995538,0.07112294,0.50000000,0
1506021573,21995529,0.07112297,0.50000000,0
1506021568,21995527,0.07112299,0.50000000,0
1506021560,21995524,0.07114997,0.50000000,0
1506021559,21995523,0.07114998,0.20000000,0
1506021551,21995514,0.07100000,0.84387180,1
1506021551,21995513,0.07100000,0.50000000,1
1506021551,21995512,0.07100000,0.25000000,1
1506021551,21995511,0.07106000,0.00000019,1
1506021547,21995506,0.07116988,0.20000000,0
1506021545,21995500,0.07106000,1.31063700,1
1506021541,21995478,0.07116990,0.70000000,0
1506021534,21995468,0.07116990,0.20000000,0
1506021519,21995451,0.07116992,0.20000000,0
1506021508,21995426,0.07116992,0.20000000,0
1506021495,21995417,0.07116992,0.20000000,0
1506021467,21995365,0.07116992,0.05568100,0
1506021467,21995364,0.07116991,0.14431900,0
1506021419,21995241,0.07116998,0.20000000,0
1506021400,21995186,0.07118950,10.44564387,1
1506021399,21995184,0.07118943,4.49992977,0
1506021399,21995183,0.07118937,13.15027167,0
1506021397,21995179,0.07118943,0.20000000,0
1506021387,21995157,0.07118958,0.20000000,0
1506021374,21995139,0.07118964,0.20000000,0
1506021363,21995120,0.07118966,0.20000000,0
1506021354,21995099,0.07118979,0.20000000,0
1506021345,21995073,0.07118983,0.10000000,0
1506021344,21995072,0.07120905,0.20000000,0
1506021344,21995071,0.07120905,0.10000000,0
1506021343,21995070,0.07106003,0.90870328,1
1506021343,21995069,0.07107100,0.09115741,1
1506021341,21995064,0.07107103,0.10000000,0
1506021340,21995060,0.07107103,0.10000000,0
1506021336,21995031,0.07120911,0.10000000,0
1506021335,21995027,0.07122699,0.10000000,0
1506021333,21995024,0.07120912,0.10000000,0
1506021331,21995021,0.07120913,0.10000000,0
1506021330,21995017,0.07120913,1.00000000,0
1506021329,21995012,0.07120918,0.10000000,0
1506021328,21995007,0.07120914,0.10000000,0
1506021326,21995001,0.07120915,0.10000000,0
1506021324,21994993,0.07120919,0.10000000,0
1506021322,21994984,0.07120919,0.10000000,0
1506021320,21994978,0.07120920,0.10000000,0
1506021318,21994976,0.07120921,0.10000000,0
1506021316,21994975,0.07120922,0.10000000,0
1506021314,21994971,0.07120923,0.10000000,0
1506021312,21994968,0.07120924,0.10000000,0
1506021311,21994965,0.07120925,0.10000000,0
1506021309,21994964,0.07120931,0.10000000,0
1506021307,21994953,0.07120932,0.10000000,0
1506021305,21994946,0.07120933,0.10000000,0
1506021304,21994943,0.07120934,0.10000000,0
1506021302,21994937,0.07120935,0.10000000,0
1506021300,21994934,0.07120935,0.10000000,0
1506021297,21994932,0.07120937,0.10000000,0
1506021294,21994928,0.07120938,0.10000000,0
1506021293,21994926,0.07120935,0.10000000,0
1506021268,21994887,0.07112535,0.19989512,1
1506021252,21994849,0.07112538,0.20000000,0
1506021250,21994844,0.07107100,0.20884259,1
1506021230,21994802,0.07107154,1.66268300,0
1506021214,21994770,0.07107151,0.29987457,1
1506021214,21994769,0.07107151,2.46022551,1
1506021207,21994757,0.07107154,1.69272100,0
1506021189,21994715,0.07122437,0.50000000,0
1506021187,21994709,0.07117500,0.00008174,0
1506021186,21994706,0.07117499,0.09991826,0
1506021186,21994704,0.07117499,0.10000000,0
1506021184,21994696,0.07117500,0.10000000,0
1506021183,21994690,0.07117500,0.10000000,0
1506021181,21994669,0.07117500,0.10000000,0
1506021181,21994668,0.07107152,1.19717131,1
1506021180,21994666,0.07107405,0.10000047,1
1506021180,21994665,0.07107405,0.93493353,0
1506021179,21994661,0.07107405,0.10000000,0
1506021179,21994659,0.07107151,0.29977449,1
1506021179,21994657,0.07107151,0.00009677,1
1506021177,21994653,0.07107151,2.75990323,1
1506021177,21994649,0.07134849,0.10000000,0
1506021175,21994644,0.07134850,0.10000000,0
1506021172,21994634,0.07107151,0.10000000,0
1506021172,21994633,0.07107405,0.20000000,1
1506021172,21994630,0.07111000,0.10000000,1
1506021172,21994629,0.07118800,5.00000000,1
1506021171,21994628,0.07128780,0.00010634,1
1506021170,21994624,0.07134851,0.10000000,0
1506021165,21994614,0.07134850,1.12130000,0
1506021161,21994598,0.07128780,4.59277366,1
1506021155,21994572,0.07121100,0.41025000,1
1506021148,21994541,0.07134858,1.82037540,1
1506021147,21994525,0.07131100,0.09808723,0
1506021146,21994522,0.07131100,0.30183705,1
1506021146,21994519,0.07135756,0.10000000,0
1506021146,21994518,0.07131100,0.09816295,1
1506021144,21994510,0.07133900,0.10000000,0
1506021142,21994507,0.07133900,0.10000000,0
1506021140,21994501,0.07133897,0.10000000,0
1506021139,21994500,0.07133900,0.10000000,0
1506021137,21994495,0.07133900,0.10000000,0
1506021135,21994490,0.07133900,0.10000000,0
1506021133,21994487,0.07131500,0.10000000,0
1506021132,21994486,0.07131500,0.10000000,0
1506021130,21994479,0.07116403,8.86513761,1
1506021124,21994454,0.07131100,0.20000000,0
1506021111,21994428,0.07124501,1.36907000,1
1506021105,21994410,0.07131104,0.12661186,0
1506021100,21994393,0.07140002,8.00000000,0
1506021087,21994367,0.07140000,0.25669000,1
1506021082,21994347,0.07140001,0.15734578,0
1506021073,21994313,0.07140000,0.74331000,1
1506021072,21994311,0.07142000,0.27700000,1
1506021072,21994310,0.07142000,2.49300000,1
1506021063,21994283,0.07142002,2.76000000,1
1506021062,21994282,0.07142002,2.76000000,1
1506021054,21994260,0.07142003,2.76992440,1
1506021003,21994124,0.07142002,0.17793004,1
1506021000,21994109,0.07142002,1.77365007,1
1506020991,21994101,0.07142010,0.30000000,1
1506020990,21994098,0.07151008,0.28557200,0
1506020980,21994024,0.07143500,5.00000000,1
1506020979,21994023,0.07150000,13.00000000,1
1506020979,21994022,0.07150034,1.85588562,1
1506020979,21994021,0.07150384,0.15794355,1
1506020953,21993933,0.07151008,0.04599000,1
1506020952,21993931,0.07167000,0.12000000,1
1506020930,21993869,0.07166389,1.68753273,1
1506020907,21993770,0.07155700,3.26544224,1
1506020907,21993768,0.07157000,0.92093976,1
1506020896,21993726,0.07157000,0.07906024,1
1506020896,21993725,0.07158000,0.25000000,1
1506020896,21993723,0.07167000,0.00007376,1
1506020881,21993657,0.07167692,0.32976864,0
1506020881,21993655,0.07167000,0.61276685,1
1506020880,21993650,0.07167692,2.75999500,0
1506020872,21993596,0.07167694,0.20669000,0
1506020869,21993581,0.07157003,1.24570800,1
1506020869,21993574,0.07167691,0.75558817,0
1506020868,21993568,0.07157003,0.36673405,1
1506020868,21993567,0.07162015,0.76339455,1
1506020865,21993548,0.07157002,0.70274731,1
1506020864,21993537,0.07157002,0.77954469,1
1506020847,21993458,0.07159000,0.25000000,0
1506020843,21993444,0.07173377,1.00818350,0
1506020843,21993443,0.07159999,1.56120084,0
1506020841,21993435,0.07160000,0.18970586,1
1506020834,21993421,0.07160000,1.00000000,1
1506020834,21993418,0.07160000,0.73516347,1
1506020833,21993416,0.07160000,0.90000000,1
1506020833,21993414,0.07160000,0.82654363,1
1506020833,21993412,0.07160001,1.18970590,1
1506020826,21993395,0.07161502,0.38783700,0
1506020823,21993383,0.07161502,0.93996934,0
1506020814,21993362,0.07161824,2.37050916,1
1506020814,21993361,0.07162800,0.58211712,1
1506020811,21993357,0.07173399,0.10996000,0
1506020800,21993307,0.07162801,0.35218700,1
1506020800,21993305,0.07173000,0.98781300,1
1506020795,21993290,0.07173397,0.20104300,0
1506020787,21993266,0.07162800,0.52269000,1
1506020783,21993246,0.07168601,2.36826814,1
1506020783,21993244,0.07176000,0.30000000,1
1506020782,21993243,0.07184870,1.27356374,0
1506020780,21993231,0.07184871,7.14524237,1
1506020779,21993229,0.07184871,3.18236200,1
1506020779,21993223,0.07184873,0.13149917,0
1506020777,21993214,0.07168600,1.51435700,1
1506020776,21993210,0.07184874,3.47827115,0
1506020771,21993187,0.07168948,2.36815351,1
1506020762,21993152,0.07184894,0.11692681,0
1506020761,21993151,0.07184894,0.88307319,0
1506020648,21993015,0.07175800,4.31631175,1
1506020646,21993004,0.07175800,0.48361300,1
1506020642,21992986,0.07175800,0.20000000,1
1506020641,21992984,0.07185000,0.27696500,1
1506020629,21992977,0.07185000,0.35599500,1
1506020595,21992944,0.07185000,0.36704000,1
1506020422,21992867,0.07189031,0.19883363,1
1506020297,21992780,0.07189604,0.10016637,1
1506020292,21992772,0.07194001,0.09937699,1
1506020283,21992765,0.07194000,1.70179763,0
1506020201,21992702,0.07189603,4.61581574,0
1506020200,21992701,0.07194000,1.89088626,1
1506020166,21992676,0.07194000,1.20911374,1
1506020166,21992675,0.07194000,3.20286926,1
1506020154,21992665,0.07203921,0.00012784,0
1506020154,21992664,0.07203919,1.10760937,1
1506020099,21992652,0.07194001,0.36029800,0
1506020054,21992633,0.07194002,0.22008826,0
1506019981,21992600,0.07206871,3.00000000,0
1506019917,21992577,0.07194003,6.29700000,1
1506019778,21992474,0.07194003,1.12000000,0
1506019646,21992393,0.07208099,0.70854500,0
1506019595,21992353,0.07208099,6.11849254,0
1506019525,21992242,0.07194000,0.64713074,1
1506019523,21992237,0.07194020,1.51632799,1
1506019512,21992171,0.07207078,0.35531200,0
1506019459,21992086,0.07207105,0.06969000,0
1506019450,21992079,0.07207109,0.18944600,0
1506019427,21992051,0.07207120,0.22112300,0
1506019327,21991985,0.07197225,2.66469799,0
1506019321,21991984,0.07197217,1.94008100,1
1506019251,21991957,0.07197193,0.44521300,0
1506019218,21991948,0.07200200,3.13000000,0
1506019218,21991947,0.07198987,10.93918159,0
1506019204,21991936,0.07198987,0.12229841,0
1506019204,21991934,0.07198000,0.47593029,0
1506019176,21991927,0.07203987,0.22995000,0
1506019102,21991910,0.07211973,0.06915625,0
1506019102,21991909,0.07211973,23.40583593,0
1506019090,21991893,0.07197700,1.00801300,1
1506019090,21991892,0.07198000,0.29900000,1
1506019090,21991891,0.07200000,0.19298700,1
1506019089,21991886,0.07200000,1.30701300,1
1506018972,21991802,0.07209400,1.96910000,1
1506018969,21991799,0.07231000,0.00013153,1
1506018967,21991790,0.07231000,2.39520220,1
1506018955,21991771,0.07213900,5.00000000,1
1506018941,21991766,0.07217500,3.65575800,1
1506018668,21991534,0.07226539,0.82216398,1
1506018617,21991472,0.07229004,0.30268693,1
1506018615,21991469,0.07229000,0.47593029,1
1506018590,21991437,0.07231500,1.58098071,1
1506018531,21991362,0.07241190,0.50155100,0
1506018520,21991346,0.07239411,0.20000000,0
1506018518,21991345,0.07236000,0.29791100,1
1506018518,21991344,0.07237000,2.46207804,1
1506018518,21991343,0.07236000,0.29791696,0
1506018473,21991267,0.07235000,1.05912300,0
1506018415,21991222,0.07237900,0.17765441,0
1506018325,21991099,0.07226926,1.11525000,0
1506018301,21991051,0.07226922,0.25000000,0
1506018293,21991047,0.07221000,5.00000000,0
1506018281,21991034,0.07216700,0.17827345,0
1506018244,21991012,0.07201000,0.29791696,1
1506018198,21990991,0.07201020,0.48699615,1
1506018129,21990950,0.07207100,3.35707789,0
1506018129,21990949,0.07197146,0.22999500,0
1506017986,21990880,0.07196016,0.22999500,1
1506017984,21990852,0.07214600,2.95816665,0
1506017984,21990847,0.07214599,2.04183301,0
1506017984,21990840,0.07212000,0.40000000,0
1506017984,21990836,0.07211999,6.66392834,0
1506017978,21990813,0.07210699,0.15165977,0
1506017974,21990806,0.07210700,3.84433730,0
1506017973,21990805,0.07210000,3.85000000,0
1506017973,21990804,0.07209000,0.29700000,0
1506017973,21990803,0.07208999,1.15566270,0
1506017924,21990760,0.07205900,0.29473300,0
1506017906,21990747,0.07205099,0.80028400,1
1506017906,21990746,0.07205099,0.21971600,0
1506017906,21990744,0.07205099,1.73683500,0
1506017905,21990743,0.07205099,1.02316500,0
1506017842,21990688,0.07198100,3.95637800,0
1506017831,21990677,0.07191003,0.17864097,0
1506017814,21990647,0.07188004,0.10446500,0
1506017809,21990636,0.07190000,0.29700000,1
1506017789,21990590,0.07193700,5.00000000,1
1506017782,21990580,0.07183939,1.79638865,0
1506017782,21990579,0.07194400,5.00000000,1
1506017782,21990578,0.07195000,0.00007476,1
1506017781,21990577,0.07202000,0.00997659,1
1506017775,21990572,0.07202000,0.90000000,1
1506017753,21990551,0.07202000,1.49024730,1
1506017752,21990549,0.07208000,2.40022389,0
1506017752,21990548,0.07207996,2.76000000,0
1506017752,21990546,0.07207993,14.29797276,0
1506017739,21990536,0.07208610,0.21487666,1
1506017680,21990488,0.07195007,8.80784193,1
1506017648,21990457,0.07195000,7.58640723,1
1506017648,21990456,0.07195001,0.10274587,1
1506017620,21990430,0.07195000,1.28075616,1
1506017620,21990429,0.07197002,0.00007776,1
1506017619,21990428,0.07197002,0.20471024,1
1506017617,21990422,0.07197002,1.88952900,1
1506017617,21990421,0.07197003,0.20471803,1
1506017611,21990416,0.07197002,1.75568300,1
1506017598,21990405,0.07197003,4.82585200,1
1506017597,21990404,0.07197003,3.85000000,1
1506017369,21990275,0.07205401,2.61827205,0
1506017357,21990256,0.07207201,0.20000000,1
1506017327,21990235,0.07215400,4.99995506,0
1506017298,21990210,0.07206200,3.56345400,0
1506017296,21990209,0.07206200,1.31614183,0
1506017289,21990201,0.07206500,0.11976500,0
1506017288,21990200,0.07198080,0.74517012,0
1506017283,21990188,0.07198080,1.07335719,0
1506017244,21990148,0.07199000,1.03929900,0
1506017237,21990130,0.07199000,1.77140200,0
1506017235,21990127,0.07199000,1.03929900,0
1506017205,21990019,0.07209279,0.23000000,0
1506017195,21990005,0.07209327,3.75865415,0
1506017144,21989962,0.07209436,0.13188502,0
1506017130,21989946,0.07198061,1.12932448,0
1506017130,21989945,0.07198061,1.13815852,0
1506017126,21989941,0.07209500,0.50407101,0
1506017020,21989881,0.07195000,1.53557832,1
1506017020,21989880,0.07198000,0.22000000,1
1506017019,21989877,0.07198003,4.65830438,1
1506017016,21989872,0.07199000,1.40887998,1
1506017016,21989871,0.07199000,0.21992221,1
1506017016,21989870,0.07199000,1.40319667,1
1506016991,21989845,0.07199500,5.00000000,1
1506016932,21989820,0.07213032,6.77691647,0
1506016922,21989813,0.07213074,0.35428000,0
1506016797,21989740,0.07199000,0.81800114,1
1506016706,21989694,0.07208987,12.44194296,0
1506016699,21989693,0.07209000,2.85596459,1
1506016683,21989690,0.07209000,0.20000000,1
1506016656,21989680,0.07209000,0.44567392,1
1506016545,21989568,0.07209000,1.49836149,1
1506016539,21989558,0.07221011,1.00820863,0
1506016464,21989439,0.07221052,10.45811953,0
1506016464,21989438,0.07208999,1.38920747,0
1506016463,21989437,0.07221052,9.78745400,0
1506016463,21989436,0.07220991,2.76000000,0
1506016461,21989435,0.07220976,3.28502104,0
1506016461,21989434,0.07211000,3.84500000,0
1506016461,21989433,0.07210999,0.23720013,0
1506016461,21989432,0.07209000,5.00000000,0
1506016458,21989429,0.07210999,0.04743700,0
1506016458,21989428,0.07209000,4.44613600,0
1506016454,21989426,0.07208388,3.38308100,0
1506016454,21989425,0.07199000,0.29700000,0
1506016450,21989419,0.07209000,0.55386400,0
1506016449,21989418,0.07199868,0.14525500,0
1506016313,21989211,0.07212000,0.50392142,0
1506016293,21989198,0.07203000,5.00000000,1
1506016201,21989107,0.07218900,1.47242000,0
1506016194,21989097,0.07218897,2.87568663,0
1506016138,21989055,0.07212500,0.08319004,0
1506016077,21989017,0.07198516,11.22304106,1
1506016077,21989016,0.07199700,5.00000000,1
1506016077,21989015,0.07205000,0.00008049,1
1506016076,21989014,0.07205000,0.29591951,1
1506016003,21988969,0.07205203,3.00161680,1
1506015991,21988965,0.07210000,1.50000000,1
1506015991,21988964,0.07211000,0.29700000,1
1506015991,21988963,0.07212001,0.10615821,1
1506015978,21988960,0.07216000,3.84500000,1
1506015977,21988959,0.07216002,0.21145862,1
1506015943,21988931,0.07216003,3.60000000,1
1506015812,21988852,0.07231400,1.60314738,0
1506015803,21988843,0.07216003,0.13863857,1
1506015707,21988648,0.07224700,5.00000000,1
1506015669,21988554,0.07241196,1.61235191,0
1506015669,21988553,0.07241000,0.29600000,0
1506015659,21988456,0.07241305,0.34649700,0
1506015657,21988439,0.07221400,1.08363787,1
1506015657,21988438,0.07224000,0.29600000,1
1506015657,21988437,0.07224001,0.13166670,1
1506015626,21988378,0.07228700,5.00000000,1
1506015615,21988344,0.07229500,5.00000000,1
1506015601,21988317,0.07243177,0.50000000,0
1506015544,21988272,0.07243345,0.50000000,0
1506015541,21988271,0.07243359,0.70388000,0
1506015466,21988204,0.07226015,0.10413673,1
1506015389,21988129,0.07236696,0.29600000,0
1506015389,21988127,0.07229000,3.41794900,0
1506015388,21988124,0.07229000,1.08205100,0
1506015388,21988123,0.07228999,0.29600000,0
1506015385,21988118,0.07229000,0.50000000,0
1506015375,21988100,0.07219003,0.20000000,0
1506015371,21988096,0.07220186,0.20000000,1
1506015371,21988095,0.07220186,0.25661734,1
1506015371,21988094,0.07220186,0.29600000,1
1506015318,21988054,0.07220186,0.15873611,1
1506015221,21987963,0.07221800,4.99990668,1
1506015219,21987960,0.07222600,4.99988689,1
1506015219,21987958,0.07224000,0.99653979,1
1506015219,21987956,0.07224000,0.24992060,1
1506015217,21987955,0.07224000,2.65757521,1
1506015217,21987954,0.07224000,2.50078581,1
1506015136,21987899,0.07227004,1.11525000,1
1506015073,21987818,0.07234826,2.50561937,0
1506015033,21987771,0.07224000,0.16168000,1
1506015021,21987760,0.07234826,10.89667700,0
1506014988,21987724,0.07234896,0.11000000,0
1506014980,21987714,0.07224000,0.16229000,1
1506014936,21987643,0.07234992,0.41623800,0
1506014931,21987596,0.07234993,0.09703604,0
1506014931,21987595,0.07234992,2.97444156,0
1506014931,21987594,0.07232000,0.00000040,0
1506014926,21987584,0.07232000,17.31460900,0
1506014908,21987572,0.07232000,3.16136577,0
1506014908,21987569,0.07225500,0.00000038,0
1506014891,21987557,0.07225500,3.02102753,0
1506014891,21987556,0.07225000,0.34153347,0
1506014881,21987547,0.07225500,0.20952300,0
1506014844,21987507,0.07238983,6.81000372,0
1506014843,21987505,0.07238983,2.76000000,0
1506014826,21987481,0.07238986,3.08701818,0
1506014826,21987480,0.07238985,0.71851279,0
1506014748,21987419,0.07226500,3.18092700,1
1506014732,21987395,0.07228500,1.33853497,1
1506014722,21987375,0.07231200,1.20637800,1
1506014721,21987373,0.07231200,0.08948035,1
1506014721,21987369,0.07234000,4.46736806,1
1506014698,21987353,0.07234000,2.07000000,0
1506014698,21987352,0.07233999,0.35784897,0
1506014665,21987329,0.07231401,0.35784897,1
1506014650,21987298,0.07234300,2.70000000,1
1506014642,21987288,0.07234300,0.25273100,1
1506014642,21987287,0.07240000,0.10000000,1
1506014585,21987260,0.07234300,0.34153347,0
1506014577,21987259,0.07234300,0.47643300,1
1506014531,21987231,0.07235700,0.10108800,1
1506014519,21987212,0.07246999,0.72556806,0
1506014387,21987111,0.07233400,0.20385800,1
1506014362,21987101,0.07236400,4.43678000,1
1506014350,21987096,0.07248964,4.86954700,0
1506014346,21987095,0.07248300,5.00000000,0
1506014340,21987083,0.07241300,5.00000000,0
1506014339,21987082,0.07239990,3.81800000,0
1506014339,21987081,0.07239000,0.20970917,0
1506014294,21987051,0.07223509,1.45144000,1
1506014293,21987050,0.07223509,0.75726600,1
1506014282,21987036,0.07223481,3.53825000,1
1506014281,21987032,0.07223471,0.75726600,1
1506014208,21987004,0.07223000,0.20970917,1
1506014207,21987003,0.07239100,5.00000000,0
1506014170,21986945,0.07220050,0.08274000,1
1506014147,21986907,0.07227800,0.07887800,1
1506014143,21986902,0.07227800,0.54208300,1
1506014140,21986896,0.07227800,0.21161800,1
1506014115,21986865,0.07227800,2.35759600,1
1506014115,21986864,0.07227800,0.62782500,1
1506014048,21986776,0.07235400,0.54000000,1
1506014047,21986774,0.07235400,1.50527800,1
1506014046,21986772,0.07235400,0.12765400,1
1506013970,21986586,0.07257936,47.81054228,0
1506013969,21986582,0.07257935,0.94564141,1
1506013969,21986580,0.07257935,5.00000000,1
1506013969,21986575,0.07250884,7.38300000,0
1506013968,21986571,0.07248696,1.10390000,1
1506013967,21986569,0.07248696,6.20235792,1
1506013967,21986568,0.07248696,0.29658000,0
1506013938,21986458,0.07229347,0.24115312,1
1506013885,21986390,0.07232800,0.20000000,1
1506013867,21986360,0.07247297,1.10390000,0
1506013850,21986331,0.07229011,0.33000000,1
1506013830,21986288,0.07241900,0.30422529,0
1506013823,21986275,0.07227800,0.13000000,1
1506013821,21986273,0.07235900,2.77420300,0
1506013821,21986271,0.07234800,3.19017500,0
1506013813,21986245,0.07234800,0.75782500,0
1506013813,21986244,0.07234799,1.46797200,0
1506013772,21986167,0.07220000,7.44741852,1
1506013771,21986166,0.07220004,2.76000000,1
1506013771,21986165,0.07220714,0.13814423,1
1506013768,21986138,0.07220717,1.10031236,1
1506013759,21986122,0.07220001,0.69078937,1
1506013749,21986101,0.07220001,1.40859300,1
1506013735,21986037,0.07220004,0.23583480,1
1506013713,21986003,0.07220000,8.02855665,1
1506013713,21986002,0.07220001,2.73255576,1
1506013713,21986000,0.07220017,0.90643493,1
1506013711,21985997,0.07220017,1.05939398,1
1506013709,21985989,0.07220016,0.87784900,1
1506013650,21985911,0.07220015,1.88808541,1
1506013633,21985863,0.07219300,5.00000000,0
1506013629,21985852,0.07219297,2.12582365,0
1506013627,21985836,0.07206003,0.08499502,1
1506013625,21985826,0.07222297,0.97132546,0
1506013625,21985825,0.07214975,6.42763640,0
1506013622,21985806,0.07214975,0.38278600,0
1506013613,21985779,0.07206004,5.00000000,1
1506013589,21985712,0.07214979,0.50000000,0
1506013584,21985701,0.07205000,0.29600000,0
1506013501,21985533,0.07209400,5.00000000,1
1506013499,21985532,0.07210000,0.00000044,1
1506013497,21985530,0.07210000,5.13176100,1
1506013462,21985482,0.07223988,8.47277000,0
1506013458,21985472,0.07223993,5.70595500,0
1506013457,21985469,0.07223991,0.44564946,0
1506013440,21985386,0.07224958,4.05131318,1
1506013440,21985385,0.07224000,0.27800000,0
1506013439,21985384,0.07223997,0.27796746,0
1506013387,21985325,0.07221986,10.97013400,0
1506013345,21985300,0.07225872,0.86995314,0
1506013335,21985285,0.07201905,0.34687000,0
1506013333,21985282,0.07201905,0.97349000,1
1506013331,21985278,0.07219786,0.60000000,0
1506013277,21985229,0.07195011,0.68622000,1
1506013277,21985228,0.07201655,0.20000000,1
1506013277,21985227,0.07206600,5.00000000,1
1506013260,21985209,0.07221918,0.20000000,0
1506013228,21985189,0.07205901,0.32960000,1
1506013197,21985151,0.07209003,5.00000000,1
1506013127,21985077,0.07223997,0.20000000,0
1506013085,21984989,0.07218397,12.22020900,0
1506013081,21984974,0.07218400,3.28888200,0
1506013078,21984970,0.07218400,0.50000000,0
1506013077,21984966,0.07212600,1.21111800,0
1506013073,21984960,0.07212600,0.50000000,0
1506013067,21984952,0.07212581,0.20000000,0
1506013062,21984948,0.07212581,11.40035300,0
1506013036,21984915,0.07214007,0.96919623,0
1506013036,21984914,0.07214000,1.18278831,0
1506013036,21984913,0.07213932,1.49355046,0
1506013023,21984886,0.07213965,1.93116400,0
1506013010,21984868,0.07212600,0.30209700,0
1506013010,21984867,0.07212600,1.28950700,0
1506013009,21984865,0.07212600,0.16642000,0
1506012998,21984846,0.07212600,1.30407300,0
1506012986,21984826,0.07212600,2.10609369,1
1506012986,21984825,0.07214000,0.29600000,1
1506012986,21984824,0.07214000,0.88678831,1
1506012977,21984811,0.07214000,1.95445069,1
1506012977,21984809,0.07214000,1.50546421,1
1506012975,21984806,0.07214000,1.23959879,1
1506012975,21984805,0.07214000,1.36169800,1
1506012952,21984792,0.07216600,2.76786700,1
1506012924,21984773,0.07225900,0.20000000,0
1506012914,21984759,0.07214019,3.60000000,1
1506012913,21984758,0.07214015,3.40254000,0
1506012913,21984756,0.07214015,2.47449000,0
1506012913,21984755,0.07227100,4.46336159,0
1506012912,21984754,0.07227099,1.29759400,0
1506012912,21984753,0.07227099,0.29600000,0
1506012912,21984752,0.07221208,0.20912814,0
1506012912,21984751,0.07216000,0.01801127,0
1506012912,21984750,0.07215000,0.29600000,0
1506012904,21984734,0.07214007,1.81808900,1
1506012898,21984719,0.07214007,1.59009500,1
1506012896,21984716,0.07215000,0.27800000,1
1506012891,21984701,0.07214006,0.22551000,1
1506012886,21984688,0.07216301,0.20912814,1
1506012881,21984676,0.07217821,0.28750000,1
1506012817,21984599,0.07222700,0.78488000,1
1506012817,21984598,0.07225000,0.29600000,1
1506012810,21984591,0.07223600,0.21671400,1
1506012793,21984573,0.07226200,4.61875600,1
1506012787,21984568,0.07227700,0.38124400,1
1506012770,21984539,0.07232300,2.38787747,1
1506012758,21984514,0.07250997,7.67686200,1
1506012755,21984506,0.07250997,2.70000000,0
1506012726,21984398,0.07227909,2.76000000,1
1506012692,21984339,0.07227903,0.29000000,1
1506012664,21984253,0.07233900,2.47490000,0
1506012664,21984252,0.07233900,2.52510000,0
1506012662,21984246,0.07232000,0.47490000,0
1506012659,21984242,0.07233100,2.97864800,0
1506012658,21984240,0.07233100,1.01067600,0
1506012656,21984233,0.07214009,7.63983118,1
1506012655,21984231,0.07215000,5.50792997,0
1506012654,21984227,0.07215000,0.17733885,0
1506012654,21984223,0.07215000,0.47490000,1
1506012648,21984216,0.07232600,5.00000000,0
1506012636,21984179,0.07214006,0.23043900,1
1506012635,21984174,0.07230900,0.23043900,0
1506012607,21984101,0.07221300,2.15876100,0
1506012607,21984100,0.07218000,2.84123900,0
1506012599,21984083,0.07218000,2.74506300,0
1506012599,21984080,0.07218000,1.36169800,0
1506012588,21984067,0.07200137,0.90167700,1
1506012588,21984065,0.07200140,2.50099000,1
1506012576,21984017,0.07215799,2.76000000,0
1506012554,21983977,0.07200111,3.89901000,1
1506012548,21983964,0.07200104,1.84456150,1
1506012547,21983956,0.07210103,0.54173355,0
1506012543,21983936,0.07195111,1.02219900,1
1506012542,21983927,0.07210103,0.21507800,0
1506012542,21983926,0.07210102,0.22509200,0
1506012540,21983919,0.07210102,2.86755000,0
1506012535,21983910,0.07210103,0.90451483,1
1506012529,21983897,0.07210099,1.08179530,0
1506012527,21983891,0.07195068,16.77198600,1
1506012473,21983824,0.07197009,0.63612700,0
1506012388,21983705,0.07195050,0.13919000,1
1506012380,21983687,0.07195049,0.13900473,1
1506012327,21983602,0.07209846,0.14265201,0
1506012324,21983596,0.07195000,0.96663453,1
1506012316,21983589,0.07195003,3.60000000,1
1506012305,21983544,0.07209966,6.40000000,0
1506012294,21983528,0.07209999,0.96663453,0
1506012264,21983505,0.07197011,3.34800000,1
1506012264,21983496,0.07197010,6.30014000,0
1506012262,21983494,0.07197009,3.42641776,1
1506012262,21983492,0.07197010,2.76000000,1
1506012262,21983491,0.07200003,6.14683724,1
1506012253,21983478,0.07200000,0.21696497,1
1506012252,21983476,0.07200000,0.95890410,1
1506012252,21983475,0.07200000,0.21336249,1
1506012250,21983468,0.07200000,0.23316600,1
1506012248,21983464,0.07200000,0.04470722,1
1506012248,21983463,0.07200000,0.33289522,1
1506012248,21983461,0.07200000,0.25000000,1
1506012248,21983460,0.07200000,2.56000000,1
1506012248,21983459,0.07200001,1.62232812,1
1506012244,21983450,0.07210105,1.22705028,0
1506012244,21983448,0.07210105,1.62142372,1
1506012242,21983444,0.07204017,2.15152600,0
1506012233,21983431,0.07204020,0.65000000,1
1506012224,21983417,0.07204001,0.21164915,1
1506012219,21983406,0.07210100,0.34692800,1
1506012214,21983398,0.07200007,3.19195500,1
1506012213,21983397,0.07200007,0.34051467,1
1506012209,21983389,0.07209156,4.71174808,0
1506012207,21983388,0.07209512,2.11551900,0
1506012207,21983387,0.07200245,0.32394482,0
1506012207,21983385,0.07200245,0.00016100,0
1506012206,21983384,0.07200006,0.76986200,1
1506012189,21983359,0.07200025,0.29700000,1
1506012185,21983349,0.07200245,0.42303400,0
1506012184,21983346,0.07200245,0.25439700,0
1506012148,21983297,0.07200377,2.16031744,1
1506012051,21983169,0.07204103,0.33207000,1
1506012040,21983157,0.07207900,0.71510700,1
1506012037,21983153,0.07214500,6.37433200,1
1506012022,21983139,0.07220000,4.78200606,0
1506012013,21983124,0.07214500,0.57366800,1
1506012011,21983120,0.07219800,6.94800000,0
1506012011,21983118,0.07219797,13.27081923,0
1506012010,21983116,0.07217300,5.00000000,0
1506011983,21983041,0.07201148,2.70287900,1
1506011943,21982950,0.07220187,0.29710517,0
1506011934,21982933,0.07220200,0.43527300,0
1506011920,21982908,0.07201068,1.63812478,1
1506011920,21982907,0.07201080,0.28843000,1
1506011920,21982905,0.07201083,1.12251700,1
1506011852,21982739,0.07201121,7.89898255,0
1506011852,21982738,0.07203598,0.18989445,1
1506011847,21982728,0.07223694,12.75153208,0
1506011818,21982650,0.07201004,4.52763800,0
1506011817,21982647,0.07200001,0.66530850,1
1506011817,21982646,0.07216000,1.07916750,1
1506011816,21982645,0.07216000,0.66531400,1
1506011816,21982644,0.07216000,1.34689600,1
1506011816,21982643,0.07218000,0.29700000,1
1506011814,21982638,0.07219000,1.74447600,1
1506011814,21982636,0.07227293,3.97932045,1
1506011813,21982629,0.07227293,2.76000000,1
1506011812,21982625,0.07226000,0.29700000,0
1506011810,21982620,0.07216041,1.43176300,1
1506011806,21982594,0.07219000,1.74448150,0
1506011764,21982524,0.07216013,0.33590600,1
1506011752,21982508,0.07219000,1.34689600,0
1506011752,21982507,0.07216700,1.54508000,0
1506011744,21982493,0.07216700,3.45492000,0
1506011728,21982474,0.07201285,0.28430100,1
1506011720,21982459,0.07201269,0.41306500,1
1506011718,21982457,0.07201256,0.91291400,1
1506011694,21982387,0.07207100,3.68892000,1
1506011688,21982357,0.07207800,0.53478475,1
1506011687,21982353,0.07209000,0.29700000,1
1506011687,21982352,0.07216000,0.08566225,1
1506011677,21982303,0.07216000,0.77096025,1
1506011663,21982267,0.07219000,0.85662250,0
1506011663,21982266,0.07215800,3.09137750,0
1506011662,21982259,0.07215800,1.90862250,0
1506011662,21982254,0.07215799,4.84628150,0
1506011649,21982223,0.07200002,0.17533800,1
1506011648,21982218,0.07200002,0.23772700,1
1506011639,21982181,0.07215800,1.08093032,0
1506011621,21982125,0.07201121,0.26709000,0
1506011621,21982124,0.07201121,3.71989062,0
1506011620,21982114,0.07201147,3.79292738,1
1506011618,21982102,0.07201147,1.64369800,1
1506011617,21982100,0.07201147,13.98069162,1
1506011617,21982095,0.07201147,0.80737000,1
1506011616,21982093,0.07201133,4.77531300,0
1506011616,21982089,0.07201134,2.76000000,1
1506011610,21982047,0.07201133,3.48399538,1
1506011610,21982045,0.07201136,4.84531767,1
1506011601,21981977,0.07201065,4.50038655,0
1506011600,21981970,0.07201079,0.02544345,1
1506011599,21981967,0.07201079,4.84531767,1
1506011599,21981966,0.07201079,5.18764200,1
1506011599,21981965,0.07201079,8.16157300,1
1506011599,21981963,0.07201079,5.18767688,1
1506011599,21981961,0.07201079,1.59234700,1
1506011598,21981955,0.07216200,0.20000000,0
1506011596,21981931,0.07201066,16.83842700,1
1506011595,21981927,0.07201065,0.88767900,1
1506011595,21981922,0.07201068,0.34235921,1
1506011564,21981731,0.07201030,0.81871036,1
1506011559,21981689,0.07201030,0.66457809,1
1506011556,21981650,0.07203626,2.76000000,1
1506011554,21981630,0.07203625,0.33729063,1
1506011518,21981536,0.07203606,1.84213927,1
1506011483,21981432,0.07216675,0.13252020,0
1506011477,21981412,0.07216625,1.94371255,0
1506011471,21981395,0.07216629,0.20000000,0
1506011429,21981322,0.07216675,0.20000000,0
1506011394,21981263,0.07216773,1.21611500,0
1506011394,21981262,0.07216773,9.09892024,0
1506011393,21981255,0.07216773,0.50000000,0
1506011391,21981252,0.07216787,0.50000000,0
1506011389,21981250,0.07216787,2.05521700,0
1506011384,21981238,0.07216787,0.10000000,0
1506011382,21981227,0.07216787,0.50000000,0
1506011380,21981223,0.07216787,0.50000000,0
1506011377,21981212,0.07216787,0.13796900,0
1506011373,21981203,0.07224600,0.15641077,0
1506011373,21981202,0.07217000,0.20521310,0
1506011372,21981200,0.07216800,0.13837613,0
1506011370,21981195,0.07216987,0.20521300,0
1506011356,21981175,0.07218001,4.60895600,1
1506011353,21981171,0.07218002,1.48140700,1
1506011346,21981151,0.07218002,4.80982900,1
1506011345,21981150,0.07218008,5.47690567,1
1506011304,21981102,0.07218001,2.33904400,1
1506011304,21981100,0.07218059,2.77827300,1
1506011304,21981099,0.07218060,2.76000000,1
1506011214,21980990,0.07233200,0.75022700,0
1506011180,21980945,0.07217701,0.37670400,1
1506011048,21980709,0.07235000,0.78832364,1
1506011047,21980706,0.07235000,0.83692468,1
1506011046,21980694,0.07234100,1.37099000,0
1506011045,21980688,0.07234100,3.62901000,0
1506011000,21980647,0.07221604,0.60353058,1
1506010988,21980630,0.07236883,1.58513000,0
1506010987,21980626,0.07236883,0.09866000,0
1506010983,21980610,0.07227000,0.20521310,1
1506010983,21980609,0.07230760,0.55000000,1
1506010983,21980608,0.07235000,0.01332781,1
1506010982,21980604,0.07235000,0.12504832,1
1506010976,21980590,0.07235089,1.08564884,1
1506010974,21980585,0.07235089,2.89539300,1
1506010908,21980484,0.07234997,3.54461300,0
1506010900,21980472,0.07223000,6.30878442,0
1506010900,21980471,0.07223000,0.60353600,0
1506010892,21980438,0.07209738,0.20000000,1
1506010891,21980435,0.07222999,0.09760241,0
1506010891,21980434,0.07222999,0.68587000,0
1506010890,21980427,0.07209725,3.77929200,1
1506010889,21980424,0.07209728,0.14449851,1
1506010889,21980423,0.07209728,0.44696600,1
1506010865,21980365,0.07222396,1.74741500,0
1506010865,21980364,0.07222396,0.20000000,0
1506010844,21980311,0.07224298,0.13325000,0
1506010821,21980274,0.07207011,2.48527482,1
1506010821,21980273,0.07215000,1.79747747,1
1506010821,21980272,0.07219049,0.13120600,1
1506010821,21980271,0.07219049,0.06879400,1
1506010821,21980269,0.07219500,5.00000000,1
1506010817,21980248,0.07221000,0.00000018,1
1506010817,21980246,0.07221000,6.55345100,1
1506010817,21980244,0.07221000,0.35886924,1
1506010701,21980042,0.07235600,0.49999982,0
1506010701,21980041,0.07230000,0.00000018,0
1506010700,21980039,0.07230000,6.55345100,0
1506010664,21979958,0.07230000,0.35886924,0
1506010664,21979954,0.07229000,0.29700000,0
1506010664,21979953,0.07228800,5.00000000,0
1506010617,21979795,0.07215620,2.32717900,1
1506010617,21979794,0.07216760,0.82000000,1
1506010546,21979592,0.07216768,0.10643789,1
1506010527,21979527,0.07217800,1.18500000,1
1506010526,21979521,0.07217800,1.02073000,1
1506010524,21979505,0.07217803,2.21327200,0
1506010523,21979497,0.07224000,1.82099870,1
1506010520,21979463,0.07224000,1.77900130,1
1506010517,21979441,0.07216763,11.25981118,0
1506010516,21979439,0.07220000,0.30827537,1
1506010516,21979436,0.07225000,3.00000000,1
1506010516,21979430,0.07225400,0.20000000,0
1506010515,21979424,0.07225400,9.42864679,0
1506010514,21979423,0.07225400,2.18257700,1
1506010513,21979401,0.07225400,1.59368300,1
1506010510,21979373,0.07225400,1.22374000,1
1506010503,21979327,0.07226003,0.32960462,0
1506010502,21979320,0.07246566,0.50000000,0
1506010498,21979294,0.07246595,0.50000000,0
1506010492,21979262,0.07246623,0.13322048,0
1506010489,21979247,0.07230000,1.00000000,1
1506010489,21979245,0.07230000,0.10000000,1
1506010489,21979244,0.07230001,0.30475229,1
1506010487,21979236,0.07247252,0.50000000,0
1506010479,21979197,0.07232102,2.04638312,1
1506010474,21979189,0.07239168,0.50000000,0
1506010468,21979117,0.07236587,2.06774482,1
1506010466,21979108,0.07236586,0.45478625,1
1506010460,21979073,0.07236582,0.81000000,1
1506010455,21979064,0.07239501,0.55827818,1
1506010447,21979012,0.07242300,2.15757948,0
1506010446,21979011,0.07242300,0.60242052,1
1506010445,21979008,0.07242301,2.76000000,1
1506010444,21979000,0.07242300,4.39757948,1
1506010411,21978904,0.07249100,3.09639333,1
1506010411,21978902,0.07250000,0.29700000,1
1506010411,21978901,0.07250001,1.60660667,1
1506010398,21978867,0.07259000,5.00000000,0
1506010392,21978846,0.07259400,4.70400000,0
1506010392,21978845,0.07259399,0.96100300,0
1506010392,21978844,0.07259399,0.63568900,0
1506010392,21978841,0.07252000,0.29600000,0
1506010390,21978824,0.07253000,0.47300000,0
1506010370,21978728,0.07254200,5.00000000,1
1506010362,21978691,0.07256400,0.41495800,0
1506010361,21978690,0.07258255,0.63568900,1
1506010361,21978688,0.07258255,2.12431100,1
1506010345,21978632,0.07258700,4.36431100,1
1506010345,21978631,0.07258700,0.63568900,1
1506010329,21978568,0.07262516,0.37698300,1
1506010324,21978528,0.07276997,5.16000000,0
1506010291,21978461,0.07277394,2.85600000,0
1506010003,21978214,0.07265400,2.56122200,1
1506009984,21978194,0.07269100,0.81772600,1
1506009983,21978192,0.07270000,0.47300000,1
1506009977,21978180,0.07269100,2.09113700,1
1506009961,21978158,0.07274400,2.09141200,1
1506009959,21978155,0.07274400,2.90858800,1
1506009930,21978103,0.07287977,0.63666200,0
1506009906,21978040,0.07271800,0.20451600,1
1506009905,21978038,0.07272000,0.29600000,1
1506009805,21977847,0.07280439,0.88999969,0
1506009805,21977845,0.07280439,1.86588331,0
1506009800,21977839,0.07280439,0.89411669,0
1506009793,21977833,0.07278192,4.41304900,0
1506009783,21977814,0.07278000,0.29600000,0
1506009765,21977742,0.07258901,0.61069996,1
1506009764,21977738,0.07278897,0.89995953,0
1506009763,21977734,0.07278900,4.99996321,0
1506009757,21977719,0.07264001,2.81240200,1
1506009755,21977714,0.07264001,2.66566700,1
1506009755,21977713,0.07264001,4.42907203,1
1506009755,21977712,0.07264001,3.00295197,1
1506009755,21977711,0.07264001,1.61468100,1
1506009754,21977708,0.07264001,5.51571900,1
1506009753,21977700,0.07264001,3.70729800,1
1506009727,21977655,0.07257027,0.35146600,1
1506009724,21977643,0.07257026,4.41304900,1
1506009692,21977533,0.07257009,0.14050400,1
1506009670,21977451,0.07253501,3.08231378,1
1506009670,21977450,0.07257006,3.49216022,1
1506009668,21977444,0.07257000,1.41143600,1
1506009663,21977432,0.07251009,1.33812395,1
1506009663,21977431,0.07257000,0.29600000,1
1506009653,21977405,0.07269496,1.38610900,1
1506009651,21977394,0.07269499,0.19706960,1
1506009650,21977389,0.07269499,8.35000000,1
1506009631,21977314,0.07261500,5.00000000,0
1506009618,21977254,0.07260600,3.66300354,0
1506009618,21977253,0.07255000,0.00000046,0
1506009572,21977158,0.07255000,17.39478200,0
1506009572,21977157,0.07252100,5.00000000,0
1506009560,21977126,0.07236834,0.37000000,1
1506009496,21977021,0.07250700,0.20204000,0
1506009460,21976989,0.07236716,1.38268000,1
1506009421,21976943,0.07250899,2.76000000,0
1506009394,21976886,0.07251900,0.27643789,0
1506009376,21976858,0.07236655,5.05399475,1
1506009286,21976767,0.07249900,1.60369300,0
1506009278,21976747,0.07250600,5.00000000,0
1506009249,21976721,0.07235001,1.02774867,0
1506009248,21976719,0.07236569,0.61693938,0
1506009247,21976718,0.07236569,0.20000000,1
1506009211,21976675,0.07248497,0.50000000,0
1506009206,21976659,0.07253300,0.50000000,0
1506009201,21976652,0.07248499,0.50000000,0
1506009198,21976645,0.07238510,1.07688382,1
1506009192,21976635,0.07241107,0.20148400,0
1506009188,21976624,0.07241108,2.41506468,1
1506009188,21976622,0.07241109,0.68935319,1
1506009169,21976605,0.07254988,1.17255633,1
1506009168,21976602,0.07254988,0.90561223,1
1506009164,21976589,0.07248000,3.60000000,1
1506009127,21976487,0.07255000,3.84461750,0
1506009056,21976398,0.07251703,0.98369900,0
1506009050,21976381,0.07255000,0.07654100,0
1506009047,21976369,0.07248001,0.47430000,1
1506009045,21976363,0.07248801,0.00000049,0
1506009045,21976362,0.07248800,2.95149951,0
1506009040,21976355,0.07248800,5.30668200,0
1506009037,21976350,0.07253988,5.30668196,0
1506009023,21976338,0.07255000,0.93082453,1
1506009022,21976334,0.07241100,0.16625019,1
1506009022,21976333,0.07241100,0.61992059,1
1506009021,21976331,0.07241100,4.38007941,1
1506009013,21976320,0.07255000,21.91984900,0
1506009011,21976311,0.07260000,5.00000000,0
1506009004,21976277,0.07248803,0.07311102,1
1506009003,21976276,0.07248804,4.17524598,1
1506008994,21976270,0.07251700,1.27305000,0
1506008986,21976264,0.07251800,5.00000000,1
1506008985,21976263,0.07253000,0.47430000,1
1506008983,21976258,0.07253003,1.75687900,1
1506008977,21976247,0.07251700,1.13142300,1
1506008962,21976204,0.07268584,1.21337850,0
1506008914,21976123,0.07260800,1.13702500,0
1506008911,21976121,0.07260800,0.76904748,0
1506008890,21976046,0.07246913,0.60414500,1
1506008866,21976014,0.07251903,0.19803400,1
1506008739,21975814,0.07266700,0.18716700,0
1506008730,21975785,0.07263197,4.32891000,0
1506008688,21975711,0.07253900,0.43804517,1
1506008680,21975688,0.07264984,0.36985100,0
1506008674,21975683,0.07253900,0.46153583,1
1506008674,21975682,0.07253901,2.76000000,1
1506008642,21975653,0.07253900,0.35195300,1
1506008642,21975652,0.07253900,0.41085700,1
1506008641,21975651,0.07253900,1.08760900,1
1506008641,21975650,0.07256797,0.34921100,1
1506008624,21975628,0.07239401,0.51489800,1
1506008609,21975612,0.07259900,0.18242000,0
1506008550,21975543,0.07248106,0.09772100,0
1506008550,21975540,0.07248106,11.80353300,0
1506008516,21975485,0.07252800,1.93141437,1
1506008514,21975480,0.07252800,2.85398403,1
1506008513,21975479,0.07257952,0.00008197,1
1506008500,21975444,0.07257952,5.10460803,1
1506008499,21975438,0.07257952,5.47455700,1
1506008498,21975431,0.07257952,14.42075300,1
1506008497,21975422,0.07263000,5.00000000,1
1506008459,21975350,0.07276291,0.30480600,1
1506008454,21975328,0.07276297,1.99221000,0
1506008426,21975276,0.07263000,2.62497864,1
1506008426,21975274,0.07263000,0.51928955,1
1506008423,21975262,0.07263000,0.51924825,1
1506008418,21975242,0.07263000,0.98502548,1
1506008416,21975236,0.07263000,0.35145808,1
1506008318,21975087,0.07272500,5.00000000,0
1506008301,21975061,0.07270297,5.00000000,0
1506008272,21975010,0.07256200,1.52904000,0
1506008271,21975007,0.07256200,3.47096000,0
1506008261,21974993,0.07254000,4.99999953,0
1506008261,21974992,0.07253000,0.10404447,0
1506008248,21974976,0.07250600,4.82692000,0
1506008246,21974973,0.07251600,0.17308000,1
1506008243,21974961,0.07250400,5.00000000,0
1506008222,21974931,0.07236572,1.61036524,1
1506008207,21974909,0.07252987,6.30353300,0
1506008206,21974903,0.07245100,5.00000000,0
1506008202,21974898,0.07245000,0.50000000,0
1506008188,21974874,0.07244799,0.50000000,0
1506008185,21974866,0.07244800,0.50000000,0
1506008181,21974859,0.07245797,0.50000000,0
1506008177,21974839,0.07245489,0.50000000,0
1506008172,21974810,0.07245492,0.10404447,0
1506008167,21974792,0.07245492,0.50000000,0
1506008162,21974768,0.07232103,0.10404447,1
1506008161,21974762,0.07245499,0.15990535,0
1506008155,21974741,0.07245500,0.50000000,0
1506008150,21974724,0.07254322,0.50000000,1
1506008146,21974702,0.07245200,0.50000000,0
1506008140,21974680,0.07245200,0.50000000,0
1506008134,21974655,0.07244899,0.50000000,0
1506008134,21974654,0.07244899,0.50000000,0
1506008127,21974574,0.07245694,0.50000000,0
1506008106,21974520,0.07239003,2.38351173,1
1506008092,21974490,0.07238300,5.00000000,1
1506008092,21974489,0.07240120,0.21180000,1
1506008092,21974488,0.07244600,0.00006900,1
1506008069,21974456,0.07257297,4.95553648,0
1506008068,21974454,0.07257297,0.96206617,1
1506008065,21974446,0.07244600,0.96375232,1
1506008050,21974397,0.07245000,1.68105844,1
1506008049,21974395,0.07245000,2.72000000,1
1506008046,21974366,0.07245000,1.00992409,1
1506007981,21974153,0.07258182,0.80000000,1
1506007973,21974123,0.07248013,1.19161900,1
1506007972,21974121,0.07248000,3.80838100,1
1506007966,21974107,0.07245139,0.69505201,1
1506007966,21974106,0.07247707,0.41382699,1
1506007966,21974105,0.07258000,0.08274000,1
1506007908,21973981,0.07245069,0.16539526,1
1506007901,21973971,0.07245041,1.14234550,1
1506007900,21973967,0.07245041,1.26927000,1
1506007877,21973921,0.07250001,0.21827507,0
1506007877,21973919,0.07250001,0.10109693,0
1506007874,21973907,0.07250001,0.08128307,0
1506007874,21973905,0.07250000,0.19132093,0
1506007853,21973856,0.07250000,4.25506967,1
1506007809,21973809,0.07250004,0.13154601,1
1506007801,21973758,0.07267693,0.52137600,0
1506007771,21973710,0.07250003,2.69017621,0
1506007770,21973709,0.07250003,0.10581028,0
1506007767,21973695,0.07252800,5.00000000,1
1506007767,21973694,0.07256325,10.00000000,1
1506007767,21973693,0.07256326,0.19132093,1
1506007767,21973692,0.07256326,0.49839271,1
1506007767,21973691,0.07256326,0.76484987,1
1506007740,21973591,0.07275400,0.39464100,0
1506007725,21973548,0.07274600,1.09000000,0
1506007719,21973539,0.07273900,2.42667400,0
1506007719,21973538,0.07273899,0.49719000,0
1506007717,21973534,0.07273900,1.03806800,0
1506007702,21973491,0.07273800,0.12018000,0
1506007674,21973423,0.07267500,5.00000000,0
1506007674,21973422,0.07267499,0.33632700,0
1506007664,21973379,0.07270700,4.12287627,0
1506007664,21973374,0.07270700,0.87712373,0
1506007649,21973302,0.07250700,0.08904769,1
1506007641,21973258,0.07267500,5.00000000,0
1506007617,21973117,0.07262001,0.08938768,1
1506007616,21973112,0.07262000,1.49400000,1
