date,tid,price,amount,type
1506038402,22014379,217.33,0.23000000,1
1506038218,22014332,217.34,0.68841447,0
1506038069,22014298,217.80,0.14726000,0
1506038069,22014297,217.46,0.08274000,0
1506038041,22014289,216.69,0.09000000,1
1506038041,22014288,216.70,0.60000000,1
1506037987,22014271,217.10,2.28606809,1
1506037987,22014270,217.16,0.36800000,1
1506037987,22014268,217.16,0.08274000,1
1506037905,22014254,217.10,0.08274000,1
1506037904,22014253,217.12,0.34000000,1
1506037904,22014252,217.12,4.16000000,1
1506037903,22014249,217.10,0.34000000,0
1506037902,22014248,217.10,4.16000000,1
1506037748,22014172,218.27,1.71686157,0
1506037742,22014164,218.31,0.36591735,0
1506037730,22014160,218.33,1.99992042,0
1506037685,22014132,218.01,3.82141587,1
1506037685,22014131,218.02,22.53141200,1
1506037685,22014130,218.06,1.92902150,1
1506037682,22014127,218.06,2.91726000,1
1506037682,22014126,218.07,0.08274000,1
1506037569,22014060,218.72,5.00641785,1
1506037569,22014058,218.72,0.08274000,0
1506037532,22014040,218.15,8.78733083,0
1506037532,22014039,218.17,23.08951500,1
1506037532,22014038,218.47,0.06687417,1
1506037532,22014037,218.48,0.36600000,1
1506037532,22014036,218.56,0.98828000,1
1506037525,22014034,218.68,0.08274000,0
1506037519,22014033,218.66,0.08274000,1
1506037497,22014030,219.03,2.04935397,0
1506037212,22013945,219.02,2.23100000,1
1506037201,22013939,219.04,4.72477000,0
1506037200,22013938,219.04,0.36510000,0
1506037196,22013936,219.00,1.45817352,1
1506037193,22013932,219.00,2.15420092,1
1506037190,22013927,219.00,1.70879600,1
1506037190,22013926,219.00,1.58437700,1
1506037189,22013917,219.00,0.86378996,1
1506037170,22013911,218.99,9.55126000,0
1506037170,22013910,218.85,0.08274000,0
1506037170,22013909,218.84,0.36600000,0
1506036998,22013855,218.05,7.43735276,1
1506036998,22013854,218.01,11.19640800,0
1506036997,22013853,218.02,4.57000000,1
1506036997,22013852,218.05,0.08274000,1
1506036997,22013851,218.15,0.36600000,1
1506036989,22013848,218.14,0.08274000,1
1506036987,22013841,218.00,18.72602525,1
1506036987,22013840,218.08,4.56000000,1
1506036987,22013839,218.10,0.36510000,1
1506036986,22013837,218.42,0.07472680,1
1506036986,22013835,218.42,0.91491490,0
1506036985,22013832,218.42,0.07397510,0
1506036974,22013821,218.33,0.08232630,0
1506036921,22013773,218.50,5.49091000,0
1506036920,22013772,218.00,1.18652489,1
1506036920,22013771,218.01,0.30347511,1
1506036919,22013770,218.00,0.52000000,1
1506036919,22013769,218.00,0.62000000,1
1506036918,22013768,218.00,1.87000000,1
1506036918,22013766,218.00,1.36000000,1
1506036918,22013765,218.00,0.12844478,1
1506036917,22013764,218.01,0.52155522,1
1506036917,22013762,218.01,0.62000000,1
1506036916,22013759,218.01,1.87000000,1
1506036916,22013756,218.01,0.40000000,0
1506036915,22013754,218.01,0.64919427,0
1506036915,22013749,218.00,0.31000000,1
1506036915,22013746,218.01,0.65002801,0
1506036914,22013739,218.00,0.62000000,1
1506036913,22013736,218.01,1.86797901,0
1506036913,22013735,218.00,0.31000000,1
1506036912,22013733,218.00,0.36600000,1
1506036912,22013731,218.00,0.62000000,1
1506036911,22013728,218.00,0.31000000,1
1506036911,22013725,218.01,0.61988127,0
1506036910,22013719,218.01,0.30537444,0
1506036907,22013708,218.00,0.36570000,1
1506036902,22013691,218.01,0.32480300,1
1506036902,22013690,218.02,0.08274000,1
1506036900,22013688,218.01,0.68000000,1
1506036899,22013687,218.01,3.81519700,1
1506036899,22013686,218.01,0.60206300,1
1506036899,22013685,218.06,0.08274000,1
1506036806,22013648,218.01,0.38682700,1
1506036778,22013639,218.01,0.62623145,1
1506036777,22013635,218.00,0.30618600,1
1506036774,22013630,218.00,0.30609386,1
1506036736,22013621,217.31,0.29000042,0
1506036605,22013556,216.98,0.03598400,1
1506036605,22013555,216.98,0.36600000,1
1506036554,22013531,216.91,6.72930047,0
1506036546,22013526,216.91,0.71303083,0
1506036542,22013523,216.91,1.39057556,0
1506036541,22013520,216.91,1.16709314,0
1506036354,22013442,216.91,10.00000000,1
1506036343,22013438,216.92,1.94191517,0
1506036343,22013437,216.90,3.83000000,0
1506036219,22013368,217.29,1.16787526,0
1506036219,22013367,217.10,0.99304000,0
1506036207,22013359,216.95,0.08274000,0
1506036196,22013353,217.00,0.08274000,0
1506036196,22013352,216.98,0.36810000,0
1506036160,22013332,217.14,1.36971000,0
1506036149,22013290,215.96,2.15363437,1
1506036149,22013288,216.22,7.82000000,1
1506036149,22013286,216.23,8.55434063,1
1506036144,22013283,215.95,4.00156600,1
1506036144,22013282,215.96,0.36810000,1
1506036144,22013281,216.90,0.05000000,1
1506036144,22013280,216.91,0.52000000,1
1506036144,22013279,217.00,0.50000000,1
1506036139,22013276,217.02,4.64603600,1
1506036138,22013275,217.02,1.00000000,1
1506036124,22013263,217.02,1.27453400,1
1506036113,22013254,217.02,0.90986000,1
1506036113,22013253,217.04,0.08274000,1
1506035830,22013099,217.05,0.29999500,1
1506035824,22013093,217.23,11.76000000,1
1506035824,22013092,217.09,4.84394442,0
1506035823,22013091,217.15,0.99304000,1
1506035822,22013090,217.19,0.08274000,1
1506035822,22013089,217.20,1.07000000,1
1506035781,22013056,218.43,7.23257284,0
1506035781,22013055,217.34,0.41816792,0
1506035776,22013053,217.34,0.57403415,0
1506035775,22013051,217.85,0.08274000,1
1506035775,22013049,217.34,0.36540000,0
1506035771,22013048,217.31,0.08274000,0
1506035764,22013041,217.35,2.52020695,0
1506035763,22013039,217.35,0.08274000,0
1506035762,22013037,217.35,0.24686863,1
1506035762,22013036,217.42,0.07772000,1
1506035762,22013035,217.53,0.08274000,1
1506035745,22013025,217.98,1.06224000,0
1506035737,22013006,217.99,0.33819900,0
1506035736,22013002,217.99,0.75037200,0
1506035699,22012915,218.82,1.05397382,0
1506035694,22012910,218.84,0.22429454,1
1506035691,22012907,217.86,0.08274000,0
1506035688,22012900,218.87,0.90992907,0
1506035688,22012899,217.88,0.08274000,0
1506035687,22012897,217.88,0.07746375,0
1506035685,22012887,217.89,0.08274000,0
1506035683,22012886,217.91,0.07746000,1
1506035682,22012884,217.91,0.08274000,0
1506035677,22012877,217.90,0.25287100,0
1506035675,22012875,217.39,4.01726000,1
1506035675,22012874,217.44,0.08274000,1
1506035675,22012873,217.90,0.03575034,0
1506035658,22012858,218.03,0.26928176,1
1506035658,22012857,218.00,0.41024824,0
1506035657,22012855,217.99,0.08274000,0
1506035656,22012853,218.00,0.03573394,0
1506035655,22012852,218.00,3.50000000,1
1506035655,22012851,218.00,1.00000000,1
1506035655,22012850,218.00,1.00000000,1
1506035654,22012849,218.00,0.28230000,1
1506035654,22012848,218.01,19.64912600,1
1506035654,22012847,218.01,1.09000000,1
1506035654,22012846,218.01,0.52000000,1
1506035654,22012845,218.02,0.36540000,1
1506035654,22012844,218.03,0.36600000,1
1506035651,22012836,218.29,0.20473600,1
1506035642,22012821,218.29,0.02493607,0
1506035636,22012815,218.29,0.08274000,0
1506035628,22012808,218.29,5.22657833,0
1506035628,22012807,218.28,0.99107000,0
1506035628,22012806,218.27,0.08274000,0
1506035599,22012744,218.07,10.00000000,1
1506035548,22012720,218.28,0.36491491,0
1506035544,22012719,218.29,3.63261000,0
1506035541,22012716,218.57,0.99107000,1
1506035541,22012715,218.57,0.36500000,1
1506035541,22012714,218.61,0.08274000,1
1506035385,22012523,218.29,1.11906170,1
1506035384,22012522,219.73,0.07781949,0
1506035384,22012521,218.76,0.98987700,0
1506035384,22012520,218.76,0.00031300,0
1506035383,22012519,218.68,0.36400000,0
1506035383,22012518,218.67,0.08274000,0
1506035220,22012492,219.34,1.89303300,0
1506035217,22012491,219.36,0.09901900,1
1506035212,22012485,219.36,0.89117100,1
1506035207,22012484,219.35,0.36400000,0
1506035202,22012482,219.37,0.08274000,1
1506035194,22012481,219.33,0.08274000,1
1506035191,22012480,219.32,3.05000000,0
1506035191,22012479,219.25,4.39995474,0
1506035181,22012477,219.10,10.65999965,0
1506035180,22012476,219.10,14.31720735,1
1506035179,22012475,219.10,3.60000000,1
1506035179,22012474,219.10,7.06000000,1
1506035178,22012473,219.06,0.36306200,0
1506035173,22012471,219.06,0.62849800,0
1506035151,22012445,219.00,2.87853883,1
1506035114,22012430,219.07,0.51314348,0
1506035111,22012429,219.12,0.07867840,1
1506035110,22012428,219.09,0.08274000,0
1506035105,22012426,219.11,0.05003764,0
1506035104,22012422,219.12,0.17848667,0
1506035096,22012409,218.55,3.60000000,1
1506035085,22012385,218.83,0.05000785,0
1506035085,22012383,218.82,0.08232630,0
1506035082,22012364,218.82,0.05003891,0
1506035071,22012356,218.51,17.79680000,1
1506035070,22012355,218.52,0.05742000,1
1506035065,22012354,218.51,4.76850000,1
1506034950,22012310,218.32,0.05170000,1
1506034903,22012286,219.12,0.05728000,0
1506034901,22012284,219.09,0.36400000,0
1506034885,22012265,218.17,13.64556000,1
1506034855,22012242,219.41,3.92533029,0
1506034839,22012229,219.55,0.02731867,0
1506034818,22012214,218.76,1.98269563,1
1506034816,22012212,219.00,3.51730437,1
1506034804,22012204,219.26,0.36400000,1
1506034797,22012201,219.26,0.08274000,1
1506034790,22012187,219.92,0.60445093,0
1506034790,22012186,219.91,0.36400000,0
1506034790,22012185,219.89,0.36180000,0
1506034789,22012183,219.88,0.36400907,0
1506034789,22012182,219.88,0.08274000,0
1506034780,22012169,219.24,1.86700000,1
1506034778,22012168,219.24,1.41174000,1
1506034775,22012167,219.24,1.81974000,1
1506034769,22012162,219.24,1.36500000,1
1506034766,22012161,219.24,3.54424428,1
1506034766,22012159,219.24,22.77770000,1
1506034766,22012158,219.24,15.89136472,1
1506034764,22012156,219.24,1.82000000,1
1506034762,22012153,219.24,1.81926000,1
1506034761,22012151,219.24,3.24707528,1
1506034761,22012150,219.24,22.77770000,1
1506034761,22012148,219.24,13.69240000,1
1506034761,22012147,219.26,4.50000000,1
1506034760,22012146,219.27,5.28608472,1
1506034754,22012143,219.24,0.08274000,1
1506034753,22012142,219.42,4.50000000,1
1506034749,22012137,219.24,9.00256000,1
1506034748,22012136,219.25,22.77770000,1
1506034748,22012135,219.42,4.50000000,1
1506034748,22012134,219.43,0.36400000,1
1506034748,22012133,219.45,0.08274000,1
1506034739,22012120,220.08,4.05326000,0
1506034739,22012119,220.08,0.36400000,0
1506034739,22012118,220.07,0.08274000,0
1506034738,22012115,220.07,4.50000000,0
1506034732,22012106,219.43,1.99813874,0
1506034731,22012105,219.43,0.08274000,1
1506034715,22012081,219.48,0.08274000,1
1506034715,22012080,219.49,1.94868551,1
1506034713,22012075,219.50,0.36400000,1
1506034697,22012040,219.48,0.47036455,1
1506034658,22011913,219.00,0.08269563,0
1506034658,22011911,219.00,22.69496000,0
1506034658,22011910,218.99,0.08274000,0
1506034656,22011909,218.55,16.79800000,1
1506034644,22011895,220.38,3.25458801,0
1506034632,22011877,220.45,0.79000000,0
1506034632,22011876,220.44,0.08274000,0
1506034632,22011875,220.43,0.36400000,0
1506034624,22011861,218.34,12.53506646,1
1506034624,22011859,218.37,14.29797276,1
1506034624,22011858,219.51,0.24516238,1
1506034624,22011857,219.66,0.36400000,1
1506034624,22011856,219.86,0.08278540,1
1506034618,22011845,220.01,6.67149844,1
1506034618,22011843,220.00,10.78700000,0
1506034605,22011819,219.87,0.36180000,1
1506034605,22011817,219.92,0.13076539,1
1506034605,22011816,220.19,0.11038647,1
1506034605,22011815,220.20,0.22613079,1
1506034604,22011814,220.20,0.10615042,1
1506034604,22011813,220.20,0.10613079,1
1506034604,22011811,220.21,0.04423692,1
1506034604,22011810,220.55,0.99142000,1
1506034604,22011809,220.56,0.87799238,1
1506034562,22011762,220.50,3.82434246,1
1506034531,22011736,220.42,6.00000000,1
1506034518,22011727,221.20,4.24000000,0
1506034517,22011726,221.31,1.11906170,1
1506034517,22011724,221.31,0.09906948,1
1506034511,22011721,221.35,1.00126000,0
1506034477,22011711,221.41,0.08274000,1
1506034463,22011706,221.86,1.36004687,1
1506034392,22011675,221.87,1.31307433,0
1506034370,22011665,221.87,1.22747555,1
1506034316,22011644,222.03,0.92000000,0
1506034315,22011643,222.03,0.64000000,0
1506034315,22011642,222.03,0.37147107,0
1506034288,22011629,222.03,2.56450495,0
1506034285,22011628,222.03,0.91558191,0
1506034285,22011627,222.02,0.36000000,0
1506034282,22011624,222.03,0.64844207,0
1506034282,22011623,222.02,0.36100000,0
1506034057,22011541,221.31,0.10147270,0
1506034050,22011537,221.27,0.47051426,1
1506034050,22011535,221.27,0.36000000,1
1506034050,22011534,221.28,0.08274000,1
1506034046,22011531,221.77,0.36000000,1
1506034040,22011527,222.00,0.20000000,1
1506034035,22011526,222.00,1.80000000,1
1506033996,22011511,222.29,0.65317661,0
1506033986,22011507,221.70,0.24597600,0
1506033970,22011503,221.69,0.57000000,0
1506033970,22011502,220.96,0.55127519,0
1506033962,22011492,220.83,1.67040815,0
1506033947,22011468,220.82,0.55135859,1
1506033947,22011467,220.82,0.55127519,1
1506033947,22011465,220.83,0.05000000,1
1506033945,22011462,220.96,0.13030481,0
1506033945,22011460,220.82,0.55127519,0
1506033899,22011442,220.20,0.10613079,0
1506033898,22011439,220.20,1.51388259,0
1506033896,22011432,220.19,0.00425545,0
1506033896,22011431,220.19,0.10613079,0
1506033893,22011423,220.19,0.12000000,0
1506033838,22011395,220.20,1.00000000,0
1506033771,22011388,220.24,1.97697966,0
1506033668,22011359,219.86,0.08274000,0
1506033594,22011310,219.52,0.60000000,1
1506033448,22011251,219.93,0.40126000,0
1506033433,22011239,219.47,0.19963077,1
1506033433,22011238,219.51,0.08274000,1
1506033298,22011184,220.04,10.00000000,0
1506033238,22011161,219.84,1.03252986,0
1506033238,22011160,219.84,4.00533280,0
1506033230,22011155,219.39,1.29823466,1
1506033217,22011151,219.50,0.95044000,0
1506033217,22011150,219.39,0.36470000,0
1506033190,22011108,219.47,0.46033779,0
1506033190,22011107,219.47,3.12562043,0
1506033190,22011106,219.47,0.72176288,0
1506033189,22011104,219.00,0.08274000,0
1506033161,22011092,219.09,4.20248752,0
1506033137,22011079,218.01,1.51819089,1
1506033137,22011078,218.01,15.13026979,1
1506033137,22011077,218.02,10.09295648,1
1506033136,22011076,218.47,0.97416000,1
1506033134,22011075,219.00,0.99292000,0
1506033134,22011074,218.99,0.08274000,0
1506033132,22011072,218.00,0.71770000,1
1506033132,22011071,218.00,0.36470000,0
1506033132,22011070,218.47,0.91760000,1
1506033130,22011068,219.33,5.00000000,0
1506033121,22011067,219.41,3.13987600,1
1506033116,22011063,219.11,0.52000000,1
1506033116,22011062,219.15,0.10000000,1
1506033116,22011060,219.20,0.44808394,1
1506033082,22011040,219.38,2.31778000,0
1506033071,22011034,219.25,2.16000000,1
1506033071,22011033,219.30,0.04215156,1
1506033071,22011032,219.37,0.06555135,1
1506033071,22011031,219.37,0.05007693,1
1506032838,22010910,219.74,2.24520608,0
1506032634,22010833,219.83,0.08282707,1
1506032634,22010832,219.84,0.36400000,1
1506032625,22010825,219.92,0.36300000,1
1506032623,22010822,219.92,0.36300000,0
1506032622,22010818,219.83,0.02320000,0
1506032591,22010799,219.94,2.11451375,0
1506032522,22010772,219.50,3.37793087,1
1506032472,22010752,220.57,4.40355040,0
1506032394,22010692,219.37,22.68471850,0
1506032393,22010690,219.38,5.33000000,1
1506032393,22010689,219.50,4.84628150,1
1506032393,22010688,219.51,0.36400000,1
1506032386,22010686,221.19,2.25474684,0
1506032336,22010667,219.48,24.33230173,1
1506032336,22010666,219.49,0.36300000,1
1506032335,22010665,220.00,0.05000027,1
1506032285,22010649,220.01,0.13509028,0
1506032279,22010644,219.99,5.32830325,0
1506032278,22010642,220.00,0.13509028,0
1506032271,22010639,220.05,0.00000047,1
1506032270,22010638,220.06,0.10000000,1
1506032264,22010636,220.10,2.06994551,1
1506032262,22010635,220.10,1.54173100,1
1506032253,22010629,220.05,2.06994600,1
1506032240,22010625,220.05,10.84619753,1
1506032240,22010624,220.06,2.06994647,1
1506032222,22010615,220.05,19.79856000,1
1506032216,22010612,220.07,0.22660972,1
1506032215,22010611,220.07,11.76000000,0
1506032214,22010610,220.23,0.36170000,1
1506032214,22010609,220.30,0.08274000,1
1506032179,22010600,221.27,0.79353963,0
1506032178,22010599,221.02,0.08274000,0
1506032033,22010535,220.86,1.11224403,0
1506032011,22010524,220.46,0.00826000,0
1506032010,22010522,220.46,0.08274000,1
1506032002,22010510,220.13,2.61972178,1
1506032002,22010509,220.29,0.13001337,1
1506032002,22010508,220.29,2.04752485,1
1506032002,22010507,220.41,0.12000000,1
1506032001,22010506,220.42,0.08274000,1
1506031999,22010504,220.97,0.95770244,0
1506031999,22010503,220.70,0.24277811,0
1506031997,22010502,220.70,0.22206100,0
1506031922,22010440,220.70,0.06733122,0
1506031831,22010392,220.50,1.14432505,0
1506031830,22010391,220.51,13.55367495,1
1506031784,22010357,220.48,6.30100000,0
1506031771,22010350,220.43,0.03000000,1
1506031640,22010259,220.41,0.96000000,1
1506031640,22010258,220.44,0.53217033,0
1506031639,22010257,220.44,1.90778100,0
1506031639,22010256,220.41,0.96000000,1
1506031638,22010253,220.41,0.96000000,1
1506031637,22010252,220.44,0.96221900,0
1506031637,22010251,220.43,1.63000000,0
1506031623,22010243,220.48,0.58000000,1
1506031623,22010242,220.44,3.91838284,0
1506031622,22010241,220.44,0.58161716,1
1506031595,22010234,220.70,0.45197100,0
1506031595,22010233,220.44,0.01838284,0
1506031554,22010206,220.44,6.91161716,0
1506031553,22010205,220.41,0.09717884,0
1506031545,22010195,220.40,7.00879600,0
1506031538,22010191,220.30,3.49396739,0
1506031536,22010188,220.30,0.09000669,0
1506031533,22010171,220.30,0.04000668,0
1506031529,22010166,220.30,0.04000668,0
1506031527,22010160,220.30,0.07001320,0
1506031523,22010150,220.30,0.05000940,0
1506031511,22010132,220.30,1.51819089,0
1506031490,22010125,220.30,3.02952295,0
1506031489,22010122,220.30,2.57176578,0
1506031488,22010119,220.30,2.93241034,0
1506031456,22010097,220.26,0.28913632,0
1506031452,22010090,220.26,0.28913392,0
1506031449,22010087,220.26,3.02872362,0
1506031448,22010083,220.26,3.77744481,0
1506031447,22010082,220.26,6.62630527,0
1506031446,22010073,220.26,1.26851033,0
1506031445,22010068,220.26,1.46944520,0
1506031444,22010061,220.26,1.27448293,0
1506031443,22010058,220.26,3.02722859,0
1506031442,22010052,220.26,1.68800508,0
1506031442,22010048,220.26,2.35587745,0
1506031441,22010045,220.26,11.71019001,0
1506031441,22010044,220.26,0.14008999,0
1506031404,22009987,220.02,0.85715855,1
1506031346,22009969,220.10,0.16778368,0
1506031342,22009964,220.10,1.00000000,0
1506031336,22009962,220.12,1.17822097,0
1506031322,22009942,220.16,4.00000000,0
1506031283,22009923,220.02,0.07870000,1
1506031137,22009861,220.48,1.37559325,0
1506031137,22009860,220.48,0.54000000,0
1506031137,22009859,220.42,0.07506944,0
1506031134,22009858,220.41,1.00000000,0
1506031082,22009847,220.48,0.09755986,1
1506031082,22009846,220.00,1.89723531,0
1506031080,22009844,219.98,0.08274000,0
1506031075,22009842,219.98,0.00000338,1
1506031074,22009837,219.96,0.08274000,0
1506031064,22009831,219.91,0.05001796,1
1506031040,22009820,219.97,0.29003908,0
1506031037,22009817,219.98,0.96175282,0
1506031012,22009801,219.31,1.13587310,1
1506031010,22009796,219.30,4.50000000,0
1506030975,22009778,219.42,0.57008467,1
1506030956,22009776,219.37,6.70426000,1
1506030956,22009775,219.71,0.08274000,1
1506030880,22009708,220.00,0.25000000,1
1506030858,22009697,219.30,0.17262930,1
1506030858,22009696,219.70,0.59473370,1
1506030856,22009693,219.70,0.00340302,0
1506030856,22009691,219.69,0.08274000,0
1506030855,22009687,219.70,0.67720174,0
1506030849,22009679,219.65,0.09717884,1
1506030849,22009677,219.78,0.05669027,1
1506030849,22009676,220.02,5.71107172,1
1506030848,22009675,220.29,0.54069635,1
1506030820,22009654,220.34,3.00000000,1
1506030799,22009640,220.65,0.00027906,0
1506030799,22009639,220.64,0.39802394,0
1506030720,22009595,220.69,0.08278006,1
1506030713,22009574,220.70,0.32116068,1
1506030712,22009565,220.70,1.25352736,1
1506030711,22009555,220.70,0.20279331,1
1506030710,22009553,220.70,0.22830518,1
1506030709,22009545,220.70,0.09305106,1
1506030708,22009543,220.70,0.02985000,1
1506030707,22009540,220.70,0.02998500,1
1506030705,22009534,220.70,0.59757074,1
1506030703,22009532,220.70,0.75471954,1
1506030703,22009531,220.71,0.08274000,1
1506030699,22009529,220.72,1.49400000,1
1506030696,22009522,221.00,0.16409641,0
1506030695,22009520,221.00,0.18034358,0
1506030695,22009519,221.00,0.66256001,0
1506030691,22009513,221.00,0.66255150,1
1506030688,22009508,221.00,0.98583477,1
1506030676,22009490,221.01,0.08274000,1
1506030629,22009457,221.28,0.89245368,0
1506030555,22009425,221.30,1.12955264,0
1506030486,22009390,221.00,14.04900000,1
1506030476,22009385,221.38,6.51151865,1
1506030476,22009381,221.06,0.36200000,0
1506030474,22009380,221.04,2.14200230,0
1506030474,22009379,221.04,1.38811328,0
1506030443,22009373,221.00,4.00000000,1
1506030443,22009372,221.00,6.50000000,1
1506030424,22009358,221.04,0.10000000,0
1506030340,22009338,220.81,2.79000000,1
1506030325,22009337,220.74,3.41681359,1
1506030325,22009336,220.74,0.14684454,1
1506030325,22009335,220.87,0.06877511,1
1506030325,22009334,220.87,0.29322489,1
1506030271,22009296,221.44,0.31638100,1
1506030255,22009277,220.76,5.79474000,1
1506030242,22009262,220.70,3.51096287,0
1506030242,22009260,220.69,0.08274000,0
1506030235,22009255,220.70,0.08274000,0
1506030231,22009252,220.96,0.08274000,0
1506030231,22009251,221.60,0.76778492,0
1506030230,22009250,221.60,3.58492050,0
1506030230,22009249,220.97,0.08274000,0
1506030226,22009248,220.98,2.02258123,0
1506030226,22009247,220.98,0.66888022,0
1506030226,22009246,220.97,0.36300000,0
1506030224,22009240,220.02,6.52910027,0
1506030223,22009239,220.02,0.08274000,0
1506030223,22009238,220.02,0.03509000,0
1506030222,22009235,220.29,0.53962373,1
1506030222,22009233,220.29,0.14005500,1
1506030222,22009231,220.96,1.26046704,0
1506030220,22009228,220.95,0.53900805,0
1506030216,22009221,220.99,3.99282457,0
1506030215,22009219,220.96,0.08274000,1
1506030214,22009218,220.17,2.80319300,1
1506030200,22009211,219.79,0.83000000,1
1506030200,22009210,220.00,0.05000000,1
1506030200,22009209,220.00,1.26580000,1
1506030200,22009208,220.00,0.50000000,1
1506030200,22009206,220.00,0.19016137,1
1506030200,22009205,220.10,0.97902150,1
1506030200,22009204,220.16,42.00000000,1
1506030199,22009203,220.20,0.15000000,1
1506030199,22009202,220.21,4.16000000,1
1506030199,22009201,220.43,32.12201200,1
1506030180,22009190,221.25,1.01166252,0
1506030131,22009117,220.12,1.56989483,1
1506030131,22009116,220.12,0.08274000,1
1506030131,22009115,220.12,0.36300000,1
1506030126,22009114,221.63,10.21326415,0
1506030122,22009105,220.10,14.02097850,1
1506030122,22009104,220.72,4.84628150,1
1506030122,22009103,220.83,1.01000000,1
1506030122,22009102,221.16,5.04000000,1
1506030122,22009101,221.16,0.08274000,1
1506030116,22009098,221.17,10.00000000,1
1506030078,22009074,221.89,0.44923100,0
1506030070,22009071,221.95,5.47665290,0
1506030070,22009069,221.94,4.84628150,0
1506030070,22009068,221.93,0.08274000,0
1506030051,22009059,222.05,0.70583188,0
1506030048,22009057,222.05,1.69259096,0
1506030036,22009031,221.13,7.35797850,0
1506030035,22009030,221.13,0.08273950,0
1506030035,22009029,221.13,0.00000050,0
1506030034,22009026,221.13,4.84628150,1
1506030034,22009025,221.15,2.62000000,1
1506029995,22008992,222.43,3.59370287,0
1506029974,22008968,222.57,2.01563483,0
1506029957,22008945,221.78,1.34858141,0
1506029930,22008933,220.76,1.50000000,1
1506029881,22008922,220.71,2.86758666,0
1506029858,22008899,220.66,2.64822740,0
1506029847,22008893,220.53,0.16000000,0
1506029843,22008890,220.65,2.89411348,0
1506029836,22008880,220.62,0.08274000,0
1506029829,22008877,220.30,0.50000000,1
1506029827,22008876,220.64,4.32726000,0
1506029827,22008875,220.57,0.08274000,0
1506029747,22008813,220.26,1.44902958,1
1506029733,22008802,220.23,0.67068337,0
1506029733,22008800,220.23,4.41000000,1
1506029681,22008731,220.71,0.27000000,0
1506029681,22008730,220.70,4.12000000,0
1506029680,22008722,220.71,1.27000000,1
1506029680,22008721,220.71,2.84838849,1
1506029679,22008720,220.71,0.02161151,1
1506029679,22008719,220.71,0.26915549,1
1506029678,22008714,220.71,1.27249740,1
1506029676,22008710,220.71,2.86834711,1
1506029674,22008704,220.07,6.91000000,1
1506029674,22008703,220.07,4.41000000,0
1506029673,22008702,220.22,0.51000000,1
1506029673,22008701,220.71,3.60000000,0
1506029673,22008700,220.71,0.81000000,1
1506029672,22008699,220.71,3.60000000,1
1506029671,22008698,220.72,1.76000000,1
1506029661,22008686,220.70,1.49400000,1
1506029654,22008680,220.70,0.52902927,1
1506029654,22008679,220.70,1.91496706,1
1506029650,22008665,220.70,2.04503294,1
1506029649,22008664,220.70,0.39896339,1
1506029645,22008650,220.70,0.05103661,1
1506029645,22008648,220.70,3.95366182,1
1506029628,22008605,220.70,0.45633818,0
1506029627,22008604,220.70,0.08274000,0
1506029626,22008603,220.71,1.49370721,1
1506029610,22008590,221.46,1.49370721,1
1506029609,22008587,221.46,0.08274000,0
1506029598,22008575,221.54,1.79997293,0
1506029598,22008574,221.55,1.17724695,1
1506029598,22008573,221.56,0.08274000,1
1506029577,22008549,221.55,1.07577206,1
1506029577,22008548,221.69,0.07000000,1
1506029576,22008547,221.70,0.85422794,1
1506029569,22008545,221.87,1.75500000,1
1506029569,22008544,221.70,1.08447206,1
1506029549,22008524,221.99,0.35177260,0
1506029549,22008523,221.88,0.35830000,0
1506029547,22008521,221.87,4.46000000,0
1506029525,22008515,221.95,0.08274000,0
1506029502,22008496,222.00,0.55097042,0
1506029489,22008481,221.62,2.62763978,1
1506029483,22008465,221.61,8.22825826,1
1506029483,22008464,221.85,0.08740645,1
1506029481,22008462,221.91,7.24000000,1
1506029481,22008461,221.92,10.50594265,1
1506029477,22008458,221.89,1.08651052,0
1506029477,22008457,221.94,1.80462630,1
1506029476,22008456,221.97,0.05614142,1
1506029476,22008454,222.08,0.08274000,0
1506029469,22008447,222.05,1.50077164,1
1506029427,22008403,222.37,1.97474696,1
1506029427,22008402,222.37,0.11314374,1
1506029426,22008401,222.38,0.35830000,1
1506029426,22008399,222.41,0.08274000,0
1506029409,22008382,223.22,1.58893531,1
1506029400,22008333,223.22,0.20000000,1
1506029399,22008331,223.22,0.35830000,0
1506029383,22008309,222.52,3.04165520,1
1506029382,22008308,222.53,0.35830000,1
1506029382,22008306,222.80,1.50000000,1
1506029382,22008305,222.90,0.10000000,1
1506029382,22008304,223.15,0.00004480,1
1506029376,22008299,223.23,2.00000000,0
1506029304,22008248,223.21,1.12122681,0
1506029278,22008227,223.15,1.00824558,1
1506029276,22008223,223.23,0.57008467,0
1506029233,22008203,223.25,0.79110873,0
1506029232,22008201,223.15,3.58482572,0
1506029160,22008121,223.18,0.49193800,0
1506029131,22008099,223.21,0.68252416,0
1506029130,22008098,223.17,2.84628150,0
1506029114,22008084,222.98,1.32346682,0
1506029114,22008083,222.87,0.08274000,0
1506029103,22008078,222.91,0.08274000,1
1506029082,22008069,222.54,1.96788000,0
1506029081,22008068,222.38,0.50877021,0
1506029081,22008067,222.38,6.19583710,0
1506029080,22008063,222.97,0.06332725,0
1506029078,22008058,222.53,1.96771784,0
1506029077,22008057,222.53,0.50204467,0
1506028968,22007955,223.43,3.27429789,0
1506028963,22007948,223.65,0.81521118,0
1506028963,22007946,223.60,0.09040449,0
1506028962,22007935,223.60,1.90959547,1
1506028960,22007927,223.60,0.09040453,1
1506028950,22007897,223.68,2.00000000,0
1506028938,22007876,223.69,10.58216430,1
1506028938,22007875,223.69,0.82511275,1
1506028937,22007871,223.69,2.67997838,1
1506028935,22007865,223.69,4.03878857,1
1506028934,22007863,223.69,2.90980000,1
1506028932,22007851,223.69,9.35291100,1
1506028928,22007829,223.81,4.10848251,1
1506028928,22007828,223.81,0.65506191,1
1506028928,22007827,223.82,0.08274000,1
1506028924,22007812,223.84,1.27666326,1
1506028922,22007805,223.81,2.21046149,1
1506028917,22007783,224.09,0.23000000,1
1506028916,22007782,224.10,0.08274000,1
1506028913,22007771,224.26,1.98075810,1
1506028910,22007760,224.28,0.55127519,1
1506028891,22007727,224.50,0.02377354,1
1506028862,22007693,224.59,0.60000000,0
1506028839,22007649,224.59,0.13142869,0
1506028833,22007633,224.59,4.95700000,0
1506028825,22007603,224.59,0.64916000,0
1506028825,22007602,224.58,0.08274000,0
1506028823,22007597,224.58,2.20726000,0
1506028823,22007596,224.55,0.08274000,0
1506028790,22007549,224.12,0.23502630,1
1506028778,22007540,224.09,1.49000000,1
1506028778,22007539,224.12,0.08274000,1
1506028770,22007535,224.82,55.52057135,1
1506028767,22007529,224.83,7.44000000,1
1506028764,22007521,224.82,0.71571800,1
1506028764,22007518,224.89,1.24104205,0
1506028762,22007511,224.82,3.60000000,1
1506028760,22007506,224.80,1.22000000,0
1506028760,22007505,224.77,0.08274000,0
1506028760,22007504,224.77,21.04523200,0
1506028760,22007503,224.76,13.92511504,0
1506028730,22007463,224.01,0.68158000,1
1506028730,22007462,224.03,0.08274000,1
1506028723,22007440,224.91,0.37285772,1
1506028723,22007438,224.40,0.51000000,0
1506028723,22007437,224.19,0.05600649,0
1506028722,22007435,224.00,0.06239579,0
1506028720,22007428,223.96,4.88007257,0
1506028718,22007421,223.96,2.28058581,0
1506028717,22007413,223.96,12.71836336,0
1506028716,22007411,223.96,44.77501227,0
1506028700,22007362,224.00,0.43760421,0
1506028687,22007317,223.70,2.34600000,0
1506028685,22007312,223.70,3.41834457,0
1506028672,22007268,223.69,1.35000000,1
1506028672,22007266,223.69,0.35740000,0
1506028670,22007256,223.04,0.96471400,1
1506028669,22007250,223.04,0.38010200,1
1506028660,22007245,223.67,4.36257400,0
1506028652,22007231,223.52,3.83066909,0
1506028640,22007173,223.53,1.43373995,0
1506028639,22007163,223.54,1.01561241,1
1506028638,22007161,223.26,0.07236654,0
1506028638,22007157,223.06,0.41026375,0
1506028637,22007143,223.02,0.08274000,1
1506028636,22007142,223.02,0.08274000,0
1506028634,22007132,223.06,0.07223823,0
1506028633,22007130,222.58,24.79070428,1
1506028632,22007129,222.58,0.35740000,1
1506028632,22007127,222.70,3.58482572,1
1506028625,22007076,222.56,1.81001000,1
1506028611,22006966,222.49,0.48250198,1
1506028611,22006965,222.51,0.08274000,1
1506028593,22006813,222.47,5.43048119,1
1506028592,22006811,223.00,8.74344942,1
1506028586,22006781,223.00,1.24078189,1
1506028581,22006762,222.75,0.08274000,1
1506028571,22006745,223.26,1.99980706,0
1506028571,22006744,223.26,2.30229330,0
1506028571,22006743,223.26,0.33930287,0
1506028563,22006734,223.41,1.96311713,1
1506028563,22006733,223.27,0.33797645,0
1506028562,22006732,223.26,0.28000000,0
1506028560,22006729,223.21,0.33810000,0
1506028559,22006728,223.20,0.33798779,0
1506028559,22006727,223.20,0.00011221,0
1506028559,22006725,223.20,0.33810000,0
1506028553,22006716,223.17,0.26445300,1
1506028548,22006711,223.27,0.52000000,0
1506028548,22006710,222.99,0.50000000,0
1506028547,22006709,222.96,0.08274000,0
1506028533,22006682,222.39,2.53180000,0
1506028533,22006680,222.39,1.26378069,0
1506028531,22006675,222.39,1.26801931,0
1506028529,22006670,222.38,2.96891629,0
1506028528,22006667,222.38,5.06360000,0
1506028525,22006657,222.37,1.31883797,0
1506028520,22006644,222.37,1.17801829,0
1506028520,22006643,221.67,3.88588421,0
1506028520,22006639,221.67,2.91770070,1
1506028520,22006638,221.79,4.84628150,1
1506028520,22006637,222.06,0.54291781,1
1506028519,22006636,222.06,0.08274393,1
1506028519,22006632,222.07,0.08274000,1
1506028517,22006629,222.35,0.08232630,0
1506028511,22006616,222.06,0.45981607,0
1506028509,22006611,222.06,0.08274000,0
1506028506,22006600,222.36,9.19637546,0
1506028486,22006552,222.38,1.78900265,1
1506028485,22006550,222.38,2.53180000,0
1506028480,22006538,223.27,2.42974873,1
1506028479,22006534,223.09,0.09930000,0
1506028479,22006533,223.09,0.00070000,0
1506028479,22006531,223.08,14.83800000,1
1506028478,22006529,223.00,0.29495155,0
1506028478,22006527,223.00,0.13149917,0
1506028478,22006523,222.99,0.54000000,0
1506028472,22006506,222.15,0.52000000,0
1506028472,22006504,221.97,0.05657076,0
1506028472,22006502,221.94,0.50000000,0
1506028468,22006500,221.93,0.29229930,0
1506028468,22006498,221.93,0.50000000,0
1506028467,22006495,221.93,1.26171694,0
1506028466,22006488,221.93,1.15598376,0
1506028424,22006373,221.55,1.00000000,0
1506028409,22006356,221.50,0.91725453,0
1506028409,22006355,221.39,0.08274547,0
1506028409,22006354,221.39,0.91725453,0
1506028409,22006353,221.14,0.08274047,0
1506028381,22006329,220.75,0.03566857,1
1506028377,22006323,220.74,0.03575000,1
1506028376,22006322,221.14,1.16525700,0
1506028375,22006321,221.13,0.08274000,0
1506028372,22006319,220.70,12.00000000,0
1506028371,22006318,220.40,0.00007686,0
1506028301,22006258,220.30,0.03575034,1
1506028296,22006253,220.31,0.03573394,0
1506028283,22006245,220.40,1.74992314,0
1506028259,22006216,220.58,1.00000000,0
1506028256,22006204,220.32,0.08274000,1
1506028249,22006196,220.59,1.00000000,0
1506028187,22006156,220.66,0.31559865,1
1506028185,22006155,220.64,0.36250000,0
1506028182,22006153,220.64,0.14328429,1
1506028182,22006152,220.61,0.08274000,0
1506028153,22006130,220.00,2.85551586,1
1506028153,22006129,220.01,0.36250000,1
1506028150,22006126,220.66,0.02039336,0
1506028150,22006124,220.65,25.95847400,0
1506028149,22006123,220.63,0.08274000,1
1506028144,22006117,220.25,0.08274000,1
1506028139,22006114,220.25,1.77175576,0
1506028130,22006113,220.26,2.06437999,1
1506028069,22006067,220.76,0.55496000,0
1506028068,22006064,220.57,0.36230000,0
1506028067,22006063,220.57,0.08274000,0
1506028015,22006044,220.01,0.36230000,1
1506027935,22005994,220.00,2.04466713,1
1506027930,22005986,220.50,1.94655278,1
1506027930,22005985,220.51,0.00004000,1
1506027930,22005984,220.51,0.08270000,1
1506027927,22005983,220.50,2.09593973,1
1506027915,22005968,220.50,1.06713760,1
1506027915,22005967,220.54,0.08274000,1
1506027834,22005834,220.50,0.49037844,1
1506027834,22005832,220.80,0.08277156,1
1506027828,22005817,220.80,0.08232630,0
1506027817,22005783,220.50,18.46726000,1
1506027816,22005782,220.51,0.08274000,1
1506027810,22005779,220.81,6.19583710,0
1506027809,22005775,220.81,0.91726000,0
1506027809,22005774,220.80,0.08274000,0
1506027792,22005769,220.81,0.10000000,0
1506027784,22005766,220.50,3.10296691,1
1506027784,22005765,220.53,0.08274000,1
1506027783,22005762,220.81,0.31872922,0
1506027782,22005761,220.81,1.94000000,0
1506027767,22005750,220.81,0.38603532,0
1506027762,22005746,220.81,3.47431782,0
1506027756,22005740,220.80,0.08274000,0
1506027750,22005730,220.71,0.57553394,0
1506027744,22005724,220.71,3.60000000,0
1506027676,22005660,220.71,0.06431323,0
1506027671,22005657,220.20,1.00000000,1
1506027649,22005645,219.65,0.08274000,1
1506027649,22005643,219.65,3.42008116,0
1506027648,22005642,219.65,0.08274000,0
1506027646,22005640,219.65,0.02717884,0
1506027645,22005639,219.66,0.88000000,1
1506027644,22005638,220.92,1.24799747,0
1506027642,22005637,221.84,6.72849801,1
1506027642,22005635,221.59,0.51000000,0
1506027642,22005634,221.14,0.36090000,1
1506027641,22005633,220.96,0.65000000,0
1506027641,22005632,220.95,27.88300000,1
1506027640,22005631,220.77,0.50000000,0
1506027640,22005630,220.76,1.24921708,0
1506027639,22005629,220.73,0.08274000,1
1506027631,22005625,220.29,2.70858137,0
1506027631,22005624,220.29,2.84321149,0
1506027631,22005623,220.33,1.24921708,1
1506027619,22005618,220.28,1.29819259,1
1506027619,22005617,220.32,0.08274000,1
1506027615,22005614,220.27,2.87111877,1
1506027615,22005613,220.29,0.36090000,1
1506027580,22005565,220.10,0.20569217,1
1506027574,22005563,220.00,1.38093259,0
1506027573,22005562,219.99,0.08274000,1
1506027573,22005561,219.99,1.14240000,0
1506027573,22005560,219.99,1.14240000,0
1506027573,22005559,219.99,1.14240000,0
1506027572,22005558,219.99,1.14240000,0
1506027572,22005557,219.99,1.14240000,0
1506027537,22005521,219.96,0.21000000,0
1506027537,22005520,219.96,4.33000000,0
1506027524,22005511,219.35,5.94191000,1
1506027524,22005510,219.35,0.08274000,1
1506027512,22005500,219.32,4.32726000,0
1506027512,22005497,219.56,0.08274000,1
1506027506,22005490,219.98,0.57209746,0
1506027420,22005430,219.98,1.73708246,0
1506027420,22005429,219.97,2.17000000,0
1506027411,22005426,219.97,2.00000000,0
1506027381,22005406,219.97,0.20602809,0
1506027380,22005405,219.97,3.00000000,0
1506027368,22005391,220.10,0.50186278,0
1506027368,22005390,220.09,0.64000000,0
1506027366,22005388,220.00,0.36000000,1
1506027366,22005387,220.00,0.53795456,0
1506027347,22005373,220.00,0.04531818,0
1506027310,22005355,219.89,0.02633135,0
1506027302,22005352,219.89,14.36354540,0
1506027301,22005351,219.88,0.36360000,1
1506027301,22005350,219.88,3.77000000,0
1506027217,22005314,220.00,0.91027272,0
1506027216,22005313,219.90,0.08274000,0
1506027194,22005302,220.00,0.60645454,0
1506027192,22005300,219.50,3.93702536,0
1506027191,22005299,219.50,5.08068337,0
1506027181,22005295,219.27,1.83819736,1
1506027181,22005294,219.30,1.80006100,1
1506027180,22005293,219.50,0.17004000,0
1506027170,22005286,219.30,0.19993900,1
1506027144,22005259,219.49,0.22720853,0
1506027121,22005247,219.50,0.83730680,0
1506027117,22005245,219.50,18.33753986,0
1506027115,22005240,219.48,4.41000000,0
1506027057,22005128,219.97,6.41726000,0
1506027057,22005127,219.82,0.08274000,0
1506027026,22005072,219.32,3.55525321,1
1506027026,22005071,219.32,0.36360000,1
1506026996,22005041,219.57,0.36410000,0
1506026994,22005040,219.25,6.23863264,0
1506026993,22005038,219.22,14.11703401,0
1506026992,22005037,219.22,1.94000000,1
1506026992,22005036,219.46,2.43722599,1
1506026990,22005035,220.12,0.08274000,1
1506026970,22005011,220.08,0.04997501,1
1506026970,22005007,219.27,2.29570253,1
1506026970,22005006,219.27,0.08274000,1
1506026969,22005004,221.70,1.96758170,0
1506026969,22005001,221.70,0.49000000,0
1506026969,22004999,221.69,7.56110339,0
1506026956,22004971,221.92,6.21313987,0
1506026955,22004966,219.80,2.83168045,0
1506026955,22004964,219.80,6.76716354,0
1506026954,22004960,219.85,0.82533104,1
1506026953,22004957,221.93,5.24286937,1
1506026953,22004955,221.03,0.52000000,0
1506026952,22004952,220.00,0.50000000,0
1506026952,22004951,219.92,0.52000000,0
1506026950,22004947,219.89,2.23820898,0
1506026944,22004936,219.85,1.25192896,0
1506026944,22004934,219.84,0.08274000,0
1506026940,22004924,219.84,5.47924762,0
1506026939,22004921,219.84,6.29075238,0
1506026939,22004920,219.81,0.08274000,0
1506026939,22004919,219.80,0.65000000,0
1506026939,22004918,219.20,3.54161176,0
1506026939,22004913,219.20,3.60000000,0
1506026938,22004912,219.20,4.00126000,0
1506026933,22004906,219.19,1.49400000,0
1506026932,22004905,219.20,11.77000000,0
1506026931,22004902,219.20,14.09027800,0
1506026931,22004901,219.19,3.26000000,0
1506026931,22004900,219.19,11.77000000,0
1506026929,22004889,219.20,4.43404864,0
1506026927,22004879,219.20,0.70000000,0
1506026926,22004878,219.20,11.77000000,0
1506026926,22004877,219.20,3.03001824,1
1506026926,22004876,219.24,27.32970800,1
1506026926,22004875,219.25,14.29797276,1
1506026916,22004858,219.26,0.79452000,0
1506026916,22004857,219.26,0.01548000,0
1506026916,22004856,219.20,1.33452000,0
1506026915,22004854,219.27,0.08274000,0
1506026914,22004852,219.27,0.08274000,1
1506026908,22004848,219.83,0.08357167,0
1506026896,22004841,219.84,22.14409669,0
1506026896,22004840,219.80,0.80000000,0
1506026896,22004839,219.77,0.08274000,0
1506026896,22004837,219.76,3.28690385,0
1506026885,22004821,219.84,0.02906527,0
1506026883,22004817,219.00,0.84057593,0
1506026882,22004816,219.02,7.76410000,1
1506026882,22004815,219.03,1.25192896,1
1506026882,22004814,219.51,2.31000000,1
1506026882,22004813,219.52,0.08274000,1
1506026875,22004804,219.88,0.93222956,0
1506026875,22004802,219.88,18.57504093,0
1506026862,22004795,219.88,3.94952251,0
1506026862,22004794,219.75,0.08587057,0
1506026860,22004793,219.51,0.90000000,1
1506026853,22004779,219.50,1.96528318,1
1506026827,22004770,219.02,0.63590000,0
1506026827,22004769,219.01,3.60000000,0
1506026822,22004764,219.01,3.60000000,0
1506026809,22004755,219.02,0.36410000,0
1506026799,22004749,218.80,0.95643800,0
1506026799,22004748,218.69,0.39290689,0
1506026764,22004719,218.69,0.04558965,0
1506026760,22004713,218.69,0.81535506,0
1506026760,22004712,218.67,0.08983151,0
1506026758,22004710,218.66,0.92000000,0
1506026750,22004708,218.66,7.94371077,0
1506026750,22004707,218.10,0.07007889,0
1506026743,22004703,218.00,0.00001681,0
1506026740,22004695,218.00,6.93768507,0
1506026740,22004694,218.00,7.80231493,0
1506026732,22004688,218.00,3.60000000,0
1506026728,22004684,217.90,12.81490677,0
1506026727,22004683,217.90,0.41827484,0
1506026727,22004682,217.90,3.60000000,0
1506026725,22004680,217.92,2.44326163,1
1506026725,22004679,217.92,1.34997419,1
1506026724,22004678,218.00,10.00000000,0
1506026721,22004676,218.00,0.15000000,0
1506026718,22004675,218.00,2.39090793,0
1506026717,22004674,218.00,0.70051875,0
1506026717,22004671,217.92,3.52902581,0
1506026715,22004665,217.92,1.35000000,0
1506026713,22004663,217.92,1.27407882,0
1506026712,22004662,217.92,0.50993060,0
1506026712,22004657,217.92,1.27510489,0
1506026711,22004653,217.92,0.89063500,0
1506026710,22004651,217.92,1.27958098,0
1506026710,22004649,217.92,2.60477500,0
1506026708,22004643,217.92,4.79765614,0
1506026707,22004641,217.92,2.58411319,0
1506026707,22004640,217.92,0.36000000,0
1506026707,22004639,217.92,0.07820100,0
1506026706,22004637,217.92,10.42417503,0
1506026705,22004635,217.92,1.97102200,0
1506026703,22004630,217.92,9.50000000,0
1506026701,22004629,217.92,3.08973600,0
1506026696,22004627,217.91,0.08274000,0
1506026694,22004625,217.92,0.46017061,0
1506026693,22004624,217.65,0.30983900,1
1506026693,22004623,217.88,0.08274000,1
1506026692,22004621,217.89,1.21556748,0
1506026687,22004612,217.89,7.91162672,0
1506026685,22004602,217.89,0.08274000,1
1506026683,22004596,217.90,0.14360000,0
1506026679,22004595,217.90,1.29240000,0
1506026664,22004581,217.92,0.08274000,0
1506026659,22004579,217.99,1.00000000,0
1506026629,22004553,218.00,3.91885321,0
1506026593,22004505,217.97,0.68206635,0
1506026584,22004499,218.09,1.56336999,1
1506026571,22004482,218.11,0.08274000,1
1506026554,22004462,218.09,0.00035000,1
1506026554,22004461,218.26,0.50000000,1
1506026534,22004454,218.36,0.40126000,0
1506026527,22004451,218.38,0.08274000,1
1506026525,22004448,218.73,0.56313310,0
1506026525,22004447,218.71,0.08274000,0
1506026525,22004446,218.69,0.49000000,0
1506026524,22004445,218.68,1.00000000,0
1506026466,22004364,218.96,0.33390728,0
1506026466,22004363,218.96,1.46000000,0
1506026465,22004362,218.78,0.08274000,0
1506026460,22004341,218.77,3.11198195,0
1506026437,22004189,218.95,0.50821902,0
1506026430,22004132,218.10,0.14296612,1
1506026425,22004097,218.95,0.82472636,0
1506026423,22004084,218.09,0.02128001,1
1506026423,22004082,218.09,1.58500000,1
1506026419,22004057,218.96,2.37503876,0
1506026419,22004055,218.25,0.47000000,0
1506026417,22004045,217.99,1.58504600,0
1506026415,22004039,217.99,0.77495400,1
1506026415,22004038,218.00,7.74356390,0
1506026415,22004037,218.00,3.39700000,1
1506026415,22004036,218.01,11.80000000,1
1506026414,22004035,218.01,14.98975834,1
1506026412,22004033,218.26,0.38873100,0
1506026412,22004031,218.00,12.98995366,0
1506026390,22003996,218.36,0.68010200,1
1506026390,22003995,218.36,0.08274000,1
1506026390,22003994,218.37,0.08274000,1
1506026367,22003950,218.99,1.07085558,0
1506026367,22003948,218.99,3.15228832,0
1506026355,22003837,218.99,0.67297267,0
1506026355,22003831,218.99,0.25000000,0
1506026353,22003816,218.16,0.64595100,1
1506026344,22003739,218.99,6.28809770,1
1506026342,22003723,219.00,25.05578000,0
1506026336,22003691,218.99,0.79000000,1
1506026324,22003668,218.99,0.36770000,1
1506026322,22003666,218.99,0.94000000,1
1506026316,22003656,218.99,3.90657723,1
1506026309,22003654,218.99,1.12000000,1
1506026308,22003653,219.00,3.00000000,0
1506026307,22003652,219.00,0.37808219,0
1506026306,22003649,219.00,0.91164384,0
1506026296,22003626,218.99,1.64000000,1
1506026293,22003613,219.00,1.00000000,0
1506026289,22003595,219.00,0.07036529,0
1506026286,22003585,218.99,4.41000000,1
1506026286,22003583,218.99,0.32204000,1
1506026285,22003580,219.00,0.03378995,0
1506026284,22003577,218.99,0.42767100,1
1506026283,22003574,218.99,2.40000000,1
1506026282,22003571,218.99,1.28438300,1
1506026282,22003569,218.99,0.12240100,1
1506026279,22003566,219.00,0.45547945,0
1506026278,22003563,219.00,2.03278539,0
1506026276,22003562,218.99,22.52155400,1
1506026274,22003561,218.99,22.52152000,1
1506026273,22003557,218.99,18.68000000,1
1506026271,22003552,218.99,2.85000000,0
1506026271,22003551,218.98,7.15809031,0
1506026271,22003550,218.98,15.36335869,0
1506026263,22003524,218.06,0.75237293,1
1506026263,22003522,218.82,0.53016207,1
1506026260,22003510,219.00,15.95484018,0
1506026260,22003508,218.82,0.53000000,0
1506026260,22003507,218.80,4.41000000,1
1506026258,22003502,218.80,4.41000000,1
1506026258,22003500,218.80,4.17000000,0
1506026256,22003489,218.81,2.09147514,0
1506026256,22003487,218.79,4.17000000,0
1506026250,22003477,218.00,6.06000000,0
1506026250,22003476,217.99,0.77408829,0
1506026237,22003466,217.99,12.98995366,0
1506026231,22003459,217.99,1.16986687,0
1506026230,22003452,217.99,9.95177718,0
1506026230,22003451,217.80,0.52274000,0
1506026196,22003396,217.80,0.47726000,0
1506026194,22003394,217.71,0.53000000,0
1506026152,22003259,216.68,0.18110491,1
1506026144,22003239,217.44,1.75391213,0
1506026144,22003235,217.00,0.16334787,0
1506026143,22003233,216.97,0.08274000,1
1506026135,22003221,216.98,0.02990783,0
1506026132,22003218,217.00,1.10441622,0
1506026131,22003216,217.00,0.49774310,0
1506026130,22003215,216.99,0.08274000,0
1506026130,22003214,215.25,0.36116486,1
1506026130,22003213,215.88,0.37110891,1
1506026130,22003212,215.89,0.08983143,1
1506026129,22003211,215.91,0.50000000,1
1506026129,22003210,215.91,2.49000000,1
1506026129,22003209,216.48,0.82015680,1
1506026129,22003208,216.50,0.36770000,1
1506026129,22003207,216.63,0.08274000,0
1506026128,22003205,216.68,0.08274000,1
1506026127,22003201,217.48,18.65146220,0
1506026122,22003195,217.49,1.62501930,0
1506026122,22003194,217.48,0.08274000,0
1506026122,22003193,217.24,0.31877400,0
1506026119,22003177,216.63,0.31877400,1
1506026119,22003175,216.64,0.08274000,1
1506026118,22003160,217.49,3.53632242,0
1506026118,22003159,217.49,1.80284151,0
1506026117,22003152,217.49,4.28483126,0
1506026116,22003140,217.49,9.08215624,0
1506026116,22003138,217.49,1.61069566,0
1506026116,22003135,217.49,0.21848627,0
1506026115,22003127,216.62,0.49936000,1
1506026115,22003122,217.49,3.98625109,0
1506026114,22003120,217.14,0.09661969,0
1506026111,22003109,216.62,0.53000000,0
1506026111,22003108,216.49,0.08702156,0
1506026111,22003106,216.48,0.82000000,0
1506026108,22003090,215.88,0.18877222,1
1506026105,22003081,216.00,3.05507407,0
1506026105,22003078,216.00,2.86215874,0
1506026104,22003077,216.00,0.46406289,0
1506026104,22003075,215.89,0.07200000,0
1506026103,22003072,215.88,0.37100000,0
1506026101,22003062,215.43,11.20919195,0
1506026101,22003059,215.42,1.38530148,0
1506026100,22003057,215.42,2.73469852,0
1506026100,22003054,215.37,13.55020148,0
1506026100,22003053,215.37,13.15035510,0
1506026100,22003052,215.15,3.13454490,0
1506026099,22003045,215.15,0.37098291,0
1506026098,22003043,215.15,0.36844850,0
1506026098,22003038,215.15,0.07200000,0
1506026098,22003037,215.15,0.08453475,0
1506026097,22003034,215.15,1.04518666,0
1506026096,22003030,215.34,0.37100000,1
1506026096,22003029,215.36,0.49399679,1
1506026096,22003028,215.84,0.06421080,1
1506026095,22003021,215.91,0.18152778,0
1506026094,22003017,215.84,0.00032249,0
1506026093,22003011,215.84,0.06417529,0
1506026093,22003009,215.36,2.56600321,1
1506026093,22003007,215.38,0.37030000,1
1506026093,22003005,215.40,0.47715392,1
1506026092,22003003,215.61,0.50000000,1
1506026079,22002976,215.35,0.22988505,1
1506026077,22002974,215.70,0.00186713,0
1506026076,22002972,215.70,0.37155947,0
1506026072,22002969,215.69,0.33377315,0
1506026071,22002967,215.69,1.28689597,0
1506026069,22002963,215.69,1.74017025,0
1506026068,22002960,215.28,0.78913440,1
1506026064,22002953,215.68,0.00231222,0
1506026063,22002950,215.68,0.46013214,0
1506026059,22002947,215.23,0.84695118,1
1506025980,22002856,215.54,2.31418762,0
1506025948,22002846,215.52,18.03647299,0
1506025948,22002845,215.51,8.11010273,0
1506025947,22002844,215.52,0.17842542,0
1506025940,22002828,215.15,0.34611521,0
1506025938,22002823,215.15,3.25388479,0
1506025936,22002814,215.01,1.82384450,0
1506025935,22002813,215.01,1.77615550,0
1506025935,22002812,214.82,0.94854729,0
1506025932,22002802,214.82,1.03489781,0
1506025906,22002789,215.00,3.60000000,1
1506025902,22002786,215.00,4.00000000,0
1506025902,22002785,214.93,0.08274000,0
1506025895,22002776,214.96,0.54556080,0
1506025890,22002774,214.95,0.34707079,0
1506025885,22002772,214.70,1.43464751,0
1506025882,22002770,214.70,0.46535249,0
1506025882,22002769,214.65,0.00041370,0
1506025882,22002768,214.65,0.08232630,0
1506025856,22002732,214.87,0.18107781,0
1506025839,22002719,214.51,0.08274000,0
1506025830,22002705,214.49,0.08274000,0
1506025829,22002703,214.50,0.37100040,0
1506025813,22002670,214.50,8.19750700,0
1506025812,22002669,214.50,1.04651500,0
1506025812,22002668,214.49,0.37100000,0
1506025808,22002665,214.50,0.06911000,0
1506025805,22002660,214.50,0.68436832,1
1506025776,22002609,214.51,0.81226967,1
1506025776,22002608,215.01,0.37100000,1
1506025776,22002607,215.15,13.97192033,1
1506025772,22002601,215.15,0.31000000,1
1506025769,22002596,215.43,11.20920607,1
1506025767,22002588,215.15,0.31000000,1
1506025762,22002585,215.15,1.41126000,1
1506025762,22002584,215.18,0.08274000,1
1506025757,22002577,215.15,0.79073232,1
1506025755,22002573,215.15,1.26000000,1
1506025754,22002567,215.15,0.45000000,1
1506025753,22002566,215.15,0.41726000,1
1506025753,22002564,215.18,0.08274000,1
1506025751,22002558,215.15,2.13974069,1
1506025749,22002557,215.15,3.60000000,1
1506025747,22002549,215.00,2.03964324,0
1506025744,22002537,215.00,1.98646696,0
1506025741,22002533,215.00,1.00126000,0
1506025732,22002524,214.98,0.37100000,0
1506025732,22002522,214.97,0.08274000,0
1506025728,22002516,214.80,0.07218545,1
1506025721,22002504,215.00,2.30600000,0
1506025718,22002500,214.99,2.00000000,0
1506025717,22002497,215.08,0.37100000,1
1506025715,22002495,215.09,0.08274000,0
1506025700,22002459,215.68,0.46244436,1
1506025698,22002455,215.68,3.98123964,0
1506025698,22002454,215.67,0.37100000,0
1506025697,22002453,215.66,0.64029217,0
1506025696,22002450,215.74,0.50726000,1
1506025696,22002449,215.68,4.41000000,0
1506025696,22002448,215.66,0.08274000,0
1506025688,22002425,215.08,0.08274000,1
1506025684,22002394,215.74,0.00433297,0
1506025684,22002392,215.73,0.35881558,0
1506025683,22002391,215.72,0.08274000,0
1506025677,22002364,215.02,0.39372779,1
1506025677,22002363,215.47,0.08274000,1
1506025674,22002351,215.04,15.53718442,0
1506025673,22002350,215.36,0.37100000,0
1506025673,22002349,215.42,2.62000000,1
1506025673,22002348,215.50,3.74246143,0
1506025672,22002344,215.51,0.35881558,1
1506025654,22002317,215.74,0.86226031,0
1506025652,22002309,215.74,3.54340672,0
1506025650,22002298,215.75,2.54339668,0
1506025649,22002294,215.75,3.54187717,0
1506025649,22002292,215.75,3.63825836,0
1506025613,22002269,215.84,0.11550222,0
1506025592,22002235,215.47,0.15326000,1
1506025591,22002234,215.49,0.08274000,1
1506025586,22002227,215.43,0.08274000,0
1506025578,22002183,215.47,0.24276951,0
1506025577,22002181,215.47,0.67589035,0
1506025576,22002178,215.39,0.24262965,1
1506025575,22002177,215.39,0.08274000,0
1506025568,22002164,215.00,0.20000000,0
1506025553,22002150,214.81,0.45602400,1
1506025520,22002104,214.80,0.76620112,1
1506025515,22002095,214.78,5.63000000,0
1506025515,22002094,214.64,0.09058882,0
1506025515,22002093,214.48,1.21758026,0
1506025467,22002024,214.18,0.35023886,1
1506025456,22002002,214.36,0.08274000,1
1506025450,22001986,214.18,1.63768276,1
1506025450,22001985,214.29,1.21587568,1
1506025450,22001984,214.33,0.08274000,1
1506025444,22001968,214.31,2.48059509,1
1506025420,22001930,214.07,0.27224959,0
1506025378,22001873,213.89,5.63000000,0
1506025320,22001770,214.30,2.16636826,1
1506025319,22001768,214.20,0.35663687,0
1506025279,22001720,213.68,0.08274000,1
1506025279,22001719,214.32,0.19331591,1
1506025279,22001718,214.32,0.27224959,1
1506025278,22001717,213.68,0.08274500,0
1506025278,22001715,213.68,1.91725500,0
1506025277,22001713,213.67,0.08274000,0
1506025277,22001711,213.63,0.27224959,0
1506025272,22001706,213.63,0.22775041,0
1506025270,22001703,213.64,0.17371664,0
1506025270,22001702,213.63,1.83000000,0
1506025261,22001695,213.66,0.18444600,0
1506025238,22001665,213.48,6.29014939,1
1506025234,22001662,212.88,0.35663687,1
1506025234,22001661,213.46,0.09058021,1
1506025209,22001643,213.88,0.58274000,0
1506025147,22001582,214.29,0.12091092,0
1506025146,22001579,213.87,0.40016200,1
1506025145,22001578,213.87,1.50641523,1
1506025145,22001576,214.02,0.98958041,1
1506025140,22001571,214.20,0.06169630,1
1506025136,22001563,214.20,0.55526665,1
1506025134,22001560,214.20,1.90878672,1
1506025131,22001559,214.20,1.49400000,1
1506025125,22001552,214.20,1.77039972,1
1506025125,22001550,214.21,0.11332805,1
1506025119,22001541,214.21,1.01995238,1
1506025102,22001524,214.13,0.50000000,0
1506025090,22001515,214.67,0.46466670,1
1506025089,22001513,213.99,0.50000000,0
1506025075,22001496,214.01,0.13336000,0
1506025071,22001495,213.88,0.32820506,1
1506025066,22001489,213.87,1.70186846,1
1506025066,22001487,213.87,2.64000000,1
1506025065,22001485,213.87,0.99668271,0
1506025065,22001484,214.00,14.72176515,1
1506025065,22001483,214.00,0.08274000,0
1506025064,22001475,214.03,9.99920368,0
1506025063,22001474,214.04,0.08274000,1
1506025043,22001430,214.00,0.20000000,0
1506025031,22001423,213.87,2.26781726,0
1506025029,22001422,213.86,0.71486316,0
1506025029,22001421,213.66,0.10000000,0
1506025018,22001414,213.22,0.50000000,1
1506025000,22001388,213.00,13.64082967,0
1506024986,22001365,213.00,2.62279242,0
1506024984,22001362,213.00,5.97379700,0
1506024971,22001346,213.00,1.68044160,0
1506024967,22001344,213.00,0.46845070,0
1506024954,22001341,213.00,10.00000000,0
1506024945,22001333,213.63,9.99920368,0
1506024945,22001332,213.26,0.00079632,0
1506024943,22001328,213.25,0.50000000,0
1506024923,22001305,213.50,1.13277368,1
1506024919,22001299,213.50,0.02976908,1
1506024915,22001297,213.80,0.99443613,0
1506024914,22001295,213.87,6.91681490,1
1506024913,22001294,213.85,0.03449908,0
1506024913,22001293,213.82,30.11094300,0
1506024912,22001292,213.80,6.73000000,0
1506024905,22001284,213.81,5.27597710,0
1506024900,22001278,213.45,1.85016838,0
1506024899,22001275,213.50,0.38789640,1
1506024899,22001274,213.50,1.73722432,1
1506024885,22001248,213.46,0.02665480,0
1506024881,22001214,213.00,0.26643403,0
1506024877,22001207,213.51,16.63313193,1
1506024877,22001206,213.00,0.20000000,0
1506024875,22001203,212.88,2.02660570,0
1506024860,22001182,212.88,1.20589629,0
1506024856,22001164,212.88,0.75278984,0
1506024848,22001150,212.88,0.68422031,0
1506024846,22001144,212.88,1.41803164,0
1506024846,22001143,212.87,0.08274000,0
1506024842,22001133,212.50,5.83059100,1
1506024841,22001128,212.51,2.11000000,1
1506024841,22001127,212.51,19.05940900,1
1506024840,22001124,212.88,3.40944990,0
1506024840,22001123,212.87,0.50000000,0
1506024840,22001122,212.57,0.91726000,0
1506024840,22001121,212.57,0.08274000,1
1506024827,22001100,212.52,0.50000000,0
1506024825,22001095,212.50,2.33840023,1
1506024823,22001092,212.53,11.66000000,0
1506024823,22001090,212.53,1.00159977,1
1506024817,22001083,212.88,11.46034551,0
1506024817,22001082,212.88,2.16551444,0
1506024817,22001081,212.87,0.50000000,0
1506024811,22001017,212.88,14.74798146,0
1506024811,22001013,212.87,0.08274000,1
1506024810,22001010,212.87,0.50000000,0
1506024810,22001009,212.83,0.08274000,0
1506024798,22000974,212.51,0.07000000,1
1506024797,22000973,212.59,0.53000000,1
1506024797,22000971,212.87,0.40000000,1
1506024796,22000969,212.88,1.00277151,0
1506024795,22000965,213.00,4.82417840,1
1506024795,22000964,213.00,2.46300469,1
1506024795,22000963,213.00,0.50000000,1
1506024795,22000961,213.00,1.62543858,1
1506024793,22000956,213.00,1.00220120,1
1506024791,22000952,213.01,0.08274000,0
1506024790,22000948,213.20,0.00000556,1
1506024790,22000946,213.20,0.17807262,1
1506024789,22000945,213.21,0.08274000,1
1506024788,22000940,213.20,1.74302876,1
1506024788,22000937,213.62,0.85994738,0
1506024788,22000935,213.62,0.08274000,0
1506024783,22000921,213.24,0.08274000,1
1506024768,22000899,213.74,0.00001612,0
1506024768,22000898,213.74,0.05724971,1
1506024766,22000892,213.73,0.08274000,0
1506024742,22000823,213.85,1.30167962,1
1506024737,22000805,213.85,0.08274000,0
1506024723,22000768,213.25,1.51081900,1
1506024721,22000762,213.25,7.98646400,1
1506024721,22000759,213.25,3.95456462,1
1506024720,22000758,213.26,2.84000000,1
1506024720,22000757,213.54,0.18296338,1
1506024718,22000740,213.53,0.81919883,1
1506024718,22000738,213.54,0.08274000,1
1506024691,22000670,214.00,3.50274302,0
1506024691,22000669,213.99,0.40870557,0
1506024683,22000661,213.99,0.09129443,0
1506024680,22000655,213.47,11.42308893,0
1506024679,22000651,213.48,0.08274000,0
1506024678,22000649,213.48,0.50117107,1
1506024678,22000648,214.00,0.32164986,0
1506024677,22000646,213.99,0.50000000,0
1506024672,22000636,214.00,3.10000000,0
1506024672,22000635,213.99,0.50000000,0
1506024670,22000633,214.00,0.04480000,0
1506024668,22000621,213.99,3.10500000,1
1506024667,22000616,214.00,3.60000000,0
1506024665,22000612,214.00,0.99990654,0
1506024663,22000608,214.00,0.42198200,0
1506024657,22000587,213.99,1.77412950,0
1506024655,22000571,213.99,0.08874500,0
1506024655,22000569,213.98,0.24805100,0
1506024652,22000566,213.98,0.25194900,0
1506024652,22000565,213.98,0.16936600,0
1506024651,22000564,213.96,0.08274000,0
1506024647,22000556,213.98,0.24789400,0
1506024647,22000553,213.98,0.08274000,0
1506024644,22000550,213.29,6.84972772,0
1506024644,22000549,213.32,1.00328146,1
1506024644,22000548,213.33,0.08274000,1
1506024644,22000544,213.34,3.42000000,1
1506024643,22000543,214.00,0.87625300,0
1506024641,22000541,213.98,3.10500000,0
1506024638,22000537,214.00,1.28971000,0
1506024635,22000527,214.04,0.50000000,0
1506024631,22000508,213.26,1.50000000,1
1506024630,22000504,214.04,0.08274000,0
1506024625,22000492,214.06,3.60000000,0
1506024624,22000486,213.25,18.15013045,1
1506024624,22000484,213.99,2.64696000,1
1506024621,22000477,213.99,0.37030000,1
1506024620,22000473,213.99,0.08274000,0
1506024619,22000472,213.99,0.50000000,0
1506024619,22000471,213.23,1.37000000,0
1506024618,22000470,213.99,3.73699000,0
1506024615,22000456,214.04,0.25000000,0
1506024611,22000449,214.05,0.31500000,0
1506024611,22000448,213.21,6.16730569,0
1506024611,22000443,213.27,0.08710141,1
1506024610,22000442,213.66,0.53000000,1
1506024610,22000439,214.00,3.00000000,1
1506024608,22000432,214.06,0.21559290,1
1506024603,22000422,214.09,3.20000000,1
1506024602,22000420,214.14,1.00252171,1
1506024601,22000404,214.13,2.53629249,1
1506024600,22000397,214.13,0.66774187,0
1506024600,22000394,214.13,0.08274000,0
1506024599,22000392,214.13,4.41000000,1
1506024599,22000387,214.13,0.50000000,1
1506024598,22000383,214.18,0.08274000,1
1506024598,22000382,214.64,0.07909166,0
1506024596,22000371,214.17,1.91749617,1
1506024590,22000321,214.75,2.11571078,0
1506024590,22000318,214.69,0.50000000,0
1506024590,22000316,214.68,0.08274000,0
1506024590,22000314,214.68,0.41473918,0
1506024590,22000309,214.68,0.08526082,0
1506024589,22000304,214.14,0.39859905,0
1506024588,22000291,214.14,0.50140095,1
1506024584,22000247,214.73,0.41445378,0
1506024579,22000227,214.74,0.03548477,0
1506024577,22000226,214.74,0.46451523,0
1506024573,22000219,214.90,0.02399670,0
1506024570,22000210,214.75,0.45309946,1
1506024569,22000202,214.75,1.61897228,1
1506024566,22000190,214.75,0.37538961,1
1506024565,22000180,214.76,0.03529521,0
1506024557,22000171,214.75,0.57653883,1
1506024556,22000169,214.76,1.50162973,1
1506024542,22000137,214.97,0.92936319,0
1506024536,22000107,214.90,0.89268977,0
1506024535,22000097,214.90,0.50000000,1
1506024531,22000080,215.00,0.30760465,0
1506024531,22000071,215.00,0.19106860,0
1506024530,22000062,214.99,1.68000000,1
1506024529,22000061,214.99,1.47000000,1
1506024529,22000060,214.99,1.00000000,1
1506024529,22000059,214.99,0.26000000,1
1506024527,22000049,214.99,1.68000000,1
1506024525,22000037,215.00,1.93395554,0
1506024524,22000030,215.01,0.37100000,1
1506024518,22000005,214.90,1.94035000,1
1506024518,22000004,214.99,0.96965485,1
1506024517,22000002,214.99,0.50000000,1
1506024517,22000001,214.99,0.50000000,1
1506024517,21999999,214.99,0.50000000,1
1506024516,21999990,214.90,1.94034515,0
1506024515,21999987,214.90,6.01516838,0
1506024514,21999983,214.95,0.64916499,1
1506024514,21999980,214.99,4.41000000,1
1506024514,21999978,215.00,0.16000000,1
1506024510,21999972,215.60,0.16210575,1
1506024498,21999956,214.97,2.00742039,1
1506024498,21999955,214.98,4.26000000,0
1506024493,21999949,214.96,0.48367711,1
1506024492,21999947,215.00,1.00000000,1
1506024492,21999946,215.00,1.00000000,1
1506024492,21999944,215.03,0.37030000,1
1506024492,21999943,215.64,0.46476800,0
1506024488,21999931,216.00,3.87209259,1
1506024486,21999921,216.00,1.49400000,1
1506024480,21999907,216.00,1.49400000,1
1506024473,21999896,216.25,4.69030081,1
1506024471,21999893,216.25,0.62783872,1
1506024469,21999891,216.26,18.01216128,1
1506024469,21999890,216.30,3.07609128,0
1506024466,21999883,216.30,12.38646081,1
1506024465,21999882,216.30,1.48353919,1
1506024460,21999876,216.36,0.09930000,1
1506024458,21999868,216.59,1.40000000,0
1506024453,21999866,216.36,0.00070000,1
1506024453,21999865,216.40,1.00000000,1
1506024450,21999859,216.45,0.32922391,1
1506024446,21999855,216.60,22.24792003,0
1506024446,21999854,216.58,0.95585634,0
1506024443,21999852,216.45,0.48000000,1
1506024438,21999844,216.60,4.62991992,0
1506024438,21999843,216.59,30.44669300,0
1506024435,21999839,216.60,1.38093259,1
1506024413,21999822,216.65,0.12893663,0
1506024413,21999821,216.65,0.32068108,0
1506024409,21999819,216.65,0.04601892,0
1506024404,21999815,216.68,0.08274000,1
1506024403,21999814,216.70,0.08274000,1
1506024403,21999813,216.71,0.36670000,1
1506024403,21999812,216.73,11.86000000,1
1506024403,21999811,216.74,14.29797276,1
1506024382,21999797,217.14,0.14692750,0
1506024382,21999795,217.10,0.08274000,0
1506024370,21999788,217.18,0.24348466,0
1506024369,21999786,217.14,0.08274000,1
1506024361,21999770,216.67,0.00438961,1
1506024361,21999769,216.70,6.26742039,1
1506024352,21999763,217.99,26.35743233,0
1506024352,21999762,217.99,0.20000514,0
1506024351,21999761,217.99,4.37442178,1
1506024351,21999760,217.99,3.60000000,1
1506024351,21999759,217.92,31.19961900,0
1506024351,21999758,217.91,6.69000000,1
1506024351,21999757,217.91,73.50400000,1
1506024350,21999756,217.89,0.50000000,0
1506024350,21999755,217.86,0.43000000,0
1506024350,21999754,217.86,2.14000000,0
1506024349,21999752,217.53,1.56554292,0
1506024349,21999750,217.53,1.25001085,0
1506024349,21999749,217.29,0.52000000,0
1506024348,21999748,216.55,8.59567601,0
1506024348,21999746,216.51,0.25750711,0
1506024347,21999744,216.47,0.09049049,0
1506024330,21999739,216.50,0.74560425,0
1506024329,21999738,216.49,0.25439575,0
1506024314,21999729,216.49,0.04609370,0
1506024313,21999728,216.49,0.06851055,0
1506024285,21999710,216.53,0.46067520,0
1506024270,21999686,216.45,0.36243937,1
1506024255,21999665,216.54,2.24097116,0
1506024254,21999662,216.54,0.09213078,0
1506024239,21999643,216.45,0.42657800,1
1506024238,21999641,216.45,0.81608200,1
1506024231,21999636,216.54,2.09824291,0
1506024226,21999631,216.54,1.07625824,0
1506024226,21999629,216.54,0.79705910,0
1506024226,21999628,216.53,0.36770000,0
1506024221,21999624,216.41,0.54914800,1
1506024216,21999615,216.41,0.55577800,1
1506024138,21999557,216.70,0.00000044,1
1506024137,21999556,216.70,0.99999956,1
1506024137,21999555,216.70,0.00013844,1
1506024135,21999549,216.70,0.99986156,1
1506024127,21999534,216.41,0.40835000,1
1506024121,21999524,216.41,0.34796000,1
1506024121,21999523,216.61,0.36770000,1
1506024121,21999522,216.61,0.36900000,1
1506024118,21999520,216.62,3.38420200,0
1506024118,21999517,216.63,0.08274000,1
1506024086,21999496,216.48,0.71708089,1
1506024086,21999495,216.50,0.08274000,1
1506024086,21999494,216.70,1.00000000,1
1506024083,21999480,217.94,0.08910330,0
1506024083,21999478,217.94,1.29979765,1
1506024082,21999473,217.53,0.17664197,0
1506024082,21999471,217.52,2.20243047,0
1506024082,21999469,217.52,0.08274000,1
1506024080,21999467,217.37,0.55000000,0
1506024080,21999465,216.48,0.08274000,1
1506024049,21999448,216.65,0.38016316,0
1506024049,21999447,216.70,1.00000000,1
1506023973,21999366,216.47,9.90813472,1
1506023966,21999363,217.35,1.14303732,1
1506023965,21999362,217.34,0.08274000,0
1506023957,21999357,216.96,1.17000000,0
1506023953,21999356,216.40,1.16275416,0
1506023944,21999351,216.40,0.55838881,0
1506023931,21999338,216.40,0.08274000,0
1506023930,21999334,216.40,1.00000000,1
1506023920,21999328,216.70,0.37757268,0
1506023919,21999326,216.69,0.08274000,1
1506023914,21999318,216.45,1.06822959,1
1506023904,21999304,216.62,0.41778427,0
1506023903,21999303,216.48,0.36559882,0
1506023903,21999301,216.47,0.36715500,0
1506023882,21999279,216.49,1.00000000,0
1506023807,21999260,216.66,0.36715500,1
1506023802,21999257,216.90,0.10000000,1
1506023794,21999253,216.96,13.61310841,1
1506023790,21999247,216.90,0.90000000,1
1506023790,21999245,216.97,13.17467852,0
1506023785,21999241,216.91,0.38000000,1
1506023783,21999240,216.99,1.00414000,0
1506023777,21999236,216.91,0.90000000,1
1506023769,21999230,216.91,0.90000000,1
1506023747,21999191,216.39,1.28665919,0
1506023746,21999190,216.45,2.49688149,1
1506023746,21999189,216.45,0.08274000,1
1506023714,21999142,217.00,3.99046478,0
1506023714,21999140,216.89,0.36700000,0
1506023713,21999139,216.86,0.08274000,1
1506023693,21999125,216.26,12.79396238,1
1506023693,21999124,216.27,0.41853893,1
1506023681,21999116,217.00,3.66221046,0
1506023673,21999101,216.33,4.01942240,1
1506023667,21999094,216.32,0.93746432,0
1506023667,21999093,216.32,5.32997966,0
1506023665,21999090,217.07,10.22329202,1
1506023656,21999082,217.44,0.36700000,0
1506023654,21999063,217.53,0.36559882,1
1506023648,21999043,218.00,0.92063425,1
1506023637,21999033,218.00,0.07936575,1
1506023637,21999032,218.01,0.08274000,1
1506023636,21999029,218.03,0.08274000,0
1506023630,21999025,218.41,1.18115810,1
1506023601,21998988,218.66,0.85168755,1
1506023600,21998985,218.66,10.00000000,0
1506023599,21998984,218.50,0.97376810,0
1506023598,21998980,218.50,2.28260870,0
1506023588,21998973,218.50,0.99917620,0
1506023586,21998971,218.49,0.37040000,0
1506023573,21998955,218.71,1.73702133,1
1506023572,21998952,218.71,0.08274000,0
1506023536,21998885,218.77,0.91852000,0
1506023535,21998883,218.23,0.08274000,0
1506023516,21998859,218.32,6.26744398,0
1506023470,21998822,218.00,0.07283626,0
1506023463,21998815,218.64,7.34103704,0
1506023463,21998814,217.15,0.00000500,0
1506023461,21998807,217.15,1.64705500,0
1506023457,21998796,217.15,0.90000000,0
1506023456,21998790,218.04,0.08274000,1
1506023447,21998776,218.00,0.08274000,1
1506023446,21998775,218.00,0.20000000,0
1506023446,21998774,217.83,0.36800000,0
1506023446,21998773,217.79,4.41000000,0
1506023446,21998772,217.79,0.81071927,0
1506023443,21998769,217.04,4.02831992,0
1506023443,21998768,217.04,4.58000000,1
1506023443,21998767,217.04,0.08274000,0
1506023443,21998766,217.29,0.36800000,1
1506023442,21998759,217.50,4.55094008,1
1506023439,21998753,217.50,4.41000000,1
1506023438,21998750,217.50,4.41000000,1
1506023437,21998749,217.50,4.41000000,1
1506023437,21998747,217.51,4.41000000,1
1506023436,21998745,217.50,4.41000000,1
1506023435,21998741,217.50,0.08274000,0
1506023435,21998740,217.30,4.41000000,0
1506023434,21998738,217.29,1.40515832,0
1506023427,21998730,217.03,2.73101000,1
1506023427,21998729,217.04,1.01000000,1
1506023420,21998727,217.04,1.30000000,1
1506023413,21998709,216.79,4.17281300,0
1506023413,21998708,216.78,0.08274000,0
1506023409,21998696,216.16,4.42936168,1
1506023408,21998695,216.17,1.40515832,0
1506023407,21998691,216.46,0.08274000,0
1506023406,21998687,216.46,0.08274000,1
1506023399,21998670,216.79,5.82718700,0
1506023393,21998656,216.76,4.01942240,0
1506023392,21998643,216.39,0.11726000,1
1506023390,21998635,216.03,0.08274000,0
1506023385,21998620,216.44,0.10996283,1
1506023383,21998617,216.44,0.08274000,1
1506023346,21998578,215.47,6.35905278,0
1506023342,21998573,215.49,0.46210200,1
1506023283,21998526,216.41,0.23044222,1
1506023262,21998450,215.35,2.28763388,1
1506023245,21998442,215.33,0.38379300,1
1506023245,21998441,215.34,0.08274000,1
1506023236,21998436,215.35,0.87757000,1
1506023200,21998376,215.71,6.35905278,0
1506023194,21998373,215.60,0.08274000,1
1506023191,21998369,215.71,0.02308655,0
1506023172,21998350,215.65,0.04637495,0
1506023148,21998328,215.11,1.30000000,1
1506023120,21998297,215.17,2.58420285,0
1506023091,21998257,215.17,0.24106520,0
1506023090,21998254,215.17,0.50000000,0
1506023080,21998250,215.17,0.99697913,0
1506023077,21998249,215.17,0.08274000,0
1506023077,21998248,215.21,0.37040000,1
1506023075,21998246,215.71,0.81558400,0
1506023075,21998245,215.65,0.08274000,0
1506023064,21998234,215.09,0.61200500,1
1506023064,21998233,215.10,9.38799500,1
1506023061,21998224,215.20,1.95227014,0
1506023055,21998220,215.20,0.11760408,0
1506023055,21998218,215.20,6.88547954,0
1506023014,21998165,215.10,0.89751100,1
1506023012,21998163,215.19,0.27149800,1
1506023004,21998158,215.19,0.28522100,1
1506023000,21998154,215.17,0.28559300,1
1506022909,21998038,215.11,0.33726400,1
1506022909,21998037,215.14,0.08274000,1
1506022904,21998035,215.59,0.42422900,0
1506022898,21998024,215.59,26.94702908,0
1506022896,21998023,215.48,0.08274000,0
1506022844,21997990,215.09,0.54629900,1
1506022829,21997976,215.09,19.75998899,1
1506022829,21997975,215.23,0.08274000,1
1506022828,21997973,215.24,0.08274000,1
1506022819,21997968,215.23,1.22849547,1
1506022799,21997952,215.93,0.02727736,0
1506022795,21997947,216.37,15.48375467,1
1506022794,21997946,216.00,0.10000000,0
1506022794,21997945,215.94,0.10149378,0
1506022794,21997944,215.94,0.36980000,1
1506022793,21997943,215.73,0.10150000,0
1506022792,21997941,215.66,2.37421516,1
1506022791,21997940,215.66,0.08274000,1
1506022775,21997924,215.00,0.44229155,0
1506022731,21997891,214.99,0.04924300,1
1506022730,21997890,214.99,0.36980000,1
1506022697,21997800,215.00,21.54841779,0
1506022697,21997799,214.99,0.33457600,0
1506022689,21997785,214.96,0.41925800,1
1506022688,21997779,214.95,0.37916718,1
1506022688,21997776,214.95,0.04007182,1
1506022688,21997773,215.00,0.08274000,0
1506022687,21997768,215.01,2.00000000,1
1506022687,21997766,215.15,4.32000000,1
1506022648,21997737,215.95,0.00001497,0
1506022648,21997736,215.95,0.10149000,1
1506022647,21997734,215.94,0.81363600,0
1506022646,21997733,215.94,0.08274000,0
1506022632,21997722,214.96,0.33457600,1
1506022632,21997721,215.87,0.06944761,0
1506022628,21997720,215.52,0.08274000,1
1506022624,21997715,214.95,0.49096200,1
1506022624,21997714,215.50,0.08274000,1
1506022620,21997705,215.04,0.33371000,1
1506022620,21997704,215.93,1.01945074,1
1506022619,21997703,215.48,0.33371000,1
1506022619,21997701,215.48,0.25641900,0
1506022619,21997699,215.48,4.40000000,0
1506022604,21997664,214.95,0.25719600,1
1506022602,21997657,214.96,0.90282700,1
1506022602,21997656,215.49,1.65529722,0
1506022601,21997655,215.47,0.08274000,0
1506022601,21997654,215.46,0.08274000,0
1506022599,21997641,215.45,0.51231253,0
1506022535,21997593,214.90,0.14836590,0
1506022534,21997591,215.08,0.50000000,1
1506022534,21997589,215.11,0.97000000,1
1506022533,21997586,215.50,0.95294663,1
1506022533,21997584,215.51,11.79000000,0
1506022531,21997581,216.01,4.33768747,1
1506022525,21997575,216.01,0.51231253,1
1506022491,21997534,216.00,1.91726000,1
1506022491,21997533,216.06,0.08274000,1
1506022490,21997532,216.07,0.23400000,0
1506022475,21997481,217.00,25.07732156,1
1506022475,21997480,216.99,0.53000000,0
1506022475,21997479,216.88,12.77084207,0
1506022475,21997478,216.84,2.73000000,0
1506022475,21997476,216.84,0.85233352,0
1506022475,21997475,216.83,4.41000000,0
1506022474,21997473,216.80,0.75378000,0
1506022474,21997472,216.79,3.95000000,0
1506022474,21997470,216.79,1.61441949,0
1506022474,21997468,215.62,1.73882959,1
1506022474,21997467,216.05,0.51228882,1
1506022474,21997466,216.10,0.08274000,1
1506022467,21997459,216.84,0.85247187,0
1506022455,21997443,216.80,2.61266777,1
1506022454,21997442,216.37,0.54000000,0
1506022454,21997440,216.36,5.39997223,0
1506022454,21997438,216.32,0.08274000,0
1506022454,21997437,216.32,1.36462000,0
1506022451,21997436,216.33,25.30188209,0
1506022451,21997435,216.31,1.71747431,0
1506022450,21997434,216.30,0.08274000,0
1506022442,21997427,216.02,3.94874902,0
1506022441,21997425,216.05,0.08274000,1
1506022435,21997423,216.02,0.42491436,1
1506022434,21997421,216.02,0.06074366,0
1506022433,21997417,216.02,0.08274000,1
1506022432,21997415,216.02,0.71308213,1
1506022429,21997411,216.00,1.65842250,1
1506022429,21997410,216.31,1.09380799,1
1506022428,21997409,215.94,0.08274000,0
1506022427,21997408,215.90,1.29135294,1
1506022425,21997403,215.84,3.34051793,0
1506022421,21997401,215.85,0.50658575,0
1506022420,21997400,215.85,0.09601834,0
1506022420,21997399,215.84,0.86456548,0
1506022418,21997397,215.84,2.33385841,0
1506022415,21997395,215.62,0.21678030,0
1506022415,21997394,215.62,1.00037103,0
1506022415,21997392,215.61,0.99990694,0
1506022410,21997389,215.62,1.00041736,0
1506022406,21997386,215.02,0.77210609,1
1506022406,21997385,215.02,0.99944191,1
1506022406,21997383,215.23,0.22845200,1
1506022404,21997382,215.59,0.96665177,0
1506022404,21997378,215.59,0.13601739,0
1506022403,21997377,215.59,2.75733084,0
1506022401,21997372,215.00,15.19890325,0
1506022400,21997370,215.00,1.13767000,0
1506022400,21997369,215.00,0.13639065,0
1506022398,21997367,215.00,2.19604849,0
1506022398,21997366,215.00,2.21537011,0
1506022398,21997365,215.00,2.52194809,0
1506022395,21997358,215.00,1.13880800,0
1506022395,21997356,215.00,3.60000000,0
1506022392,21997348,215.00,5.55800327,0
1506022385,21997333,215.00,0.13640935,0
1506022379,21997324,215.00,1.02118000,0
1506022373,21997316,215.00,0.67158139,0
1506022372,21997315,214.99,0.50000000,0
1506022358,21997303,215.00,0.02500000,0
1506022357,21997302,215.00,0.37116279,0
1506022330,21997276,214.80,1.86549355,0
1506022330,21997275,214.79,0.50000000,0
1506022330,21997274,214.78,3.58000000,0
1506022322,21997264,214.79,0.99995345,0
1506022320,21997263,214.80,0.10000000,0
1506022316,21997260,214.80,0.49786898,0
1506022314,21997257,214.80,5.58966480,0
1506022314,21997256,214.80,0.50009306,0
1506022314,21997255,214.80,1.74908212,0
1506022313,21997251,214.79,1.00000000,0
1506022308,21997248,214.79,3.33100000,0
1506022304,21997242,214.80,1.67979000,0
1506022301,21997235,214.78,1.00004656,0
1506022299,21997231,214.79,0.18351955,0
1506022291,21997222,214.79,0.20769123,0
1506022285,21997207,214.80,0.63896648,0
1506022283,21997199,214.77,0.79233802,1
1506022283,21997198,214.78,0.20841198,1
1506022274,21997179,214.80,0.02493700,0
1506022274,21997178,214.80,5.53207562,0
1506022274,21997177,214.80,2.70114525,0
1506022274,21997176,214.79,3.98000000,0
1506022265,21997151,214.80,2.19472009,0
1506022265,21997149,214.80,0.10000000,0
1506022263,21997143,214.79,0.42284065,0
1506022263,21997142,214.78,0.50000000,0
1506022258,21997136,214.80,3.04627013,0
1506022258,21997135,214.79,4.10000000,0
1506022258,21997134,214.78,0.50000000,0
1506022258,21997133,214.76,13.28791587,0
1506022251,21997127,214.83,0.52966127,1
1506022251,21997126,214.84,1.16612363,1
1506022251,21997125,214.85,0.41525059,1
1506022251,21997124,215.10,0.52750332,1
1506022250,21997122,215.09,0.69882668,0
1506022249,21997120,215.09,0.31117332,0
1506022249,21997119,214.89,0.65569009,0
1506022247,21997115,214.89,0.37200000,0
1506022246,21997111,214.89,1.16703000,0
1506022244,21997107,214.89,2.86527991,1
1506022244,21997104,214.83,1.16620911,0
1506022231,21997087,214.01,1.51217272,0
1506022230,21997086,214.03,0.05200000,1
1506022230,21997085,214.06,1.00000000,1
1506022228,21997083,214.92,0.53582728,1
1506022221,21997074,214.91,0.63038469,1
1506022220,21997073,214.91,0.22961531,1
1506022219,21997071,215.07,0.04007997,0
1506022210,21997052,215.08,0.54189787,0
1506022202,21997035,214.90,0.10000000,0
1506022202,21997033,214.89,0.35066778,0
1506022202,21997032,214.88,0.08274000,0
1506022198,21997024,214.89,0.14933222,1
1506022197,21997022,214.89,0.08274000,0
1506022187,21997005,214.50,0.17000000,1
1506022187,21997002,214.74,0.53000000,1
1506022185,21996995,214.90,0.50000000,1
1506022181,21996991,214.99,0.50000000,0
1506022175,21996979,215.00,1.00000000,1
1506022175,21996978,215.00,0.06365000,1
1506022175,21996977,215.00,16.05588342,1
1506022162,21996947,215.00,0.94411658,1
1506022162,21996946,215.00,0.50000000,1
1506022162,21996945,215.00,2.18604651,1
1506022162,21996944,215.00,1.00000000,1
1506022162,21996942,215.00,0.29350688,1
1506022155,21996932,215.00,1.50649312,1
1506022155,21996930,215.00,1.00000000,1
1506022155,21996928,215.00,2.00000000,1
1506022155,21996926,215.00,5.69767442,1
1506022155,21996925,215.00,1.93799000,1
1506022155,21996924,215.01,3.71000000,1
1506022155,21996923,215.01,5.90630218,1
1506022154,21996922,215.05,0.15880028,1
1506022154,21996921,215.09,0.08274000,1
1506022132,21996866,215.52,0.16559318,0
1506022132,21996865,215.52,0.08274000,0
1506022120,21996833,215.01,4.09369782,1
1506022118,21996827,215.03,2.28254527,1
1506022115,21996810,215.03,1.81745473,1
1506022114,21996809,215.29,0.00000914,1
1506022114,21996808,215.56,0.31611119,1
1506022114,21996804,215.56,0.14388106,1
1506022110,21996784,215.56,0.22393266,1
1506022109,21996783,215.62,0.09885698,0
1506022109,21996782,215.61,0.21682664,0
1506022109,21996781,215.56,0.31607509,1
1506022109,21996780,215.60,0.00000028,1
1506022107,21996776,215.60,0.99999972,1
1506022107,21996775,215.61,0.21684288,1
1506022107,21996774,215.62,1.00041740,1
1506022077,21996723,215.84,1.56628068,0
1506022077,21996722,215.83,1.80000000,0
1506022077,21996721,215.81,0.50000000,0
1506022067,21996712,215.61,0.28315712,1
1506022066,21996710,215.62,0.28311074,0
1506022064,21996709,215.61,0.50000000,1
1506022062,21996708,215.63,0.62914926,1
1506022062,21996707,215.64,0.08274000,1
1506022035,21996678,215.84,2.18539700,0
1506022015,21996641,215.63,0.50000000,1
1506021982,21996589,215.72,0.00117987,0
1506021981,21996587,215.92,1.69173013,1
1506021969,21996578,215.92,0.16600000,1
1506021964,21996575,216.26,0.58471690,0
1506021957,21996555,216.24,1.18546821,1
1506021957,21996554,216.25,0.30853179,1
1506021955,21996552,216.24,0.08274000,1
1506021953,21996547,216.25,0.17867996,1
1506021951,21996546,215.71,0.58330000,1
1506021951,21996545,215.99,1.66557000,1
1506021951,21996544,215.99,7.24820000,1
1506021942,21996503,215.72,10.44798329,0
1506021937,21996490,216.32,1.14966517,0
1506021937,21996488,216.29,0.39000000,0
1506021932,21996469,215.70,2.43774575,1
1506021932,21996466,215.82,0.60112260,1
1506021932,21996464,215.82,0.52000000,1
1506021923,21996420,216.27,1.17756867,0
1506021922,21996419,216.27,0.38526002,0
1506021922,21996418,215.96,0.31116557,0
1506021918,21996407,215.96,0.20884259,0
1506021917,21996400,215.96,0.67720430,1
1506021917,21996399,215.96,0.52001664,1
1506021917,21996398,216.00,0.82244750,1
1506021915,21996393,216.00,1.17755250,1
1506021900,21996343,216.21,1.00000000,1
1506021897,21996323,216.33,0.37000000,1
1506021881,21996285,216.38,0.17880580,0
1506021869,21996265,216.38,3.63183962,0
1506021858,21996238,216.39,0.37737670,0
1506021858,21996236,216.38,2.39311934,0
1506021858,21996235,216.38,0.39000000,0
1506021850,21996212,216.38,0.11000000,1
1506021848,21996209,216.39,2.12262330,1
1506021846,21996202,216.40,0.19991270,0
1506021846,21996201,216.40,0.23659115,0
1506021845,21996200,216.39,1.50000000,1
1506021829,21996155,216.40,7.73886375,0
1506021828,21996152,216.40,0.31377079,1
1506021824,21996146,216.42,7.73884106,0
1506021824,21996145,216.40,0.00002079,0
1506021824,21996144,216.40,0.79973244,1
1506021823,21996142,216.40,0.06923934,1
1506021808,21996092,216.40,0.80076990,0
1506021806,21996087,216.39,0.04083042,1
1506021800,21996077,216.39,0.04083042,1
1506021799,21996075,216.39,0.11000000,1
1506021797,21996064,216.39,0.04083042,0
1506021787,21996056,216.40,2.35194310,0
1506021787,21996055,216.39,0.04083042,0
1506021780,21996044,216.40,8.38648700,0
1506021779,21996042,216.46,8.46080000,1
1506021776,21996028,216.43,0.04083042,0
1506021774,21996025,216.43,1.59338690,0
1506021774,21996023,216.45,2.54563100,1
1506021773,21996021,216.44,5.91726000,0
1506021773,21996020,216.44,0.08274000,0
1506021765,21996001,216.88,0.21215928,1
1506021761,21995983,216.88,2.32335252,1
1506021759,21995981,217.01,2.57515773,0
1506021759,21995980,217.01,3.76025494,0
1506021759,21995979,216.93,0.04083042,0
1506021749,21995957,216.91,0.52000000,1
1506021733,21995923,216.98,0.20000000,1
1506021714,21995844,217.00,1.04078416,0
1506021711,21995842,217.01,0.08274000,1
1506021708,21995841,217.29,0.91380754,0
1506021708,21995838,217.28,0.89286878,0
1506021707,21995833,217.29,0.99203828,0
1506021706,21995828,217.28,0.04083042,0
1506021696,21995777,217.29,4.95916958,0
1506021696,21995775,217.28,0.04083042,0
1506021691,21995768,217.29,1.66732418,0
1506021691,21995767,217.28,0.04083042,0
1506021686,21995763,217.29,0.21621830,0
1506021686,21995761,217.29,0.17928970,0
1506021686,21995760,217.28,1.10930601,0
1506021682,21995754,217.30,2.71213698,0
1506021682,21995753,217.29,0.08274000,0
1506021682,21995752,217.28,2.16429260,0
1506021682,21995751,217.23,0.04083042,0
1506021675,21995733,217.24,0.45916958,0
1506021646,21995694,217.29,0.22685768,0
1506021619,21995649,217.00,17.27706614,1
1506021618,21995647,217.00,1.00000000,1
1506021618,21995646,217.08,10.60370386,1
1506021618,21995645,217.09,0.08274000,1
1506021611,21995597,217.50,0.02477600,1
1506021609,21995589,217.50,0.08274000,1
1506021608,21995585,217.49,0.08274000,0
1506021596,21995558,217.00,0.53482534,1
1506021596,21995556,217.01,2.00000000,1
1506021596,21995555,217.08,1.40538050,1
1506021596,21995554,217.10,0.08274000,1
1506021547,21995505,217.79,0.40079919,1
1506021547,21995504,217.79,0.50000000,1
1506021547,21995503,217.79,0.50000000,1
1506021546,21995501,217.58,0.08274000,0
1506021544,21995499,217.00,0.46517466,1
1506021544,21995498,217.00,1.00000000,1
1506021544,21995497,217.00,0.50000000,1
1506021544,21995496,217.00,9.63198329,1
1506021544,21995495,217.18,0.49999500,1
1506021544,21995494,217.20,1.00119705,1
1506021544,21995493,217.21,0.08274000,1
1506021536,21995470,217.60,3.92172259,0
1506021530,21995464,217.48,0.00136501,0
1506021528,21995462,217.48,0.18889641,0
1506021528,21995461,217.48,0.08274000,0
1506021486,21995407,217.18,0.00250000,0
1506021485,21995405,217.18,0.49750000,0
1506021482,21995400,217.00,0.36801671,1
1506021482,21995398,217.00,0.35211279,0
1506021482,21995396,217.01,5.10803500,1
1506021481,21995395,217.19,0.08274000,0
1506021480,21995393,217.19,0.08274000,1
1506021474,21995383,217.50,3.84299494,0
1506021447,21995330,217.73,1.00268681,0
1506021447,21995329,217.73,0.50000000,0
1506021414,21995219,217.86,0.42444971,1
1506021407,21995208,217.86,0.34430086,1
1506021404,21995196,217.86,7.54325200,0
1506021404,21995195,217.86,22.25303100,0
1506021403,21995193,217.86,0.92545796,0
1506021403,21995192,217.84,0.00000076,0
1506021402,21995191,217.85,0.36886300,1
1506021402,21995190,217.85,3.31000000,0
1506021397,21995181,217.84,0.20000000,0
1506021397,21995180,217.84,0.02638447,0
1506021396,21995175,217.84,6.14209100,0
1506021396,21995174,217.84,1.15540100,0
1506021388,21995159,217.86,0.30224439,0
1506021388,21995158,217.81,0.08274000,0
1506021386,21995155,217.84,0.08274000,0
1506021386,21995154,217.82,0.36886376,0
1506021381,21995149,217.84,1.60952789,1
1506021377,21995145,217.56,0.33768823,1
1506021372,21995138,217.55,0.63093257,1
1506021372,21995137,217.58,0.08274000,1
1506021369,21995130,217.86,2.47174831,0
1506021369,21995129,217.86,0.17897297,0
1506021367,21995127,217.56,0.08274000,1
1506021359,21995110,217.52,0.34016400,1
1506021358,21995109,217.88,4.33402137,0
1506021356,21995104,217.47,0.08274000,0
1506021348,21995077,217.94,5.72169508,0
1506021348,21995076,217.51,0.50000000,0
1506021348,21995075,217.51,0.50000000,0
1506021348,21995074,217.50,0.08274000,0
1506021340,21995062,217.01,0.50642231,1
1506021340,21995061,217.02,3.72167600,1
1506021340,21995059,217.02,0.50000000,1
1506021339,21995058,217.10,0.40000000,1
1506021339,21995056,217.12,0.10000000,1
1506021339,21995053,217.20,0.05000000,1
1506021339,21995051,217.22,0.00003784,1
1506021339,21995049,217.22,1.08581162,1
1506021338,21995047,217.22,0.10000000,0
1506021338,21995043,217.50,0.37057223,1
1506021338,21995039,217.52,0.08274000,1
1506021336,21995032,217.53,0.08274000,1
1506021330,21995019,217.98,1.09830726,0
1506021292,21994925,217.50,2.62942777,0
1506021262,21994877,217.50,1.83466667,0
1506021252,21994848,217.50,0.56381609,0
1506021250,21994843,217.49,0.08274000,0
1506021250,21994842,217.49,0.50000000,0
1506021247,21994838,217.50,0.05310214,0
1506021247,21994837,217.49,0.50000000,0
1506021247,21994836,217.43,1.18570186,0
1506021245,21994833,217.43,3.19172300,0
1506021245,21994832,217.43,5.58101300,0
1506021236,21994813,217.23,0.91726000,1
1506021236,21994812,217.23,0.08274000,1
1506021232,21994808,217.50,1.68570200,0
1506021230,21994801,217.50,1.23880400,0
1506021230,21994800,217.26,0.50000000,0
1506021227,21994799,217.50,3.11520900,0
1506021227,21994798,217.27,0.22700000,0
1506021221,21994790,217.50,3.12223153,0
1506021185,21994697,217.51,0.59800000,1
1506021159,21994592,217.98,2.20533993,0
1506021158,21994590,217.97,0.39860299,0
1506021157,21994582,217.90,0.08274000,1
1506021154,21994570,217.51,0.45473140,1
1506021153,21994563,217.91,0.04526860,0
1506021152,21994557,217.91,1.00000000,1
1506021141,21994506,217.99,1.10154136,0
1506021141,21994504,217.99,0.50000000,0
1506021130,21994478,218.00,1.00000000,1
1506021130,21994476,218.00,0.50000000,1
1506021130,21994474,218.00,0.82568807,1
1506021130,21994473,218.00,0.88556848,1
1506021130,21994471,218.01,0.52000000,1
1506021129,21994470,218.01,0.90000000,1
1506021106,21994411,218.31,0.17482464,1
1506021104,21994403,218.33,1.00064123,1
1506021101,21994394,218.47,3.77635994,1
1506021100,21994392,218.47,0.34264006,0
1506021088,21994370,218.47,0.15735994,0
1506021085,21994358,218.48,0.19934065,0
1506021085,21994357,218.48,0.24338935,0
1506021077,21994320,218.48,0.25661065,0
1506021071,21994306,218.49,0.17964209,0
1506021071,21994304,218.31,2.82517536,1
1506021071,21994303,218.32,1.00572554,1
1506021060,21994276,218.49,3.25682700,0
1506021060,21994275,218.48,0.50000000,0
1506021055,21994268,218.50,0.42737200,0
1506021054,21994264,218.50,1.17441000,0
1506021053,21994257,218.50,2.76992440,0
1506021042,21994219,219.29,1.28182908,0
1506021042,21994217,219.25,0.08274000,0
1506021013,21994169,218.00,5.11443152,1
1506021013,21994168,218.00,2.00000000,1
1506021013,21994164,218.01,1.29000000,1
1506021013,21994163,218.01,8.26500000,0
1506021012,21994162,218.14,0.06259631,1
1506021012,21994160,218.30,1.00000000,1
1506021011,21994158,218.33,6.44000000,1
1506021011,21994154,219.00,1.00000000,1
1506021011,21994152,219.00,0.82996169,1
1506021009,21994143,219.00,7.37003831,1
1506021009,21994139,219.11,0.52000000,1
1506021008,21994138,219.24,0.90996169,1
1506021006,21994133,219.51,0.20000000,1
1506021000,21994108,219.70,0.03855257,0
1506020988,21994090,219.70,17.83951415,1
1506020988,21994086,219.91,0.27700000,1
1506020982,21994036,219.91,2.49300000,1
1506020975,21994016,219.70,4.16048585,1
1506020974,21994014,219.87,0.10000000,1
1506020974,21994013,219.90,2.00000000,1
1506020972,21994010,220.00,2.00000000,1
1506020972,21994008,220.00,1.50000000,1
1506020972,21994007,220.00,13.24855430,1
1506020972,21994004,220.01,0.08274000,1
1506020969,21993985,220.00,6.48258206,1
1506020969,21993984,220.00,5.63000000,1
1506020969,21993983,220.00,0.25000000,1
1506020969,21993982,220.00,4.00000000,1
1506020969,21993980,220.00,0.45450000,1
1506020969,21993978,220.00,1.00000000,1
1506020969,21993977,220.00,0.25000000,1
1506020968,21993976,220.01,0.40000000,1
1506020968,21993974,220.02,8.64253860,1
1506020968,21993973,220.10,0.50000000,1
1506020968,21993972,220.11,0.32421992,1
1506020961,21993963,220.27,0.00293500,1
1506020956,21993940,220.30,1.34859549,1
1506020934,21993883,220.30,0.67140451,1
1506020934,21993882,220.50,0.12433766,1
1506020929,21993868,220.66,1.25073975,1
1506020929,21993867,220.66,0.50000000,0
1506020928,21993865,220.50,5.48586127,1
1506020927,21993863,220.50,6.07251106,1
1506020924,21993853,220.50,0.22388869,1
1506020922,21993849,220.50,6.16072558,1
1506020920,21993837,220.50,6.16069162,1
1506020919,21993832,220.50,1.81154235,1
1506020919,21993831,220.51,0.08274000,1
1506020918,21993827,220.50,1.89428235,1
1506020917,21993824,220.83,0.38119300,0
1506020916,21993813,220.27,0.58406500,1
1506020913,21993806,220.11,5.59000000,0
1506020912,21993801,220.27,4.41000000,0
1506020909,21993781,220.11,0.67578008,1
1506020909,21993780,220.22,0.51000000,1
1506020909,21993779,220.37,0.50000000,1
1506020909,21993778,220.58,0.00497821,1
1506020909,21993777,220.59,0.08232630,1
1506020909,21993776,220.60,4.41000000,1
1506020908,21993775,220.60,0.34370541,1
1506020907,21993769,220.84,13.54548336,0
1506020905,21993756,220.88,0.13981682,0
1506020904,21993749,220.62,0.08000000,1
1506020902,21993741,220.87,0.22074800,0
1506020901,21993739,220.60,0.57510692,1
1506020901,21993737,220.60,0.06809340,1
1506020900,21993734,220.89,1.15831000,0
1506020890,21993705,220.95,0.41726000,0
1506020890,21993704,220.95,0.08274000,0
1506020888,21993683,220.96,0.33811067,0
1506020887,21993681,220.96,0.99959986,1
1506020887,21993680,220.96,0.50000000,0
1506020887,21993679,220.60,0.07960000,0
1506020881,21993658,220.97,0.08274000,0
1506020878,21993640,220.58,0.99066466,1
1506020878,21993632,220.58,0.09020000,1
1506020876,21993623,221.00,0.41726000,0
1506020875,21993621,220.99,0.08274000,0
1506020873,21993610,221.31,2.03459500,0
1506020873,21993608,221.30,1.23224300,0
1506020873,21993605,221.30,0.46868500,0
1506020872,21993601,221.14,0.76339455,0
1506020871,21993593,221.01,0.31468836,1
1506020870,21993585,220.50,0.04858571,1
1506020869,21993582,220.51,0.99541970,1
1506020869,21993578,220.60,1.00000000,1
1506020868,21993572,221.12,0.68705509,0
1506020867,21993566,221.00,0.15000000,1
1506020867,21993565,221.00,2.00000000,1
1506020867,21993563,221.01,1.06562733,1
1506020866,21993561,221.01,2.07703159,1
1506020866,21993559,221.30,0.07296841,1
1506020866,21993555,221.30,0.61078800,1
1506020865,21993553,221.30,1.23224282,1
1506020865,21993552,221.30,3.26313400,1
1506020862,21993523,221.33,0.50000000,0
1506020861,21993517,221.33,0.47986600,1
1506020860,21993515,221.33,0.85013400,1
1506020860,21993507,221.30,0.33826396,1
1506020858,21993495,221.33,1.23223200,1
1506020858,21993490,221.33,1.33012800,1
1506020857,21993487,221.33,0.00004400,0
1506020856,21993484,221.33,1.23224800,1
1506020856,21993483,221.33,3.17775200,1
1506020851,21993469,221.50,0.25000000,1
1506020846,21993454,221.33,0.51000000,1
1506020846,21993452,221.50,0.25000000,1
1506020827,21993400,221.94,3.61153947,0
1506020827,21993399,221.71,0.21936143,0
1506020826,21993396,221.71,0.13863857,1
1506020824,21993391,221.72,0.93996934,0
1506020814,21993367,222.00,0.00000015,1
1506020813,21993359,222.00,2.63422200,1
1506020809,21993353,222.00,0.36577785,1
1506020809,21993351,222.00,0.21405405,1
1506020809,21993349,222.00,0.08089750,1
1506020801,21993308,222.65,0.10975700,1
1506020799,21993301,222.65,0.98781300,1
1506020795,21993292,222.15,1.29770103,1
1506020793,21993286,222.01,1.51860100,1
1506020793,21993284,222.02,0.34508900,1
1506020787,21993271,222.13,0.20322023,1
1506020787,21993270,222.13,1.00000000,1
1506020787,21993269,222.13,0.07260977,1
1506020784,21993252,222.13,0.22439023,1
1506020781,21993237,222.80,7.17563800,1
1506020781,21993235,222.80,1.60121800,1
1506020779,21993227,222.80,1.22314400,1
1506020779,21993225,222.85,0.35800000,1
1506020778,21993220,223.00,0.05970098,1
1506020778,21993219,223.00,1.45721249,1
1506020777,21993216,223.00,0.38021368,1
1506020776,21993212,223.00,1.58114400,1
1506020773,21993195,223.00,1.07456252,1
1506020772,21993188,223.00,0.89452123,1
1506020768,21993178,223.00,0.18909800,1
1506020767,21993177,223.00,10.35800000,1
1506020767,21993174,223.00,6.63779900,1
1506020765,21993167,223.00,3.05115900,1
1506020765,21993164,223.00,0.42738408,1
1506020763,21993156,223.00,0.63408200,1
1506020760,21993148,223.00,1.58106440,1
1506020758,21993140,223.00,1.58102655,1
1506020756,21993136,223.00,0.00000408,1
1506020756,21993135,223.00,1.47371785,1
1506020753,21993121,223.00,1.52628215,1
1506020753,21993120,223.07,2.28673686,1
1506020741,21993099,223.07,3.23487900,1
1506020741,21993098,223.08,0.95539500,1
1506020691,21993076,223.30,1.00000000,0
1506020669,21993057,223.09,0.13890818,0
1506020667,21993056,223.08,0.04460500,0
1506020662,21993053,223.08,0.50000000,0
1506020661,21993052,223.07,1.88587949,1
1506020661,21993046,223.07,0.35927300,1
1506020660,21993043,223.07,0.49925300,1
1506020655,21993033,223.09,0.06945409,0
1506020652,21993031,223.07,0.50000000,1
1506020651,21993028,223.07,0.35650513,1
1506020651,21993027,223.08,0.62508681,0
1506020650,21993025,223.07,0.35927300,1
1506020648,21993014,223.07,0.49007034,1
1506020648,21993013,223.08,1.00000000,1
1506020646,21993007,223.09,0.17912133,1
1506020646,21993006,223.10,0.04460000,1
1506020645,21993002,223.30,0.49995522,0
1506020643,21992987,223.30,0.08175856,0
1506020641,21992985,223.29,0.22303500,0
1506020641,21992983,223.29,0.27696500,0
1506020628,21992976,223.28,0.35599500,0
1506020597,21992948,223.28,0.36704000,1
1506020526,21992911,223.68,0.04469673,0
1506020500,21992894,223.11,1.67324713,1
1506020489,21992890,223.70,1.13250592,1
1506020488,21992889,223.70,2.33641252,1
1506020486,21992885,223.70,2.26481891,1
1506020452,21992872,223.91,0.44549149,0
1506020446,21992871,223.70,1.14499500,1
1506020379,21992841,223.93,1.00000000,1
1506020379,21992838,223.93,0.84668228,1
1506020376,21992832,223.93,0.85511535,1
1506020366,21992823,224.20,1.11226583,0
1506020336,21992810,223.93,1.32769770,1
1506020336,21992808,223.94,0.35700000,1
1506020336,21992807,223.94,0.33307000,1
1506020333,21992803,223.94,0.02293000,1
1506020297,21992779,223.94,0.15493037,1
1506020296,21992778,223.94,0.15493037,1
1506020294,21992775,223.94,0.49044387,1
1506020292,21992774,223.94,0.29949500,1
1506020287,21992767,223.94,1.64624000,1
1506020282,21992764,223.94,0.07298400,1
1506020282,21992763,223.95,0.08274000,1
1506020200,21992700,223.72,3.97910484,1
1506020200,21992699,223.93,5.70000000,0
1506020199,21992697,223.93,0.20035516,0
1506020198,21992696,223.93,0.08274000,1
1506020179,21992685,224.46,0.08887998,0
1506020167,21992678,224.05,0.90999460,0
1506020166,21992677,224.05,3.50198840,0
1506020155,21992667,224.05,0.90801160,0
1506020143,21992662,224.04,0.04463090,0
1506020080,21992642,223.70,0.12126765,0
1506020068,21992639,223.70,0.36029800,0
1506019983,21992606,223.20,1.00806750,1
1506019983,21992605,223.44,0.09000000,1
1506019982,21992602,223.70,0.79055770,0
1506019937,21992592,223.70,11.71000000,0
1506019932,21992587,223.70,4.32186218,0
1506019912,21992571,223.70,0.17751453,0
1506019875,21992550,223.99,0.35324264,0
1506019874,21992547,223.68,0.08274000,0
1506019799,21992493,223.67,12.33123107,0
1506019799,21992492,223.67,0.02344322,0
1506019795,21992490,223.51,0.22008826,1
1506019761,21992469,223.67,0.02344322,1
1506019760,21992468,223.67,0.08274000,0
1506019718,21992442,223.65,0.08274000,1
1506019708,21992439,223.65,0.09963259,1
1506019708,21992438,223.66,0.08274000,1
1506019704,21992436,223.65,0.81395330,1
1506019703,21992435,223.66,0.08274000,1
1506019701,21992434,223.65,0.00367411,0
1506019682,21992422,223.39,0.10000000,1
1506019676,21992413,223.39,0.90000000,1
1506019672,21992411,223.40,0.05445500,0
1506019672,21992410,223.38,0.35531200,0
1506019665,21992403,223.30,0.23040796,1
1506019659,21992401,223.64,0.34796000,1
1506019658,21992400,223.64,0.08274000,0
1506019646,21992394,223.31,0.70854500,1
1506019594,21992352,223.30,6.11468876,1
1506019553,21992302,223.64,0.84267306,0
1506019553,21992301,223.14,0.73426000,0
1506019550,21992293,223.14,4.41000000,0
1506019549,21992292,223.23,0.35800000,1
1506019548,21992291,223.33,4.41000000,1
1506019548,21992290,223.34,0.08274000,1
1506019522,21992219,223.30,4.51566000,0
1506019521,21992212,223.30,9.97500000,1
1506019521,21992210,223.33,6.84000000,1
1506019512,21992170,223.45,0.35531200,1
1506019449,21992076,223.64,11.65545982,0
1506019444,21992071,223.65,1.77632589,0
1506019416,21992038,223.40,0.84560037,0
1506019415,21992034,223.40,4.41000000,0
1506019414,21992030,223.40,0.61141500,0
1506019414,21992027,223.40,3.60175293,0
1506019414,21992025,223.39,0.22019758,0
1506019414,21992024,223.39,0.58804949,0
1506019406,21992022,223.40,0.19708300,0
1506019404,21992020,223.50,0.00003070,1
1506019404,21992019,223.51,7.73000000,1
1506019403,21992018,223.51,9.61389702,1
1506019328,21991986,223.50,2.66469799,1
1506019320,21991979,223.69,6.07251106,0
1506019226,21991949,223.89,0.44521300,0
1506019204,21991933,223.97,0.59822870,1
1506019202,21991930,223.98,3.81301901,0
1506019173,21991924,223.97,0.08274000,1
1506019172,21991922,223.97,0.52000000,0
1506019119,21991915,223.93,0.08274000,0
1506019119,21991914,223.92,0.08274000,0
1506019095,21991902,223.99,0.51677000,0
1506019095,21991901,223.99,0.02650000,1
1506019092,21991895,224.03,0.08274000,1
1506019058,21991871,224.59,0.13680242,0
1506019058,21991870,224.57,0.08274000,0
1506019036,21991844,224.00,1.14383874,0
1506019018,21991838,224.00,0.20218781,0
1506019010,21991832,224.00,1.10601000,0
1506019009,21991831,224.00,0.89351800,0
1506019008,21991830,224.00,0.03746039,0
1506018978,21991815,223.85,0.20522678,1
1506018978,21991813,223.85,0.35700000,1
1506018972,21991805,223.84,4.16730574,0
1506018972,21991804,224.41,1.00000000,1
1506018972,21991800,225.00,1.00000000,1
1506018966,21991787,225.03,0.89880000,1
1506018966,21991786,225.03,1.00000000,1
1506018932,21991764,225.21,0.88929465,1
1506018930,21991763,225.28,0.08274000,1
1506018892,21991748,225.77,0.38852000,0
1506018892,21991747,225.50,0.20000000,0
1506018891,21991746,225.48,0.08274000,1
1506018890,21991745,225.48,0.33000000,0
1506018788,21991659,225.22,10.64160150,0
1506018788,21991658,225.22,0.08274000,1
1506018759,21991648,225.50,0.12064000,0
1506018757,21991645,225.23,0.34277700,1
1506018666,21991532,225.24,3.95422162,1
1506018665,21991531,225.30,3.74079348,1
1506018665,21991529,225.31,0.82224490,1
1506018665,21991528,225.32,0.08274000,1
1506018657,21991523,225.86,0.13560721,0
1506018657,21991521,225.86,0.08274000,1
1506018656,21991518,225.75,0.69891279,1
1506018655,21991517,225.75,0.08274000,0
1506018630,21991486,225.12,0.34277700,1
1506018630,21991485,225.30,0.20000000,1
1506018630,21991484,225.42,0.08274000,1
1506018629,21991483,225.43,0.08274000,1
1506018619,21991477,225.39,0.00077250,1
1506018619,21991476,225.60,1.09806750,1
1506018611,21991458,225.30,0.65488599,1
1506018611,21991457,225.30,0.77869507,1
1506018580,21991424,225.60,1.10423000,1
1506018578,21991422,225.60,0.00048552,1
1506018578,21991421,225.87,0.69431548,1
1506018575,21991413,225.87,3.84456238,1
1506018574,21991409,225.87,0.41000000,1
1506018573,21991408,225.87,1.00000000,1
1506018568,21991407,225.87,0.46165400,1
1506018561,21991397,225.87,0.49000000,1
1506018549,21991385,225.88,0.08274000,0
1506018547,21991383,225.88,1.25385160,1
1506018545,21991380,226.53,0.48000000,1
1506018544,21991377,226.53,0.52000000,0
1506018523,21991354,226.53,7.16046439,1
1506018522,21991352,226.28,0.12000000,1
1506018522,21991350,226.00,9.15000000,0
1506018521,21991349,225.98,0.60000000,1
1506018521,21991348,225.98,1.98488015,0
1506018518,21991342,225.87,3.05790600,1
1506018517,21991339,226.00,0.85000000,1
1506018516,21991338,226.00,0.15000000,0
1506018492,21991284,226.35,2.20344599,0
1506018491,21991283,226.36,3.50365494,0
1506018464,21991257,226.46,1.75730574,0
1506018464,21991255,226.45,4.41000000,0
1506018439,21991241,226.54,0.20367278,1
1506018437,21991239,225.75,0.10000000,0
1506018430,21991235,225.51,10.00000000,0
1506018415,21991226,225.52,0.08552797,0
1506018415,21991225,225.52,0.07476143,0
1506018415,21991224,225.52,0.05207538,0
1506018415,21991223,225.52,0.34667895,0
1506018414,21991220,225.52,0.69683930,0
1506018414,21991219,225.51,0.19000000,0
1506018406,21991183,225.00,0.00002000,0
1506018405,21991181,225.00,0.49998000,0
