date,tid,price,amount,type
1506038434,22014389,258.17,0.05000000,0
1506038267,22014358,258.25,1.53708200,1
1506038262,22014351,258.25,0.05300000,1
1506038254,22014348,258.26,0.05000000,1
1506038254,22014347,258.26,0.05000000,1
1506038249,22014345,258.27,12.15510859,1
1506038248,22014344,258.29,0.23000000,1
1506038083,22014300,258.28,1.41000000,1
1506038083,22014299,258.29,0.23000000,1
1506038053,22014295,258.64,0.82706093,0
1506038053,22014294,258.63,0.29000000,0
1506037987,22014269,258.27,7.66000000,1
1506037863,22014225,258.27,1.64695100,1
1506037820,22014191,258.85,0.05000000,1
1506037722,22014158,259.01,0.29000000,1
1506037722,22014157,259.05,0.05000000,1
1506037722,22014156,259.20,0.05000000,1
1506037612,22014091,259.22,0.05000000,1
1506037589,22014070,259.40,5.36335300,1
1506037587,22014068,259.42,4.45310814,0
1506037586,22014067,259.42,0.44940502,1
1506037581,22014065,259.47,0.05000000,1
1506037581,22014064,259.48,1.72670000,1
1506037537,22014049,259.67,0.05000000,1
1506037510,22014032,259.71,0.05000000,0
1506037388,22014008,259.84,0.08919984,0
1506037343,22013996,259.81,0.44208825,1
1506037307,22013980,259.81,2.05206932,1
1506037306,22013979,259.70,7.12000000,0
1506037304,22013978,259.71,4.98812407,0
1506037217,22013947,259.78,10.00000000,0
1506037106,22013870,259.81,0.05000000,0
1506037007,22013857,259.90,1.89793068,1
1506036992,22013849,259.90,0.41192400,1
1506036989,22013847,259.87,0.16616852,1
1506036989,22013846,259.87,7.57250000,1
1506036984,22013831,260.17,5.18000000,0
1506036983,22013830,260.18,2.85000000,1
1506036983,22013829,260.18,0.07600000,1
1506036982,22013828,260.18,1.88400000,0
1506036979,22013825,260.01,0.30300000,0
1506036975,22013823,260.00,0.08870847,1
1506036974,22013820,260.00,1.79996164,0
1506036973,22013819,259.90,1.27569535,1
1506036972,22013817,259.90,1.06679300,0
1506036971,22013816,259.90,2.04000000,0
1506036965,22013815,259.89,0.37093900,1
1506036963,22013814,259.85,0.65340500,1
1506036962,22013813,259.85,2.71000000,0
1506036961,22013812,259.81,0.38524300,1
1506036960,22013811,259.81,0.23000000,1
1506036958,22013810,259.81,0.28900000,0
1506036921,22013774,259.97,4.01898811,0
1506036916,22013761,260.00,11.64357151,1
1506036916,22013760,260.00,7.66000000,1
1506036916,22013757,260.00,4.09453100,1
1506036915,22013755,260.00,1.80000000,1
1506036915,22013753,260.00,4.99992300,1
1506036915,22013752,260.00,5.00000000,1
1506036915,22013750,260.00,4.05454758,1
1506036914,22013743,260.00,7.66000000,1
1506036914,22013742,260.00,3.01963100,1
1506036914,22013741,260.00,0.08285400,1
1506036914,22013738,260.01,0.30300000,1
1506036912,22013734,260.00,2.08672500,1
1506036912,22013732,260.00,7.66000000,1
1506036912,22013730,260.00,5.48135000,1
1506036911,22013727,260.00,0.30490553,1
1506036911,22013726,260.00,5.50000000,1
1506036911,22013724,260.00,20.20436837,1
1506036911,22013722,260.01,9.79563163,1
1506036911,22013721,260.01,2.31436837,1
1506036910,22013717,260.00,2.07496530,1
1506036909,22013715,260.00,1.58862600,1
1506036909,22013714,260.00,3.80000000,1
1506036908,22013712,260.00,9.25000000,1
1506036908,22013711,259.83,1.00000000,0
1506036907,22013710,259.52,5.53075937,0
1506036907,22013709,259.52,5.50000000,0
1506036907,22013707,259.51,3.03000000,0
1506036907,22013706,259.48,10.00000000,0
1506036907,22013705,259.47,4.84000000,0
1506036907,22013704,259.08,0.05000000,0
1506036907,22013703,258.82,2.07924063,0
1506036906,22013702,258.56,0.00400171,0
1506036905,22013698,258.56,5.00000000,1
1506036904,22013697,258.57,1.88400000,1
1506036904,22013696,258.60,0.77199829,1
1506036903,22013695,258.70,5.53075937,0
1506036903,22013694,258.70,1.88300000,0
1506036903,22013692,258.61,7.61000000,0
1506036901,22013689,258.61,0.05000000,0
1506036894,22013683,258.61,2.20000000,0
1506036894,22013682,258.61,5.45700000,0
1506036891,22013680,258.61,2.20300000,1
1506036890,22013679,258.61,7.29000000,1
1506036890,22013678,258.61,0.37000000,1
1506036889,22013676,258.61,2.66000000,1
1506036889,22013675,258.62,5.00000000,1
1506036813,22013658,258.69,0.52999500,0
1506036809,22013652,258.48,2.79652557,0
1506036809,22013651,258.48,1.62462600,0
1506036809,22013650,258.48,5.57884843,0
1506036809,22013649,258.40,0.01424957,0
1506036778,22013638,258.40,0.39230015,0
1506036777,22013636,258.40,0.30618600,0
1506036776,22013633,258.40,0.23107229,0
1506036775,22013632,258.40,0.30619195,0
1506036738,22013622,258.40,0.14000000,0
1506036735,22013620,257.57,0.78298930,0
1506036716,22013617,258.21,0.05000000,0
1506036716,22013616,258.01,0.05000000,0
1506036715,22013615,257.86,0.05000000,0
1506036686,22013607,257.47,1.93413198,0
1506036685,22013606,257.47,2.17268031,0
1506036683,22013603,257.47,5.89318771,0
1506036683,22013602,257.47,0.00000372,0
1506036671,22013586,257.47,1.88886000,0
1506036654,22013571,257.47,5.00000000,0
1506036626,22013564,257.47,0.56000000,0
1506036596,22013548,257.47,0.05000000,0
1506036596,22013547,257.47,0.05000000,0
1506036595,22013546,257.47,0.05000000,0
1506036595,22013545,257.47,0.05000000,0
1506036594,22013544,257.47,0.05000000,0
1506036593,22013543,257.47,2.30113628,0
1506036593,22013542,257.47,0.27886372,0
1506036568,22013537,257.47,0.72113628,0
1506036542,22013521,258.40,0.71273576,1
1506036541,22013519,258.40,0.67726424,1
1506036442,22013482,258.40,0.05000000,0
1506036435,22013476,258.20,0.05000000,0
1506036406,22013467,258.17,2.95931700,0
1506036404,22013463,258.17,3.41000000,0
1506036402,22013462,258.05,0.05000000,0
1506036401,22013461,258.00,10.00000000,0
1506036399,22013460,257.99,2.91000000,0
1506036399,22013459,257.67,9.52139893,0
1506036391,22013455,257.66,1.04636932,0
1506036391,22013454,257.66,4.84000000,0
1506036379,22013449,257.66,4.11363068,0
1506036357,22013444,257.66,0.77741287,0
1506036357,22013443,257.66,0.23000000,0
1506036330,22013430,257.25,5.00000000,0
1506036319,22013422,257.24,0.00000107,0
1506036319,22013421,257.00,0.00175869,0
1506036319,22013420,256.86,1.13943024,0
1506036303,22013417,257.00,3.19824131,0
1506036294,22013414,257.00,0.60000000,1
1506036293,22013413,257.00,0.70000000,1
1506036293,22013412,257.00,0.50000000,1
1506036293,22013411,257.01,5.00000000,1
1506036264,22013405,257.02,0.62056976,0
1506036236,22013381,257.20,6.22383442,1
1506036232,22013379,257.20,1.91000000,1
1506036231,22013378,257.20,0.18000000,1
1506036231,22013377,257.20,2.11000000,1
1506036228,22013376,257.20,11.91616558,1
1506036228,22013375,257.21,0.10000000,1
1506036226,22013371,257.20,2.72000000,1
1506036211,22013363,257.20,0.05000000,1
1506036211,22013362,257.50,0.05000000,1
1506036211,22013361,257.75,0.05000000,1
1506036211,22013360,257.95,0.05000000,1
1506036190,22013350,258.09,0.05000000,0
1506036154,22013299,258.12,3.48309319,0
1506036035,22013228,258.37,1.15382788,0
1506036035,22013227,258.37,1.72185205,0
1506036033,22013226,257.22,0.29000000,0
1506036032,22013225,257.22,0.23000000,0
1506036028,22013224,257.21,2.22000000,1
1506036028,22013223,257.22,2.11000000,1
1506036027,22013219,257.22,2.89000000,0
1506036026,22013218,257.22,0.84000000,1
1506036023,22013217,257.60,0.51000000,1
1506036022,22013215,257.60,3.49000000,1
1506036018,22013214,257.62,2.00305500,1
1506035931,22013164,258.29,0.02000000,0
1506035931,22013163,258.29,0.02000000,0
1506035901,22013154,258.27,0.02000000,1
1506035901,22013153,258.27,0.02000000,1
1506035900,22013152,258.26,0.02000000,1
1506035900,22013151,258.26,0.02000000,1
1506035900,22013150,258.26,0.02000000,1
1506035900,22013149,258.26,0.02000000,1
1506035900,22013148,258.26,0.02000000,1
1506035900,22013147,258.26,0.02000000,1
1506035852,22013139,257.52,0.02000000,1
1506035852,22013138,257.52,0.02000000,1
1506035851,22013137,257.51,0.02000000,1
1506035851,22013136,257.51,0.02000000,1
1506035851,22013135,257.51,0.02000000,1
1506035851,22013134,257.51,0.02000000,1
1506035850,22013133,257.51,0.02000000,1
1506035850,22013132,257.51,0.02000000,1
1506035849,22013131,257.51,0.02000000,1
1506035849,22013129,257.51,0.02000000,1
1506035849,22013128,257.51,0.02000000,1
1506035849,22013127,258.28,0.02000000,1
1506035843,22013120,258.26,0.02000000,0
1506035843,22013119,258.26,0.02000000,0
1506035843,22013118,258.24,0.02000000,0
1506035843,22013117,258.24,0.02000000,0
1506035843,22013116,258.22,0.02000000,0
1506035843,22013115,258.22,0.02000000,0
1506035843,22013114,258.07,0.02000000,0
1506035843,22013112,258.07,0.02000000,0
1506035832,22013105,257.41,0.02000000,0
1506035832,22013104,257.37,0.02000000,0
1506035832,22013103,257.34,0.02000000,0
1506035831,22013101,257.32,0.02000000,0
1506035831,22013100,257.30,0.02000000,0
1506035827,22013097,257.15,0.02000000,1
1506035812,22013083,257.35,0.02000000,0
1506035812,22013082,257.35,0.02000000,0
1506035812,22013081,257.35,0.02000000,0
1506035812,22013080,257.31,0.02000000,0
1506035812,22013079,257.31,0.02000000,0
1506035812,22013078,257.31,0.02000000,0
1506035812,22013077,257.28,0.02000000,0
1506035812,22013076,257.28,0.02000000,0
1506035812,22013075,257.28,0.02000000,0
1506035811,22013074,257.26,0.02000000,0
1506035811,22013073,257.26,0.02000000,0
1506035811,22013072,257.26,0.02000000,0
1506035811,22013071,257.24,0.02000000,0
1506035811,22013070,257.24,0.02000000,0
1506035811,22013069,257.24,0.02000000,0
1506035809,22013068,257.10,0.02000000,1
1506035808,22013066,257.10,0.02000000,1
1506035804,22013063,257.09,0.02000000,1
1506035754,22013034,257.03,1.42169791,1
1506035754,22013033,257.05,0.04830098,1
1506035754,22013032,257.06,0.47000000,1
1506035743,22013019,257.95,0.02000000,0
1506035743,22013018,257.95,0.02000000,0
1506035743,22013017,257.95,0.02000000,0
1506035741,22013016,257.95,0.02000000,0
1506035741,22013015,257.95,0.02000000,0
1506035741,22013014,257.95,0.02000000,0
1506035739,22013013,257.95,0.02000000,1
1506035739,22013012,257.95,0.02000000,1
1506035738,22013011,257.96,0.02000000,1
1506035738,22013009,257.98,0.02000000,1
1506035738,22013007,258.00,0.02000000,1
1506035737,22013005,257.96,0.02000000,0
1506035737,22013004,257.96,0.02000000,0
1506035736,22013003,257.96,0.02000000,0
1506035734,22013001,257.97,0.02000000,1
1506035734,22013000,257.97,0.02000000,1
1506035732,22012999,257.99,0.02000000,1
1506035732,22012998,257.99,0.02000000,1
1506035719,22012982,258.01,0.02000000,1
1506035719,22012981,258.01,0.02000000,1
1506035716,22012976,258.62,0.37412003,0
1506035711,22012962,257.03,0.65971069,1
1506035710,22012961,257.01,1.77000000,1
1506035710,22012960,257.01,5.00000000,0
1506035710,22012959,257.02,0.54000000,1
1506035710,22012958,257.02,2.69000000,1
1506035707,22012947,258.00,2.60000000,1
1506035707,22012946,258.00,0.15000000,1
1506035706,22012937,258.02,0.66951600,0
1506035701,22012921,258.02,0.35263193,0
1506035694,22012911,258.02,0.23000000,1
1506035682,22012883,258.20,0.28763100,1
1506035682,22012882,258.20,0.51000000,1
1506035613,22012774,259.26,0.02000000,1
1506035613,22012773,259.26,0.02000000,1
1506035613,22012772,259.27,0.02000000,1
1506035613,22012771,259.27,0.02000000,1
1506035613,22012770,259.30,0.02000000,1
1506035613,22012769,259.30,0.02000000,1
1506035612,22012768,259.31,0.02000000,1
1506035612,22012767,259.31,0.02000000,1
1506035612,22012766,259.33,0.02000000,1
1506035612,22012765,259.33,0.02000000,1
1506035612,22012764,259.34,0.02000000,1
1506035612,22012763,259.34,0.02000000,1
1506035612,22012762,259.35,0.02000000,1
1506035612,22012761,259.35,0.02000000,1
1506035612,22012760,259.36,0.02000000,1
1506035611,22012759,259.36,0.02000000,1
1506035602,22012747,259.37,0.02000000,1
1506035602,22012746,259.37,0.02000000,1
1506035597,22012742,259.38,0.02000000,1
1506035597,22012741,259.38,0.02000000,1
1506035592,22012739,259.39,0.19999500,1
1506035592,22012738,259.39,0.15999500,1
1506035592,22012737,259.39,0.02000000,1
1506035592,22012736,259.39,0.02000000,1
1506035585,22012732,259.50,0.96000000,1
1506035572,22012725,259.46,0.02000000,0
1506035572,22012724,259.46,0.02000000,0
1506035527,22012710,259.59,1.91999500,0
1506035527,22012709,259.47,0.02000000,0
1506035527,22012708,259.47,0.02000000,0
1506035527,22012706,259.47,0.02000000,0
1506035527,22012705,259.47,0.02000000,0
1506035527,22012704,259.47,0.02000000,0
1506035527,22012703,259.47,0.02000000,0
1506035527,22012702,259.47,0.02000000,0
1506035527,22012701,259.47,0.02000000,0
1506035526,22012700,259.47,0.02000000,0
1506035526,22012699,259.47,0.02000000,0
1506035526,22012698,259.43,0.02000000,0
1506035526,22012697,259.43,0.02000000,0
1506035526,22012696,259.43,0.02000000,0
1506035526,22012695,259.43,0.02000000,0
1506035526,22012694,259.43,0.02000000,0
1506035526,22012693,259.43,0.02000000,0
1506035526,22012692,259.43,0.02000000,0
1506035526,22012691,259.43,0.02000000,0
1506035507,22012687,259.40,0.02000000,0
1506035505,22012686,259.40,0.02000000,0
1506035494,22012685,259.16,0.30690000,1
1506035494,22012683,259.09,0.26900000,0
1506035490,22012682,258.24,0.06967215,0
1506035489,22012681,259.00,0.07400000,1
1506035489,22012680,259.01,0.02000000,1
1506035489,22012678,259.01,0.02000000,1
1506035489,22012677,259.01,0.02000000,1
1506035489,22012676,259.01,0.02000000,1
1506035489,22012675,259.01,0.02000000,1
1506035489,22012674,259.01,0.02000000,1
1506035488,22012673,259.01,0.02000000,1
1506035488,22012672,259.01,0.02000000,1
1506035488,22012671,259.05,0.02000000,1
1506035488,22012670,259.05,0.02000000,1
1506035488,22012669,259.05,0.02000000,1
1506035488,22012668,259.05,0.02000000,1
1506035488,22012667,259.05,0.02000000,1
1506035487,22012666,259.05,0.02000000,1
1506035487,22012665,259.05,0.02000000,1
1506035487,22012664,259.05,0.02000000,1
1506035487,22012663,259.08,0.02000000,1
1506035487,22012662,259.08,0.02000000,1
1506035487,22012661,259.08,0.02000000,1
1506035487,22012660,259.08,0.02000000,1
1506035487,22012659,259.08,0.02000000,1
1506035486,22012658,259.08,0.02000000,1
1506035486,22012657,259.08,0.02000000,1
1506035486,22012656,259.08,0.02000000,1
1506035486,22012655,259.10,0.02000000,1
1506035486,22012654,259.10,0.02000000,1
1506035486,22012653,259.10,0.02000000,1
1506035486,22012652,259.10,0.02000000,1
1506035486,22012651,259.10,0.02000000,1
1506035486,22012650,259.10,0.02000000,1
1506035485,22012649,259.10,0.02000000,1
1506035485,22012648,259.10,0.02000000,1
1506035485,22012647,259.12,0.02000000,1
1506035485,22012646,259.12,0.02000000,1
1506035485,22012645,259.12,0.02000000,1
1506035485,22012644,259.12,0.02000000,1
1506035485,22012643,259.12,0.02000000,1
1506035484,22012642,259.12,0.02000000,1
1506035484,22012641,259.12,0.02000000,1
1506035484,22012640,259.12,0.02000000,1
1506035484,22012639,259.14,0.02000000,1
1506035484,22012638,259.14,0.02000000,1
1506035484,22012637,259.14,0.02000000,1
1506035484,22012636,259.14,0.02000000,1
1506035484,22012635,259.14,0.02000000,1
1506035483,22012634,259.14,0.02000000,1
1506035483,22012633,259.14,0.02000000,1
1506035483,22012631,259.14,0.02000000,1
1506035483,22012630,259.15,5.94552559,1
1506035481,22012629,259.41,4.42000000,1
1506035480,22012628,259.41,0.02000000,1
1506035480,22012627,259.41,0.02000000,1
1506035480,22012626,259.41,0.02000000,1
1506035480,22012625,259.41,0.02000000,1
1506035479,22012624,259.41,0.02000000,1
1506035479,22012623,259.41,0.02000000,1
1506035479,22012622,259.41,0.02000000,1
1506035479,22012621,259.41,0.02000000,1
1506035477,22012620,259.41,0.02000000,1
1506035477,22012619,259.41,0.02000000,1
1506035477,22012618,259.41,0.02000000,1
1506035477,22012617,259.41,0.02000000,1
1506035476,22012616,259.41,0.02000000,1
1506035476,22012615,259.41,0.02000000,1
1506035476,22012614,259.41,0.02000000,1
1506035476,22012613,259.41,0.02000000,1
1506035474,22012612,259.41,0.02000000,1
1506035474,22012611,259.41,0.02000000,1
1506035474,22012610,259.41,0.02000000,1
1506035473,22012609,259.41,0.02000000,1
1506035473,22012608,259.41,0.02000000,1
1506035473,22012607,259.41,0.02000000,1
1506035472,22012606,259.41,0.02000000,1
1506035472,22012605,259.41,0.02000000,1
1506035470,22012604,259.41,0.02000000,1
1506035470,22012603,259.41,0.02000000,1
1506035470,22012602,259.41,0.02000000,1
1506035470,22012601,259.41,0.02000000,1
1506035468,22012600,259.41,0.02000000,1
1506035464,22012596,259.76,0.02000000,1
1506035461,22012595,259.78,0.02000000,0
1506035461,22012594,259.78,0.02000000,0
1506035444,22012588,259.15,0.40335241,1
1506035443,22012587,259.67,0.02000000,1
1506035443,22012586,259.67,0.02000000,1
1506035443,22012585,259.70,0.30690000,1
1506035442,22012584,259.71,0.02000000,1
1506035442,22012583,259.71,0.02000000,1
1506035442,22012582,259.74,0.02000000,1
1506035442,22012581,259.74,0.02000000,1
1506035442,22012580,259.76,0.02000000,1
1506035442,22012579,259.76,0.02000000,1
1506035441,22012578,259.78,0.02000000,1
1506035441,22012577,259.78,0.02000000,1
1506035441,22012576,259.79,0.04997501,1
1506035439,22012575,259.80,0.02000000,1
1506035439,22012574,259.80,0.02000000,1
1506035212,22012488,259.81,2.68553411,0
1506035212,22012487,259.81,5.00000000,1
1506035212,22012486,259.81,2.30946589,1
1506035105,22012425,260.28,0.05000000,1
1506035085,22012384,260.48,0.05000000,1
1506035081,22012363,260.63,0.05000000,1
1506034986,22012332,260.65,0.05000000,1
1506034979,22012323,260.02,0.28900000,0
1506034909,22012292,260.67,0.00000036,0
1506034906,22012288,260.67,1.78711100,0
1506034902,22012285,260.67,1.13771864,0
1506034901,22012282,261.04,1.65075495,1
1506034900,22012278,261.04,1.27202605,1
1506034899,22012277,261.04,1.58721900,0
1506034898,22012276,260.70,1.40963058,1
1506034881,22012263,261.03,3.55999500,0
1506034881,22012262,260.99,0.05000000,0
1506034857,22012248,260.69,0.32657416,1
1506034857,22012247,260.74,0.36313184,1
1506034857,22012246,260.74,2.30123116,1
1506034857,22012245,260.74,0.54587300,1
1506034855,22012244,260.74,0.05000000,0
1506034855,22012243,260.27,0.45976400,0
1506034853,22012241,260.68,2.53876884,0
1506034853,22012240,260.68,2.30123116,0
1506034850,22012238,260.54,0.05000000,0
1506034848,22012236,260.39,0.05000000,0
1506034847,22012235,260.34,0.05000000,0
1506034847,22012234,260.34,4.29000000,0
1506034846,22012233,260.19,0.05000000,0
1506034750,22012141,259.80,0.22994612,1
1506034748,22012132,259.80,5.49999959,1
1506034747,22012130,259.80,1.92712595,1
1506034747,22012128,259.81,2.30474846,1
1506034747,22012127,259.82,0.23000000,1
1506034738,22012117,259.80,5.73287405,0
1506034733,22012108,259.80,2.08094688,0
1506034728,22012101,259.80,0.64000000,0
1506034718,22012086,259.80,1.28412991,0
1506034716,22012082,259.80,1.28408954,0
1506034713,22012076,259.80,0.36400907,0
1506034711,22012073,259.83,0.05000000,1
1506034711,22012072,259.84,0.47035055,1
1506034711,22012071,259.98,0.05000000,1
1506034695,22012034,259.87,2.30884673,0
1506034687,22012003,259.88,0.29000000,0
1506034686,22012001,259.88,7.37000000,0
1506034686,22012000,259.87,0.29000000,0
1506034674,22011973,260.00,9.75623292,0
1506034673,22011972,260.00,5.50000000,0
1506034673,22011971,260.00,0.00000008,1
1506034672,22011969,260.00,9.99999992,1
1506034672,22011967,260.00,6.77559220,1
1506034672,22011966,260.00,0.10000000,1
1506034672,22011963,260.00,31.74116088,1
1506034672,22011962,260.05,0.52000000,1
1506034671,22011960,260.34,6.83376700,1
1506034671,22011959,260.34,5.50000000,1
1506034671,22011958,260.36,2.60000000,1
1506034671,22011957,260.37,1.95000000,1
1506034671,22011955,260.37,0.38000000,1
1506034671,22011953,260.37,0.32623300,1
1506034670,22011949,260.37,5.00000000,1
1506034670,22011948,260.38,5.00000000,1
1506034668,22011944,260.37,1.95016700,1
1506034668,22011941,260.37,0.38360000,1
1506034667,22011937,260.36,2.08089600,1
1506034658,22011914,260.35,1.12000000,1
1506034658,22011912,260.71,0.05000000,1
1506034653,22011908,261.01,1.97637800,1
1506034653,22011907,261.01,1.48000000,1
1506034653,22011906,261.01,1.51362200,1
1506034653,22011905,261.01,1.11637800,1
1506034643,22011894,261.01,1.48751536,1
1506034643,22011893,261.01,2.06248464,1
1506034643,22011892,261.01,1.48113736,1
1506034631,22011874,261.00,2.62886264,0
1506034629,22011873,261.00,3.55000000,0
1506034629,22011871,261.00,4.11000000,0
1506034628,22011870,261.00,5.04332510,1
1506034628,22011869,261.01,3.55000000,1
1506034627,22011868,261.00,0.45667490,1
1506034627,22011867,261.00,8.69800000,1
1506034627,22011866,261.01,4.10532510,1
1506034626,22011865,261.01,3.55467490,0
1506034626,22011864,261.00,0.30200000,1
1506034625,22011862,261.01,7.66000000,0
1506034624,22011860,261.01,5.00000000,0
1506034620,22011847,261.01,13.73532510,1
1506034620,22011846,261.21,0.05000000,1
1506034585,22011788,261.66,0.05000000,1
1506034578,22011785,261.78,1.58119000,1
1506034572,22011770,261.89,0.29000000,1
1506034556,22011756,262.06,0.05000000,1
1506034533,22011737,262.41,0.05000000,1
1506034530,22011734,262.71,0.05000000,1
1506034528,22011731,262.80,1.57718600,1
1506034526,22011730,262.96,0.05000000,1
1506034524,22011729,263.16,0.05000000,1
1506034521,22011728,263.17,0.63073000,1
1506034516,22011722,263.31,0.05000000,1
1506034448,22011698,263.33,16.44000000,0
1506034447,22011697,263.34,3.56000000,1
1506034437,22011692,263.63,0.07000000,1
1506034431,22011688,263.32,0.84776230,1
1506034431,22011687,263.33,0.05000000,1
1506034430,22011686,263.35,0.09872793,1
1506034430,22011685,263.53,0.05000000,1
1506034430,22011684,263.61,1.15132203,1
1506034430,22011683,263.63,5.62451574,1
1506034430,22011682,263.64,3.92000000,1
1506034419,22011681,263.63,13.25767200,0
1506034415,22011678,263.63,5.00000000,0
1506034392,22011676,263.65,5.00000000,1
1506034372,22011666,263.68,0.05000000,1
1506034354,22011660,263.68,0.99032800,1
1506034336,22011652,263.70,5.00000000,1
1506034336,22011651,263.80,0.10000000,1
1506034335,22011650,263.83,0.30200000,1
1506034335,22011649,264.05,0.10000000,1
1506034335,22011648,264.25,0.10000000,1
1506034335,22011647,264.40,0.10000000,1
1506034227,22011603,264.50,5.70763705,0
1506034160,22011589,264.39,1.14790362,0
1506034160,22011588,264.37,7.66000000,0
1506034160,22011587,264.36,7.47512833,0
1506034140,22011570,263.55,1.15000000,1
1506034140,22011569,263.55,1.51209638,0
1506034139,22011568,263.55,5.00000000,0
1506034139,22011567,263.55,1.14790362,1
1506034117,22011563,264.45,3.70001907,0
1506034108,22011562,264.46,0.65000000,0
1506034062,22011549,263.40,0.10146997,1
1506034062,22011548,264.10,0.00000003,1
1506034058,22011543,264.10,0.09893977,1
1506034054,22011540,264.50,9.72951231,0
1506034054,22011539,264.35,1.57871800,0
1506034050,22011533,264.34,4.72166674,0
1506034050,22011532,263.81,0.06644901,0
1506034003,22011517,263.21,0.00000425,0
1506034002,22011514,263.21,0.63073000,0
1506033966,22011498,263.21,1.03949674,0
1506033966,22011496,263.21,0.87759926,0
1506033956,22011470,263.21,5.99353000,0
1506033947,22011466,263.21,0.70623860,1
1506033946,22011463,263.21,0.55127516,1
1506033944,22011459,263.21,1.23248624,1
1506033943,22011458,263.21,0.99000000,0
1506033906,22011453,262.95,0.10613000,0
1506033902,22011446,262.48,0.10613075,1
1506033901,22011443,262.48,0.10606637,1
1506033899,22011441,262.95,3.01000000,1
1506033898,22011438,262.47,1.51292872,0
1506033898,22011437,262.42,0.11038622,0
1506033895,22011427,262.42,0.33640348,0
1506033894,22011426,262.53,5.50000000,0
1506033893,22011424,262.47,1.43427508,0
1506033893,22011422,262.45,1.15270992,0
1506033890,22011417,262.42,3.32298500,0
1506033890,22011416,262.17,0.08273996,0
1506033699,22011378,261.06,2.57764187,0
1506033693,22011377,262.13,0.22832183,0
1506033686,22011376,261.33,6.50651570,0
1506033679,22011374,261.33,5.50000000,0
1506033678,22011372,261.33,2.43000000,0
1506033676,22011369,261.35,1.58165500,1
1506033669,22011362,261.91,13.73532510,0
1506033668,22011357,261.90,4.84000000,1
1506033668,22011354,262.31,3.05440128,1
1506033667,22011353,262.17,5.50000000,0
1506033667,22011352,262.12,4.84000000,0
1506033667,22011351,262.12,8.70804371,1
1506033667,22011350,262.12,6.60053200,1
1506033667,22011349,262.12,2.09898700,1
1506033666,22011348,261.92,19.01443046,0
1506033666,22011347,261.90,7.02822443,1
1506033666,22011346,261.90,22.98507800,1
1506033664,22011344,261.82,3.97475461,0
1506033661,22011342,261.82,0.02524539,0
1506033629,22011330,261.64,1.58085191,1
1506033629,22011329,261.66,0.00004509,1
1506033627,22011324,261.66,0.22995491,1
1506033593,22011309,261.92,11.44395235,0
1506033557,22011299,261.92,0.10000000,0
1506033550,22011297,261.77,0.10000000,0
1506033533,22011289,261.53,0.61017600,0
1506033529,22011287,261.87,0.10000000,0
1506033529,22011286,261.86,0.23000000,0
1506033523,22011285,261.67,0.10000000,0
1506033519,22011284,261.52,0.10000000,0
1506033508,22011281,261.97,5.86183614,0
1506033507,22011280,261.82,0.64467956,0
1506033500,22011274,261.81,0.99728078,0
1506033491,22011273,261.42,0.64514800,0
1506033488,22011266,261.82,1.07988543,1
1506033488,22011265,261.83,0.64469635,1
1506033487,22011264,261.83,0.29000000,0
1506033487,22011263,261.82,3.77530365,0
1506033395,22011215,261.59,4.84000000,0
1506033393,22011213,260.49,21.09005149,0
1506033393,22011212,261.01,1.04050591,0
1506033393,22011211,261.59,3.94000000,0
1506033392,22011210,261.60,0.29000000,1
1506033386,22011209,262.01,0.17000000,0
1506033385,22011207,262.00,0.58114726,1
1506033385,22011205,262.01,0.87000000,0
1506033384,22011204,262.00,11.43885274,0
1506033382,22011203,261.88,0.05000000,0
1506033381,22011202,261.53,0.05000000,0
1506033308,22011185,260.94,0.10000000,1
1506033291,22011180,261.50,4.71909577,1
1506033290,22011179,261.34,5.50000000,0
1506033274,22011178,261.30,4.84000000,1
1506033273,22011177,261.28,3.94253369,0
1506033193,22011114,260.77,0.30530000,0
1506033192,22011113,261.28,0.89746631,0
1506033191,22011112,261.23,0.05000000,0
1506033191,22011110,260.98,0.05000000,0
1506033191,22011109,260.78,0.05000000,0
1506033190,22011105,260.63,0.05000000,0
1506033109,22011054,260.24,6.54323015,0
1506033109,22011053,260.24,5.00000000,1
1506033049,22011022,260.00,18.25883912,1
1506033049,22011021,260.00,11.74116088,1
1506033049,22011020,260.12,5.00000000,1
1506032964,22010981,260.00,8.63892300,1
1506032964,22010980,260.00,5.00000000,0
1506032964,22010979,260.00,0.42107700,0
1506032963,22010977,260.01,0.99000000,0
1506032963,22010976,260.01,4.95000000,1
1506032960,22010974,260.00,9.61991612,1
1506032960,22010973,260.01,4.95000000,1
1506032960,22010972,260.01,0.10000000,1
1506032960,22010971,260.21,0.05000000,1
1506032959,22010970,260.26,5.00000000,1
1506032959,22010969,260.35,0.06644901,1
1506032894,22010949,260.54,8.78834000,0
1506032894,22010948,260.54,10.27380000,0
1506032873,22010931,260.54,0.95009000,1
1506032872,22010929,260.56,0.05000000,1
1506032872,22010928,260.86,0.05000000,1
1506032871,22010926,261.11,0.05000000,1
1506032867,22010924,261.26,0.05000000,0
1506032867,22010923,261.26,0.05000000,0
1506032804,22010900,261.48,0.82698485,1
1506032804,22010899,261.37,0.05000000,0
1506032803,22010898,261.12,0.05000000,0
1506032803,22010897,260.92,0.05000000,0
1506032801,22010895,260.77,0.05000000,0
1506032679,22010852,260.38,1.51470000,0
1506032679,22010851,260.38,12.02000000,0
1506032678,22010850,260.39,5.46000000,1
1506032678,22010849,260.48,5.50000000,1
1506032678,22010848,260.55,0.05000000,1
1506032678,22010847,260.60,5.00000000,1
1506032678,22010846,260.61,0.30530000,1
1506032678,22010845,260.80,0.05000000,1
1506032677,22010844,261.00,0.05000000,1
1506032677,22010843,261.15,0.05000000,1
1506032626,22010828,262.20,0.69766801,1
1506032626,22010826,262.20,13.49348430,1
1506032625,22010823,262.20,0.08273998,1
1506032622,22010817,262.20,0.72610771,1
1506032578,22010792,262.07,1.14800000,1
1506032578,22010791,261.84,0.05000000,0
1506032578,22010790,261.48,0.02000000,0
1506032578,22010789,261.44,0.02000000,0
1506032577,22010788,261.41,0.02000000,0
1506032577,22010787,261.39,0.02000000,0
1506032577,22010786,261.37,0.02000000,0
1506032577,22010785,261.22,0.02000000,0
1506032577,22010784,261.22,0.02000000,0
1506032478,22010754,261.17,0.20379968,1
1506032395,22010698,261.16,0.00000294,0
1506032394,22010697,261.39,0.05000000,1
1506032394,22010696,261.64,0.05000000,1
1506032394,22010695,261.65,0.05807706,1
1506032394,22010694,261.70,0.57800000,1
1506032394,22010693,261.84,0.05000000,1
1506032391,22010687,261.93,0.05000000,0
1506032377,22010682,261.94,0.05000000,1
1506032369,22010680,262.01,0.05000000,1
1506032279,22010646,262.19,0.05000000,1
1506032250,22010628,262.33,0.05000000,0
1506032249,22010627,262.33,0.05000000,0
1506032165,22010596,262.56,7.07191351,0
1506032164,22010595,262.56,0.15000000,0
1506032133,22010586,262.39,0.05000000,1
1506032071,22010560,262.41,0.20448283,0
1506032071,22010559,262.41,0.24900000,0
1506032008,22010519,262.61,0.00000032,1
1506032007,22010518,262.61,12.14604400,1
1506032006,22010517,262.61,3.50043100,1
1506032005,22010516,262.59,0.05000000,0
1506031962,22010469,262.20,2.28043397,1
1506031932,22010452,262.62,0.00000023,1
1506031931,22010451,262.62,7.00011400,1
1506031930,22010450,262.62,5.99988577,1
1506031930,22010449,262.62,0.00011423,1
1506031929,22010445,262.62,5.99988577,1
1506031907,22010432,262.81,5.63975489,0
1506031878,22010417,262.62,0.70436912,0
1506031878,22010416,262.60,4.01070000,0
1506031878,22010415,262.59,2.28493088,0
1506031877,22010414,262.60,12.70630000,0
1506031825,22010389,262.15,3.24201600,0
1506031824,22010386,262.16,0.30380000,1
1506031816,22010377,262.34,0.05000000,1
1506031816,22010376,262.49,0.05000000,1
1506031814,22010372,262.70,15.21314459,0
1506031814,22010371,262.69,2.63000000,0
1506031746,22010344,262.51,0.17790163,0
1506031745,22010343,262.51,0.02000000,1
1506031745,22010342,262.51,0.02000000,1
1506031745,22010341,262.54,0.02000000,1
1506031745,22010340,262.54,0.02000000,1
1506031745,22010339,262.56,0.02000000,1
1506031745,22010338,262.56,0.02000000,1
1506031745,22010337,262.58,0.02000000,1
1506031744,22010336,262.58,0.02000000,1
1506031744,22010335,262.60,0.02000000,1
1506031744,22010334,262.60,0.02000000,1
1506031733,22010328,262.82,0.02000000,0
1506031733,22010327,262.82,0.02000000,0
1506031732,22010326,262.82,0.02000000,0
1506031732,22010325,262.82,0.02000000,0
1506031732,22010324,262.81,0.05000000,0
1506031722,22010323,262.81,0.02000000,0
1506031721,22010322,262.80,0.02000000,0
1506031721,22010321,262.80,0.02000000,0
1506031721,22010320,262.80,0.02000000,0
1506031721,22010319,262.80,0.02000000,0
1506031710,22010318,262.78,0.02000000,0
1506031710,22010317,262.76,0.02000000,0
1506031710,22010316,262.74,0.02000000,0
1506031699,22010313,262.67,0.02000000,0
1506031699,22010312,262.67,0.02000000,0
1506031699,22010311,262.65,0.02000000,0
1506031699,22010310,262.65,0.02000000,0
1506031688,22010305,262.65,0.02000000,0
1506031688,22010304,262.65,0.02000000,0
1506031688,22010303,262.62,3.02866955,0
1506031669,22010269,261.80,0.32938471,1
1506031669,22010268,261.99,0.05000000,1
1506031669,22010267,262.24,0.05000000,1
1506031669,22010266,262.44,0.05000000,1
1506031669,22010265,262.59,0.05000000,1
1506031632,22010248,262.61,3.57438974,0
1506031632,22010247,262.59,0.02000000,0
1506031632,22010246,262.57,0.09000000,0
1506031586,22010228,262.39,0.02000000,1
1506031586,22010227,262.43,0.02000000,1
1506031584,22010226,262.25,0.02000000,0
1506031584,22010225,262.25,0.02000000,0
1506031583,22010224,262.25,0.02000000,0
1506031583,22010223,262.25,0.02000000,0
1506031581,22010222,262.25,0.05000000,1
1506031578,22010221,262.45,0.05000000,1
1506031573,22010219,262.48,0.02000000,1
1506031573,22010218,262.48,0.02000000,1
1506031573,22010217,262.48,0.02000000,1
1506031573,22010216,262.48,0.02000000,1
1506031572,22010215,262.52,1.61798024,0
1506031570,22010214,262.52,0.02000000,1
1506031570,22010213,262.52,0.02000000,1
1506031570,22010212,262.52,0.02000000,1
1506031570,22010211,262.52,0.02000000,1
1506031549,22010200,262.53,4.59000000,0
1506031548,22010199,262.53,5.50000000,1
1506031539,22010193,262.53,2.04752485,1
1506031536,22010187,262.53,3.45247515,1
1506031536,22010184,262.55,0.02000000,1
1506031536,22010183,262.55,0.02000000,1
1506031536,22010182,262.55,0.02000000,1
1506031536,22010181,262.55,0.02000000,1
1506031535,22010179,262.57,0.02000000,1
1506031535,22010178,262.57,0.02000000,1
1506031535,22010177,262.57,0.02000000,1
1506031535,22010176,262.57,0.02000000,1
1506031535,22010175,262.59,0.01000000,1
1506031533,22010174,262.59,0.01000000,1
1506031533,22010173,262.59,0.02000000,1
1506031533,22010172,262.61,0.01000000,1
1506031531,22010169,262.60,0.01000000,0
1506031529,22010167,262.60,0.02000000,0
1506031529,22010165,262.59,0.02000000,1
1506031529,22010163,262.59,0.02000000,1
1506031527,22010162,262.60,0.02000000,1
1506031527,22010161,262.61,0.02000000,1
1506031525,22010158,262.60,0.03000000,1
1506031525,22010157,262.61,0.02000000,1
1506031488,22010118,262.62,0.00000647,1
1506031487,22010117,262.62,5.49999353,1
1506031485,22010112,263.19,2.23470402,0
1506031485,22010111,263.16,3.13000000,0
1506031485,22010110,262.98,0.05000000,0
1506031485,22010109,262.81,3.02518290,0
1506031485,22010108,262.81,5.38255600,0
1506031484,22010107,262.62,0.28900000,0
1506031460,22010098,262.61,1.97739550,0
1506031453,22010092,262.62,0.28900000,1
1506031449,22010085,262.63,0.00003445,1
1506031447,22010079,262.63,3.31996555,1
1506031446,22010075,262.81,2.64831551,1
1506031446,22010074,262.82,0.06782775,1
1506031446,22010072,262.92,0.00005213,1
1506031446,22010070,262.92,1.68408817,1
1506031445,22010065,262.81,1.26760636,1
1506031444,22010062,262.81,1.46664245,1
1506031444,22010060,262.81,3.02292733,1
1506031443,22010057,262.81,1.14934295,1
1506031443,22010055,262.81,5.04400000,1
1506031443,22010054,262.81,1.46665705,1
1506031442,22010051,262.81,1.26720643,1
1506031442,22010046,262.81,1.68601196,1
1506031440,22010041,262.63,0.05000000,0
1506031439,22010040,262.33,0.05000000,0
1506031439,22010039,262.32,0.06000000,0
1506031439,22010038,262.20,0.28855000,0
1506031439,22010037,262.18,0.08273996,0
1506031439,22010036,262.08,0.05000000,0
1506031439,22010035,261.88,0.05000000,0
1506031439,22010034,261.73,0.02000000,0
1506031439,22010033,261.73,0.02000000,0
1506031438,22010032,261.73,0.02000000,0
1506031438,22010031,261.73,0.02000000,0
1506031438,22010029,261.73,0.05000000,0
1506031438,22010028,261.69,0.02000000,0
1506031438,22010027,261.69,0.02000000,0
1506031438,22010026,261.69,0.02000000,0
1506031438,22010025,261.69,0.02000000,0
1506031438,22010024,261.66,0.02000000,0
1506031437,22010023,261.66,0.02000000,0
1506031437,22010022,261.66,0.02000000,0
1506031437,22010021,261.66,0.02000000,0
1506031437,22010020,261.64,0.02000000,0
1506031437,22010019,261.64,0.02000000,0
1506031437,22010018,261.64,0.02000000,0
1506031430,22010017,261.64,0.02000000,0
1506031429,22010015,261.62,0.02000000,0
1506031429,22010014,261.62,0.02000000,0
1506031429,22010013,261.62,0.02000000,0
1506031429,22010012,261.62,0.02000000,0
1506031425,22010011,261.47,0.02000000,0
1506031425,22010010,261.47,0.02000000,0
1506031425,22010009,261.47,0.02000000,0
1506031419,22010002,261.47,0.02000000,0
1506031411,22009995,261.59,3.70000000,0
1506031407,22009993,261.61,2.94000000,1
1506031406,22009992,261.62,4.72000000,1
1506031406,22009991,261.62,0.02000000,0
1506031405,22009989,261.60,7.66000000,1
1506031402,22009985,261.59,0.02000000,0
1506031399,22009982,261.56,0.02000000,0
1506031396,22009981,261.54,0.02000000,0
1506031394,22009980,261.52,0.02000000,0
1506031391,22009979,261.44,0.02000000,0
1506031384,22009977,261.40,0.02000000,0
1506031381,22009975,261.37,0.02000000,1
1506031378,22009974,261.37,0.02000000,0
1506031372,22009973,261.35,0.02000000,0
1506031345,22009966,261.34,0.02000000,1
1506031345,22009965,261.34,0.02000000,1
1506031326,22009947,261.30,2.51083762,0
1506031326,22009946,261.29,0.08837561,0
1506031278,22009922,261.29,0.07870000,0
1506031269,22009921,261.30,0.02000000,0
1506031268,22009920,261.30,0.02000000,0
1506031268,22009919,261.30,0.02000000,0
1506031268,22009918,261.30,0.02000000,0
1506031268,22009916,261.30,0.02000000,0
1506031267,22009915,261.30,0.02000000,0
1506031267,22009914,261.32,0.05000000,1
1506031267,22009913,261.34,0.02000000,1
1506031266,22009912,261.38,0.02000000,1
1506031266,22009911,261.41,0.02000000,1
1506031266,22009910,261.43,0.02000000,1
1506031266,22009909,261.45,0.02000000,1
1506031237,22009903,261.48,0.05000000,0
1506031237,22009902,261.48,0.05000000,0
1506031213,22009889,261.58,0.05000000,1
1506031212,22009888,261.66,0.05000000,1
1506031203,22009880,261.69,0.02292439,0
1506031101,22009854,261.83,0.05000000,1
1506031101,22009853,261.86,0.05000000,1
1506031094,22009851,261.97,0.05000000,0
1506031075,22009841,262.00,4.68000000,0
1506031072,22009835,262.18,1.50880190,1
1506031072,22009834,262.18,1.26903446,1
1506031071,22009833,262.18,5.76216364,1
1506031070,22009832,262.18,0.05000000,0
1506031062,22009828,262.03,0.05000000,1
1506031062,22009826,262.18,0.05000000,1
1506031039,22009819,262.20,0.00145000,1
1506031037,22009815,262.20,0.28855000,1
1506031033,22009813,262.53,8.59085064,1
1506031033,22009812,262.53,3.33706829,1
1506031032,22009811,261.89,4.84000000,0
1506031032,22009810,261.88,3.19000000,0
1506031032,22009809,261.79,0.04208107,0
1506031011,22009798,261.49,0.04999889,1
1506031011,22009797,261.79,0.04208111,1
1506031007,22009793,261.59,0.00791889,0
1506031006,22009792,261.59,0.05000000,0
1506031006,22009791,261.59,0.05000000,0
1506031006,22009790,261.59,0.05000000,0
1506030961,22009777,262.41,10.00000000,0
1506030946,22009769,261.94,7.51809711,1
1506030937,22009765,262.50,7.73636513,0
1506030937,22009764,262.49,11.92000000,0
1506030937,22009763,262.34,0.05000000,0
1506030936,22009762,262.14,0.05000000,0
1506030936,22009761,261.99,0.05000000,0
1506030856,22009694,261.94,0.59204948,1
1506030855,22009689,261.94,0.68060475,1
1506030855,22009688,261.94,1.95532800,1
1506030851,22009681,261.94,0.90392066,1
1506030809,22009650,261.60,11.65210357,1
1506030808,22009649,261.58,0.29101500,0
1506030803,22009644,261.57,0.39825681,0
1506030751,22009615,261.57,0.69073674,0
1506030723,22009601,261.00,0.16188000,0
1506030722,22009598,261.00,0.15106509,0
1506030721,22009597,261.00,0.08278006,0
1506030719,22009591,261.00,0.05000000,0
1506030719,22009589,261.00,0.05000000,0
1506030719,22009588,261.00,0.05000000,0
1506030717,22009583,261.00,10.00000000,1
1506030716,22009582,261.10,3.13758666,1
1506030716,22009581,261.21,0.29100000,1
1506030716,22009580,261.48,0.20279331,1
1506030715,22009576,261.60,0.98414133,0
1506030712,22009562,261.60,1.27760264,0
1506030710,22009552,261.48,0.20289475,0
1506030709,22009548,261.13,0.04000000,1
1506030708,22009541,261.48,0.02710525,0
1506030707,22009539,261.49,0.02998500,0
1506030704,22009533,261.12,4.51000000,0
1506030701,22009530,261.12,3.47101064,1
1506030697,22009527,261.33,0.05000000,1
1506030692,22009516,261.60,0.18034358,0
1506030691,22009515,261.60,0.66256001,0
1506030688,22009512,261.63,0.05000000,1
1506030688,22009510,261.64,8.80373849,1
1506030679,22009499,261.88,0.05000000,1
1506030675,22009489,261.94,1.57821300,1
1506030672,22009485,261.95,0.23000000,1
1506030663,22009474,262.63,4.96000000,1
1506030662,22009472,262.63,0.04000000,1
1506030657,22009470,262.00,4.81158661,0
1506030657,22009469,262.04,4.84000000,1
1506030657,22009468,262.05,3.13000000,1
1506030657,22009467,262.08,0.01000000,1
1506030657,22009466,262.10,2.20841339,1
1506030651,22009462,262.10,0.04000000,1
1506030640,22009460,262.10,0.04000000,1
1506030632,22009459,262.09,0.04000000,1
1506030622,22009452,262.08,0.04000000,1
1506030614,22009451,262.12,0.04000000,1
1506030603,22009444,262.18,0.03000000,1
1506030603,22009443,262.23,0.01000000,1
1506030583,22009434,262.23,0.04000000,1
1506030575,22009432,262.04,0.04000000,1
1506030567,22009430,262.01,0.04000000,1
1506030556,22009427,262.25,0.03000000,1
1506030556,22009426,262.28,0.01000000,1
1506030546,22009420,262.32,0.07000000,0
1506030541,22009417,262.28,0.04000000,1
1506030523,22009409,262.58,0.05000000,1
1506030523,22009408,262.83,0.05000000,1
1506030523,22009407,263.03,0.05000000,1
1506030457,22009376,263.20,3.47101064,0
1506030435,22009367,263.07,0.05000000,0
1506030293,22009309,263.20,0.05000000,0
1506030293,22009308,263.20,0.05000000,0
1506030291,22009306,263.20,0.87674069,0
1506030267,22009291,263.40,0.14718745,1
1506030266,22009288,263.40,9.19601368,1
1506030265,22009287,263.39,3.78000000,0
1506030264,22009286,263.38,6.87679887,0
1506030264,22009285,263.38,19.80636513,0
1506030258,22009281,263.37,3.14000000,0
1506030252,22009274,262.55,0.77290734,1
1506030248,22009273,262.55,0.56320804,1
1506030248,22009272,262.72,3.08818989,1
1506030248,22009271,263.27,0.00006039,1
1506030247,22009269,263.27,1.21616592,1
1506030244,22009267,263.27,0.08273998,1
1506030243,22009265,263.41,2.15000000,0
1506030242,22009263,263.41,0.21000000,0
1506030242,22009261,263.27,3.50594371,1
1506030240,22009256,263.27,0.03509000,0
1506030225,22009243,262.72,1.75181011,1
1506030223,22009236,263.27,3.24818989,1
1506030221,22009230,263.27,0.53811085,1
1506030220,22009226,263.27,1.32407086,1
1506030218,22009222,263.40,0.86000000,0
1506030214,22009217,263.27,0.38961955,1
1506030211,22009216,263.27,0.00000885,1
1506030211,22009215,263.27,2.56097087,1
1506030209,22009212,263.27,2.27902913,0
1506030180,22009193,263.39,0.48327765,0
1506030180,22009191,263.39,0.05000000,0
1506030172,22009189,262.08,2.18333900,0
1506030171,22009188,262.10,1.57666100,1
1506030171,22009187,262.35,5.50000000,1
1506030171,22009183,262.38,0.05000000,1
1506030170,22009182,262.63,0.05000000,1
1506030170,22009181,262.70,4.84000000,1
1506030170,22009180,262.83,0.05000000,1
1506030168,22009178,262.98,0.05000000,1
1506030137,22009119,263.00,4.91973657,1
1506030126,22009112,263.00,2.89542443,1
1506030125,22009111,263.01,2.05204066,1
1506030070,22009070,263.08,0.23000000,1
1506030046,22009056,263.00,0.22013766,1
1506030046,22009055,263.03,0.05000000,1
1506030046,22009054,263.23,0.05000000,1
1506030046,22009053,263.38,0.05000000,1
1506030046,22009052,263.50,0.00526234,1
1506030037,22009033,263.50,1.04720540,1
1506030034,22009027,263.50,2.03451600,1
1506030032,22009022,263.50,0.19013800,1
1506030031,22009021,263.50,1.98726400,1
1506030031,22009020,263.51,0.23000000,1
1506030028,22009017,263.50,4.47337700,1
1506030025,22009012,263.50,0.69502200,1
1506029999,22008993,264.52,0.55360196,0
1506029993,22008991,264.54,2.63000000,0
1506029993,22008990,264.53,2.28532510,0
1506029982,22008979,263.40,0.97429758,0
1506029982,22008978,263.40,1.11655592,0
1506029977,22008973,263.40,2.61000000,0
1506029976,22008972,263.40,2.89000000,0
1506029970,22008955,263.39,0.28900000,0
1506029970,22008954,263.39,3.13000000,0
1506029963,22008949,263.39,5.50000000,0
1506029842,22008889,262.44,2.28623685,0
1506029836,22008882,262.45,5.50000000,1
1506029836,22008881,262.45,0.45000000,1
1506029836,22008879,262.45,4.39000000,0
1506029827,22008874,261.11,0.08000000,1
1506029797,22008859,261.11,6.32285226,0
1506029779,22008844,261.11,0.28900000,1
1506029762,22008829,261.11,2.92814774,0
1506029748,22008816,261.11,4.53000000,0
1506029748,22008814,261.11,5.26000000,0
1506029747,22008812,261.11,0.67000000,0
1506029729,22008799,261.61,0.38236305,0
1506029680,22008727,261.61,0.29076700,0
1506029679,22008717,261.10,1.27348096,0
1506029677,22008712,261.10,2.87062428,0
1506029657,22008682,261.63,4.53906404,0
1506029649,22008662,261.01,3.55130524,1
1506029649,22008661,261.02,2.44399633,1
1506029649,22008660,261.02,4.00469843,1
1506029646,22008654,261.59,2.84381834,0
1506029646,22008652,261.59,2.65618166,0
1506029644,22008645,261.02,2.44400786,0
1506029644,22008644,261.02,0.38688400,0
1506029643,22008643,261.02,7.66000000,0
1506029642,22008642,261.01,0.30380000,1
1506029642,22008641,261.01,0.28900000,1
1506029641,22008640,261.02,3.25358000,0
1506029639,22008638,261.02,1.37906897,0
1506029638,22008637,261.02,1.89000000,1
1506029638,22008636,261.10,0.06625814,1
1506029638,22008635,261.75,2.92020103,1
1506029638,22008634,261.75,0.25826500,1
1506029637,22008633,261.75,5.50000000,0
1506029637,22008630,261.42,1.12080397,0
1506029637,22008628,261.42,0.25826500,0
1506029636,22008626,261.30,1.13000000,1
1506029636,22008624,261.31,0.31000000,1
1506029636,22008623,261.31,1.56000000,1
1506029635,22008620,261.42,3.46093103,0
1506029635,22008617,261.42,5.21100000,0
1506029632,22008611,261.42,0.28900000,1
1506029609,22008588,263.13,1.87436010,0
1506029603,22008582,261.91,0.28800000,1
1506029601,22008579,261.39,1.53651933,1
1506029601,22008578,261.40,0.35000000,1
1506029599,22008577,261.49,4.52000000,1
1506029599,22008576,261.49,3.14429168,1
1506029597,22008571,261.49,4.51570832,1
1506029597,22008570,261.50,1.76000000,1
1506029597,22008569,261.50,0.30380000,1
1506029596,22008567,261.85,0.06606836,1
1506029596,22008566,262.06,0.28800000,1
1506029578,22008551,262.41,2.83412034,1
1506029578,22008550,262.42,5.00000000,1
1506029576,22008546,262.60,0.06587966,1
1506029522,22008512,263.00,10.00000000,1
1506029514,22008501,263.00,15.69960102,1
1506029508,22008500,263.01,1.64039898,1
1506029508,22008499,263.01,5.00000000,1
1506029508,22008498,263.01,3.35960102,1
1506029506,22008497,263.01,0.50000000,1
1506029500,22008494,263.01,3.80039898,1
1506029500,22008493,263.01,0.16392000,1
1506029488,22008479,263.41,0.00539542,1
1506029487,22008477,263.01,7.70111458,0
1506029486,22008468,263.01,2.60000000,1
1506029485,22008467,263.02,0.52000000,1
1506029485,22008466,263.33,1.89682456,1
1506029482,22008463,263.33,5.50000000,1
1506029476,22008455,263.33,4.84000000,1
1506029476,22008453,263.33,5.50000000,1
1506029474,22008452,263.33,6.30889220,1
1506029474,22008451,263.41,0.97316866,1
1506029473,22008450,263.40,0.22712823,0
1506029471,22008449,263.33,5.50000000,1
1506029469,22008448,263.33,1.50000000,1
1506029465,22008443,263.33,0.19363487,1
1506029459,22008439,263.33,18.76064837,1
1506029459,22008438,263.35,0.06569204,1
1506029458,22008437,263.41,2.61000000,1
1506029458,22008436,263.41,1.38997528,1
1506029457,22008435,263.41,3.66002472,0
1506029457,22008434,263.41,1.17997528,1
1506029457,22008433,263.41,1.43002472,1
1506029457,22008432,263.41,2.16000000,1
1506029456,22008431,263.41,1.90997528,1
1506029456,22008430,263.41,0.98002472,1
1506029454,22008426,263.41,2.61000000,0
1506029453,22008425,263.41,2.16000000,1
1506029453,22008424,263.41,5.50000000,1
1506029448,22008422,264.00,0.06999956,1
1506029422,22008395,264.00,14.70503800,1
1506029420,22008394,264.00,1.68000000,1
1506029415,22008392,264.00,1.75000000,1
1506029388,22008319,264.00,6.79496244,1
1506029388,22008318,264.00,2.39935303,1
1506029388,22008317,264.01,3.20000000,1
1506029388,22008316,264.01,11.90000000,1
1506029388,22008315,264.02,2.27252647,1
1506029387,22008314,264.03,3.24418347,1
1506029387,22008313,264.48,0.18897459,1
1506029368,22008293,265.48,0.06906680,0
1506029361,22008287,264.40,0.50000000,0
1506029361,22008286,264.41,5.00000000,1
1506029347,22008269,264.48,0.22712823,1
1506029336,22008257,265.55,2.39951088,0
1506029298,22008246,265.91,0.02640492,0
1506029292,22008243,265.90,1.31944669,0
1506029233,22008202,265.60,0.02522590,0
1506029223,22008194,265.61,4.17903703,0
1506029203,22008185,265.41,0.01452715,0
1506029203,22008184,265.41,0.10000000,0
1506029203,22008183,265.41,0.10000000,0
1506029202,22008182,265.41,0.10000000,0
1506029182,22008166,265.26,1.11739425,0
1506029182,22008163,265.25,0.30060000,0
1506029182,22008161,265.25,10.10000000,0
1506029180,22008160,265.11,0.00001000,0
1506029177,22008159,265.11,0.09999000,0
1506029177,22008158,265.11,0.10000000,0
1506029177,22008157,265.11,0.10000000,0
1506029177,22008155,265.11,0.10000000,0
1506029177,22008154,265.11,0.10000000,0
1506029177,22008152,265.11,0.10000000,0
1506029177,22008150,264.86,0.00000500,0
1506029170,22008137,264.86,0.09999500,0
1506029170,22008136,264.86,0.10000000,0
1506029170,22008135,264.86,0.10000000,0
1506029170,22008134,264.86,0.10000000,0
1506029169,22008133,264.86,0.10000000,0
1506029169,22008132,264.86,0.10000000,0
1506029159,22008120,264.66,0.49193800,1
1506029158,22008119,264.66,0.10000000,0
1506029158,22008118,264.66,0.10000000,0
1506029158,22008117,264.66,0.10000000,0
1506029158,22008116,264.66,0.10000000,0
1506029158,22008115,264.66,0.10000000,0
1506029158,22008114,264.66,0.10000000,0
1506029151,22008110,264.51,0.10000000,0
1506029151,22008109,264.51,0.10000000,0
1506029150,22008108,264.51,0.10000000,0
1506029150,22008107,264.51,0.10000000,0
1506029150,22008106,264.51,0.10000000,0
1506029150,22008105,264.51,0.10000000,0
1506029150,22008104,264.51,0.10000000,0
1506029150,22008103,264.51,2.09661392,0
1506029134,22008101,264.51,1.74948038,0
1506029131,22008100,264.51,4.14000000,0
1506029116,22008087,264.50,1.74107523,1
1506029116,22008086,264.49,2.26851677,0
1506029115,22008085,264.01,1.50409786,0
1506029088,22008074,264.01,0.23584300,0
1506029079,22008062,264.01,1.96788000,0
1506029077,22008056,264.01,0.98389700,0
1506029076,22008055,264.00,13.13000000,1
1506029076,22008053,264.01,0.99750000,0
1506029063,22008049,264.01,0.34000000,0
1506029062,22008047,264.00,4.47064697,1
1506029062,22008046,264.00,13.12380356,1
1506029036,22008032,264.03,0.10000000,0
1506029033,22008026,264.03,1.63345700,0
1506029033,22008024,264.10,0.10000000,1
1506029033,22008023,264.11,4.32532510,1
1506029005,22008001,264.12,4.14098000,0
1506029002,22007999,264.12,0.60710300,0
1506029002,22007998,264.00,3.12000000,1
1506028999,22007997,264.00,2.82000000,1
1506028998,22007996,264.11,0.39000000,1
1506028998,22007995,264.10,2.29429195,0
1506028997,22007994,264.10,1.15020256,0
1506028996,22007992,264.10,0.01550549,1
1506028995,22007991,264.51,0.00331607,0
1506028995,22007990,264.11,4.73167393,0
1506028995,22007989,264.10,0.05000000,1
1506028992,22007987,264.11,0.10832607,1
1506028981,22007978,264.39,2.03945600,1
1506028980,22007976,264.39,2.37000000,1
1506028978,22007975,264.39,2.55000000,1
1506028977,22007974,264.39,4.78394533,1
1506028977,22007973,264.39,0.33885568,1
1506028976,22007972,264.39,3.69993289,1
1506028976,22007971,264.40,1.80006711,1
1506028976,22007970,264.40,1.32993289,0
1506028975,22007969,264.40,0.34000000,0
1506028974,22007968,264.40,3.83006711,0
1506028974,22007967,264.40,0.56703555,0
1506028974,22007966,264.40,0.07619489,0
1506028973,22007965,264.40,4.19676956,1
1506028973,22007963,264.43,5.50000000,1
1506028972,22007962,264.42,5.50000000,0
1506028971,22007961,264.42,3.91000000,1
1506028971,22007960,264.42,5.50000000,1
1506028964,22007953,264.43,0.16354000,0
1506028963,22007945,264.43,0.09040455,0
1506028962,22007941,264.43,0.71956800,0
1506028961,22007931,264.43,1.99999996,0
1506028961,22007928,264.43,0.09040453,0
1506028959,22007925,264.43,0.30060000,1
1506028959,22007924,264.43,5.00000000,1
1506028955,22007916,266.10,0.19939318,0
1506028949,22007894,264.40,8.29402006,1
1506028949,22007893,264.41,3.50000000,1
1506028944,22007887,265.68,9.30000000,0
1506028944,22007886,264.74,0.89291449,0
1506028944,22007885,264.74,4.78557084,0
1506028938,22007874,264.86,0.18029208,0
1506028937,22007873,264.86,1.82216693,0
1506028936,22007869,264.73,2.67997838,0
1506028934,22007862,264.39,7.05271152,0
1506028934,22007861,264.39,12.46434000,0
1506028934,22007860,264.39,2.90980000,0
1506028933,22007858,264.12,9.30000000,1
1506028933,22007857,264.33,0.10000000,1
1506028932,22007856,264.33,0.10000000,1
1506028932,22007855,264.33,0.10000000,1
1506028932,22007854,264.33,0.10000000,1
1506028932,22007853,264.33,0.10000000,1
1506028932,22007852,264.33,0.10000000,1
1506028932,22007850,264.33,0.10000000,1
1506028931,22007848,264.39,14.69282500,0
1506028931,22007847,264.39,1.30505000,0
1506028930,22007845,264.39,0.71834100,0
1506028929,22007840,264.73,0.10000000,1
1506028929,22007838,264.73,0.10000000,1
1506028929,22007836,264.73,0.10000000,1
1506028929,22007835,264.73,0.10000000,1
1506028929,22007834,264.73,0.10000000,1
1506028929,22007833,264.73,0.10000000,1
1506028929,22007832,264.73,0.10000000,1
1506028929,22007831,264.73,0.10000000,1
1506028928,22007830,264.85,0.23000000,0
1506028926,22007819,264.85,0.63453148,0
1506028925,22007815,264.85,0.06531999,1
1506028925,22007814,265.13,0.00044424,0
1506028924,22007813,265.00,0.63484876,0
1506028922,22007809,265.00,6.79492839,0
1506028922,22007808,265.00,7.98941037,1
1506028922,22007807,265.02,0.96471400,1
1506028922,22007806,265.02,2.00000000,1
1506028922,22007804,265.08,0.10000000,1
1506028921,22007802,265.08,0.10000000,1
1506028921,22007801,265.08,0.10000000,1
1506028921,22007800,265.08,0.10000000,1
1506028921,22007799,265.08,0.10000000,1
1506028921,22007797,265.08,0.10000000,1
1506028919,22007792,265.13,0.08269864,0
1506028918,22007789,265.13,0.23000000,0
1506028917,22007788,265.14,0.29000000,1
1506028917,22007787,265.14,3.74000000,1
1506028917,22007785,265.38,1.26534328,0
1506028915,22007779,265.38,1.26448183,0
1506028914,22007778,265.38,0.10000000,1
1506028914,22007777,265.38,0.10000000,1
1506028914,22007776,265.38,0.10000000,1
1506028914,22007775,265.38,0.10000000,1
1506028914,22007774,265.38,0.10000000,1
1506028914,22007773,265.38,0.10000000,1
1506028911,22007769,265.63,0.10000000,1
1506028911,22007768,265.63,0.10000000,1
1506028911,22007767,265.63,0.10000000,1
1506028911,22007766,265.63,0.10000000,1
1506028911,22007765,265.63,0.10000000,1
1506028911,22007764,265.63,0.10000000,1
1506028910,22007761,265.70,1.26384269,0
1506028910,22007759,265.70,0.55127515,0
1506028908,22007757,265.70,1.00000000,1
1506028906,22007750,265.70,5.50000000,1
1506028905,22007748,265.70,5.50000000,1
1506028901,22007745,265.83,0.10000000,1
1506028901,22007744,265.83,0.10000000,1
1506028900,22007743,265.83,0.10000000,1
1506028900,22007742,265.83,0.10000000,1
1506028900,22007741,265.83,0.10000000,1
1506028898,22007740,265.90,9.55081101,1
1506028898,22007739,265.98,0.10000000,1
1506028898,22007738,265.98,0.10000000,1
1506028897,22007737,265.98,0.10000000,1
1506028897,22007736,265.98,0.10000000,1
1506028897,22007735,265.98,0.10000000,1
1506028897,22007734,266.05,5.00000000,1
1506028897,22007733,266.06,1.15270992,1
1506028846,22007671,266.53,1.15070300,0
1506028846,22007670,266.39,0.00000500,0
1506028846,22007669,266.38,0.23000000,0
1506028843,22007660,266.39,0.09999500,0
1506028843,22007659,266.39,0.10000000,0
1506028833,22007632,265.03,0.49890045,1
1506028833,22007631,265.08,0.10000000,1
1506028833,22007630,265.08,0.10000000,1
1506028832,22007629,265.32,4.45000000,1
1506028832,22007628,265.38,0.10000000,1
1506028832,22007627,265.38,0.10000000,1
1506028832,22007626,265.47,1.56814800,1
1506028832,22007625,265.60,0.06731928,1
1506028832,22007624,265.63,0.10000000,1
1506028832,22007623,265.63,0.10000000,1
1506028832,22007622,265.82,1.15070348,1
1506028831,22007621,265.83,0.10000000,1
1506028831,22007620,265.83,0.10000000,1
1506028831,22007619,265.83,0.10000000,1
1506028831,22007618,265.98,0.10000000,1
1506028831,22007617,265.98,0.10000000,1
1506028831,22007616,265.98,0.10000000,1
1506028831,22007615,266.00,4.07785186,1
1506028792,22007553,266.00,1.92214814,1
1506028792,22007552,266.01,5.00000000,1
1506028764,22007516,265.83,4.77000000,1
1506028763,22007514,265.89,0.23000000,1
1506028753,22007499,265.85,0.92070300,1
1506028753,22007498,265.85,0.23000000,1
1506028743,22007483,266.15,1.30232000,0
1506028742,22007479,266.81,1.07136164,0
1506028741,22007475,266.80,0.23000000,1
1506028740,22007472,266.80,0.29980000,0
1506028740,22007471,266.80,0.15040741,0
1506028732,22007464,266.80,0.07959259,0
1506028728,22007457,266.81,0.56587815,0
1506028725,22007443,266.81,0.76432000,0
1506028719,22007423,266.83,0.68309073,0
1506028719,22007422,266.83,0.23000000,0
1506028718,22007416,266.82,2.28024287,1
1506028717,22007414,266.82,4.71000000,0
1506028700,22007360,266.86,6.84255555,0
1506028681,22007296,266.93,0.07000000,1
1506028680,22007289,266.93,0.27000000,0
1506028672,22007265,266.98,0.11439711,0
1506028672,22007264,266.94,0.01900000,0
1506028672,22007262,266.22,0.10617825,0
1506028671,22007261,266.00,0.07400000,0
1506028671,22007259,265.31,0.06652664,0
1506028670,22007254,265.06,0.00004967,0
1506028670,22007252,265.06,0.01905033,0
1506028670,22007251,265.02,2.36044967,0
1506028658,22007243,265.02,1.13769000,0
1506028653,22007236,265.00,5.50000000,1
1506028653,22007234,265.00,11.78150943,1
1506028653,22007233,265.01,11.74000000,1
1506028652,22007232,265.01,4.48000000,1
1506028651,22007204,265.02,0.10000000,0
1506028651,22007191,265.02,0.29980000,0
1506028641,22007176,265.02,0.04919270,0
1506028640,22007174,265.02,14.99279030,0
1506028640,22007172,265.01,0.16460364,0
1506028635,22007136,265.01,0.54000000,0
1506028633,22007131,265.01,0.23539636,0
1506028630,22007114,265.02,49.74700000,0
1506028630,22007110,265.01,0.94000000,0
1506028628,22007103,265.01,1.17881880,0
1506028628,22007100,265.00,0.19907920,0
1506028627,22007095,265.00,0.26310200,0
1506028611,22006968,264.51,4.77788017,1
1506028559,22006726,264.41,4.87326813,1
1506028539,22006700,264.40,0.19907920,1
1506028535,22006692,264.40,0.26310200,1
1506028530,22006673,265.00,0.00002243,1
1506028530,22006672,265.00,10.60362453,1
1506028529,22006671,265.00,1.26081732,1
1506028528,22006666,265.00,1.26065944,1
1506028527,22006663,265.00,5.17487628,1
1506028524,22006655,265.02,2.34382310,0
1506028524,22006653,265.01,2.61000000,0
1506028523,22006650,265.00,0.15000000,0
1506028523,22006648,264.99,0.10795389,0
1506028523,22006647,264.99,1.31844592,1
1506028521,22006645,264.79,0.24862864,0
1506028520,22006642,264.39,0.24862864,1
1506028520,22006641,264.82,2.38221726,1
1506028519,22006635,264.82,0.37998500,1
1506028517,22006628,264.98,8.29973696,1
1506028517,22006626,264.98,0.38958318,1
1506028516,22006625,264.98,5.06296305,0
1506028515,22006624,264.82,0.54256000,1
1506028514,22006623,264.82,1.85934858,1
1506028514,22006622,264.82,6.46751775,1
1506028511,22006617,264.82,0.54255604,1
1506028510,22006613,264.82,0.54568202,1
1506028508,22006609,264.82,23.40474299,1
1506028502,22006589,264.82,0.47601004,1
1506028502,22006588,264.83,1.58561496,1
1506028502,22006587,264.83,0.67202175,1
1506028490,22006556,264.82,1.15930600,1
1506028487,22006554,264.57,0.06625814,0
1506028476,22006514,264.49,0.01882869,0
1506028472,22006503,263.61,4.65744092,1
1506028468,22006497,264.45,1.85799668,1
1506028467,22006496,264.45,1.26195165,1
1506028467,22006494,264.45,2.38005167,1
1506028467,22006493,264.45,1.32871684,1
1506028466,22006489,264.45,1.26181247,1
1506028464,22006485,264.45,2.24947069,0
1506028458,22006468,264.57,3.93026420,1
1506028458,22006465,264.50,5.50000000,0
1506028458,22006462,264.45,4.84000000,0
1506028458,22006460,264.45,9.39760437,1
1506028457,22006456,264.44,3.81000000,0
1506028457,22006453,263.78,0.08273999,0
1506028455,22006441,263.51,2.06769100,0
1506028449,22006429,262.91,0.00442918,0
1506028449,22006427,262.92,3.14718800,1
1506028434,22006405,263.32,0.03288292,0
1506028434,22006404,263.29,0.02000000,0
1506028433,22006402,262.97,2.28162908,0
1506028429,22006385,263.28,0.79280613,0
1506028428,22006383,263.05,6.31514600,0
1506028428,22006381,263.00,0.05000000,0
1506028428,22006380,262.99,0.02000000,0
1506028426,22006376,262.98,0.40939996,0
1506028426,22006375,262.98,11.39060004,1
1506028365,22006312,262.87,0.02571613,0
1506028364,22006311,262.74,0.02000000,0
1506028364,22006310,262.59,0.05282783,0
1506028362,22006309,262.58,0.89797933,0
1506028361,22006308,262.58,0.26586183,0
1506028360,22006307,262.54,0.02000000,0
1506028360,22006306,262.39,0.02000000,0
1506028358,22006304,262.30,3.50054095,0
1506028350,22006302,262.30,1.44238700,0
1506028342,22006292,262.20,0.44641851,1
1506028314,22006269,262.30,0.05707205,0
1506028312,22006268,262.19,0.05282783,1
1506028312,22006267,262.20,0.02804653,1
1506028270,22006226,262.00,1.23936487,0
1506028258,22006214,261.01,3.00000000,1
1506028257,22006213,261.01,1.00000000,1
1506028257,22006212,261.01,3.83988500,1
1506028257,22006211,261.08,0.02000000,1
1506028257,22006210,261.31,5.50000000,1
1506028256,22006209,261.32,1.58011500,1
1506028256,22006208,261.33,5.00000000,1
1506028256,22006207,261.38,0.02000000,1
1506028256,22006206,261.63,0.02000000,1
1506028256,22006205,261.83,0.02000000,1
1506028252,22006198,261.98,0.02000000,1
1506028243,22006191,262.00,0.76063513,0
1506028166,22006134,262.00,3.00000000,0
1506028130,22006112,261.11,3.96334145,1
1506028117,22006099,262.00,9.44343055,1
1506028117,22006098,261.97,0.07643042,0
1506028117,22006097,261.96,0.48013903,0
1506028084,22006075,261.02,5.46714584,1
1506028069,22006068,261.01,0.55868216,1
1506028069,22006066,261.01,0.94597171,1
1506028069,22006065,261.01,0.25107923,1
1506028063,22006062,262.19,0.22826958,0
1506028017,22006046,261.00,0.31962094,1
1506028007,22006036,261.00,2.01514570,1
1506028007,22006035,261.00,19.67734779,1
1506028000,22006033,261.00,2.26461841,1
1506027997,22006032,261.00,8.30750649,1
1506027987,22006027,261.00,0.13290000,1
1506027985,22006025,261.82,0.87000000,1
1506027979,22006018,261.00,0.51937158,1
1506027977,22006015,261.00,2.00324642,1
1506027972,22006010,261.00,4.69795180,1
1506027966,22006008,261.00,6.89489822,1
1506027948,22006004,261.00,0.74213004,1
1506027948,22006003,261.00,1.98893253,1
1506027943,22006001,261.00,2.00000000,1
1506027939,22005999,261.00,1.81465189,1
1506027921,22005974,261.00,24.18534809,1
1506027920,22005973,261.01,3.64000000,1
1506027920,22005972,261.01,0.36000000,1
1506027916,22005971,261.00,27.30109676,1
1506027916,22005970,261.01,2.78806795,1
1506027915,22005966,261.81,1.03977886,0
1506027915,22005965,261.81,0.99000000,0
1506027914,22005964,261.98,0.88000000,0
1506027914,22005963,261.98,2.00000000,0
1506027913,22005962,261.89,0.36000000,0
1506027913,22005961,261.90,0.99489604,0
1506027912,22005960,261.82,13.73532510,0
1506027909,22005956,261.01,0.71705909,1
1506027906,22005953,261.01,0.64487296,1
1506027905,22005952,261.01,1.16977893,1
1506027889,22005942,261.00,25.46999998,1
1506027889,22005941,261.01,4.53000000,1
1506027871,22005885,261.02,0.83108569,1
1506027871,22005884,261.21,0.02000000,1
1506027870,22005883,261.51,0.02000000,1
1506027870,22005882,261.76,0.02000000,1
1506027870,22005881,261.96,0.02000000,1
1506027868,22005878,262.08,0.02000000,0
1506027867,22005877,261.01,2.40046706,1
1506027867,22005876,261.01,15.00000000,1
1506027867,22005874,261.02,0.08000000,1
1506027866,22005873,261.10,0.06625814,1
1506027866,22005872,261.12,0.02000000,1
1506027866,22005871,261.13,0.10795389,1
1506027866,22005870,261.27,0.02000000,1
1506027866,22005869,261.27,6.13462089,1
1506027866,22005867,261.29,4.53000000,1
1506027856,22005857,261.28,1.33600000,1
1506027856,22005856,261.29,0.30470000,1
1506027842,22005849,262.13,4.53000000,0
1506027839,22005848,262.16,0.30460000,0
1506027836,22005846,261.27,0.17559500,1
1506027836,22005845,261.28,0.30460000,1
1506027836,22005844,261.27,1.34773326,1
1506027836,22005843,261.84,0.02000000,1
1506027835,22005842,261.84,0.02000000,1
1506027835,22005841,261.84,0.02000000,1
1506027835,22005840,261.84,0.02000000,1
1506027835,22005839,261.85,0.02000000,1
1506027835,22005838,261.85,0.02000000,1
1506027835,22005837,261.85,0.02000000,1
1506027835,22005836,261.86,0.02000000,1
1506027835,22005835,261.88,0.02000000,1
1506027834,22005833,261.88,0.02000000,1
1506027834,22005830,261.89,0.95000000,1
1506027834,22005829,261.90,1.16384116,1
1506027830,22005821,262.59,4.76000000,1
1506027828,22005816,264.27,0.14939266,1
1506027828,22005812,264.00,0.50000000,0
1506027828,22005811,264.00,0.60000000,0
1506027828,22005810,264.00,0.70000000,0
1506027827,22005809,263.80,0.20000000,0
1506027827,22005808,263.78,0.02000000,0
1506027827,22005807,263.78,0.02000000,0
1506027827,22005806,263.78,30.00000000,1
1506027827,22005804,263.78,0.30420000,1
1506027826,22005803,263.33,0.02000000,0
1506027826,22005802,263.33,0.02000000,0
1506027826,22005801,263.32,0.33000000,0
1506027825,22005800,263.18,0.01920000,0
1506027825,22005799,262.93,0.02000000,0
1506027825,22005798,262.93,0.02000000,0
1506027825,22005797,262.66,5.50000000,0
1506027824,22005796,262.59,1.63000000,0
1506027824,22005795,262.58,0.02000000,0
1506027824,22005794,262.58,0.02000000,0
1506027823,22005793,262.49,4.84000000,0
1506027823,22005792,262.46,30.00000000,1
1506027823,22005791,262.28,0.02000000,0
1506027823,22005790,262.28,0.02000000,0
1506027822,22005788,262.03,0.02000000,0
1506027821,22005787,262.03,0.01482075,0
1506027756,22005738,262.03,0.00167925,0
1506027755,22005737,262.00,2.39957075,0
1506027752,22005734,262.01,0.30420000,1
1506027752,22005732,262.02,2.29622925,1
1506027746,22005728,262.03,0.00350000,0
1506027746,22005727,262.00,5.00000000,0
1506027733,22005717,261.88,0.02000000,1
1506027733,22005716,261.89,0.02000000,1
1506027729,22005709,261.83,0.02000000,0
1506027722,22005699,261.68,0.02000000,0
1506027715,22005689,263.18,0.08716467,1
1506027714,22005688,263.00,0.14000000,0
1506027714,22005687,262.97,2.30000000,0
1506027714,22005685,262.97,0.10722970,0
1506027712,22005684,262.93,1.15929474,0
1506027689,22005670,261.29,0.53143537,1
1506027689,22005669,261.85,0.06652664,1
1506027689,22005668,262.03,1.15929474,1
1506027676,22005661,262.06,0.08377075,1
1506027594,22005585,262.85,2.38000000,1
1506027593,22005583,262.14,0.06988603,0
1506027593,22005582,262.00,0.70000000,0
1506027593,22005581,262.00,0.60000000,0
1506027593,22005580,262.00,0.07800000,0
1506027592,22005579,262.00,0.13000000,0
1506027592,22005578,262.00,1.00000000,0
1506027592,22005577,262.00,0.07400000,0
1506027555,22005542,261.27,0.59944741,1
1506027553,22005540,261.41,0.53000000,0
1506027552,22005539,261.33,0.65467894,0
1506027514,22005501,261.33,0.43037400,0
1506027509,22005493,261.33,0.43037400,0
1506027505,22005489,261.33,0.85898306,0
1506027505,22005488,261.28,0.00176497,0
1506027504,22005486,261.28,0.53854523,0
1506027504,22005485,261.27,0.00176497,0
1506027499,22005482,261.27,0.20000000,0
1506027480,22005476,261.02,0.62290771,0
1506027479,22005475,260.90,4.97549984,0
1506027473,22005467,260.90,0.02450016,0
1506027473,22005466,260.89,0.20685284,0
1506027418,22005428,260.07,0.50000000,1
1506027362,22005384,260.06,0.25019500,1
1506027361,22005383,260.12,0.23000000,1
1506027302,22005353,260.10,0.02000000,0
1506027300,22005349,260.15,0.23000000,1
1506027272,22005341,260.99,0.09954716,0
1506027253,22005333,261.26,0.10569811,0
1506027183,22005296,260.03,0.60262853,1
1506027173,22005289,261.00,1.28326576,1
1506027165,22005276,261.00,2.73995000,1
1506027163,22005273,261.00,0.54531500,1
1506027161,22005270,261.00,2.96949000,1
1506027158,22005268,261.00,0.05000000,0
1506027116,22005244,260.00,14.60444356,1
1506027116,22005243,260.01,0.23000000,1
1506027116,22005242,260.02,5.16555644,1
1506027101,22005190,260.94,1.99927186,1
1506027088,22005180,260.00,0.93630000,1
1506027087,22005178,260.68,0.03824613,0
1506027086,22005176,260.01,3.38505600,1
1506027073,22005163,260.00,0.47898462,1
1506027073,22005161,260.01,0.30640000,1
1506027072,22005159,260.02,0.23000000,1
1506027064,22005141,260.03,5.18471266,1
1506027055,22005125,260.66,0.56672432,0
1506027052,22005118,260.00,18.11000000,0
1506027052,22005117,259.97,3.15108273,0
1506027038,22005084,260.34,0.49000000,1
1506027007,22005055,260.43,29.99999998,1
1506026970,22005008,260.49,4.80000000,1
1506026969,22005005,260.39,0.05000000,0
1506026969,22005003,260.14,0.05000000,0
1506026969,22005000,259.94,0.05000000,0
1506026969,22004998,259.79,0.05000000,0
1506026955,22004963,260.46,5.78424237,0
1506026953,22004956,260.48,5.00000000,1
1506026942,22004932,259.40,1.83352295,1
1506026942,22004931,259.40,76.06800000,0
1506026942,22004930,259.41,12.80377887,0
1506026942,22004929,260.48,0.54031020,1
1506026941,22004928,260.60,3.73147700,1
1506026941,22004926,260.65,5.00000000,0
1506026939,22004916,261.30,0.02291098,1
1506026930,22004897,260.60,2.86852300,1
1506026914,22004853,261.33,0.53856603,0
1506026895,22004835,260.58,0.92560483,1
1506026874,22004801,261.30,0.48854451,0
1506026825,22004766,260.28,0.48854451,0
1506026769,22004724,260.28,0.02133761,0
1506026739,22004693,259.12,0.00594140,1
1506026739,22004691,259.96,1.58278100,1
1506026712,22004658,260.28,1.27430913,1
1506026711,22004652,260.28,1.27409491,1
1506026710,22004646,260.28,1.27405515,1
1506026707,22004642,260.28,4.79667669,1
1506026705,22004636,260.28,10.92919642,1
1506026705,22004633,260.28,0.23000000,0
1506026704,22004632,259.98,1.37582303,0
1506026697,22004628,259.99,1.80400300,1
1506026692,22004620,259.99,4.40599700,1
1506026691,22004618,259.99,0.05000000,0
1506026691,22004617,259.99,0.05000000,0
1506026688,22004614,259.98,0.98359500,1
1506026687,22004613,259.98,0.23000000,1
1506026686,22004610,259.98,6.00000000,0
1506026686,22004609,259.74,0.05000000,0
1506026686,22004608,259.74,0.05000000,0
1506026686,22004607,259.54,0.05000000,0
1506026686,22004605,259.54,0.05000000,0
1506026686,22004604,259.49,0.30760000,0
1506026685,22004603,259.39,0.05000000,0
1506026685,22004601,259.39,0.05000000,0
1506026685,22004600,259.38,0.23000000,0
1506026669,22004590,259.00,0.00000047,0
1506026667,22004584,259.00,8.73090000,0
1506026653,22004577,259.00,0.13910000,0
1506026650,22004574,259.00,1.12999953,0
1506026650,22004573,259.00,0.00000047,0
1506026628,22004550,259.00,4.21718100,0
1506026628,22004549,258.96,0.05000000,0
1506026628,22004548,258.76,0.05000000,0
1506026628,22004547,258.61,0.05000000,0
1506026620,22004541,259.00,5.78281853,0
1506026618,22004530,258.17,2.86277168,0
1506026617,22004526,258.17,5.00000000,0
1506026616,22004522,258.22,0.06972832,1
1506026616,22004521,258.28,5.42000000,1
1506026616,22004520,258.42,0.07010000,1
1506026616,22004519,258.56,0.23000000,1
1506026615,22004518,258.66,4.37131551,1
1506026615,22004516,258.66,1.97608449,1
1506026586,22004504,258.43,3.34677700,0
1506026583,22004497,258.43,0.23000000,1
1506026583,22004496,258.86,0.08284000,1
1506026572,22004484,258.22,0.00035057,0
1506026571,22004483,258.22,0.06976340,0
1506026570,22004476,258.85,0.06988603,1
1506026529,22004452,258.92,5.00000000,1
1506026490,22004423,258.93,0.18667013,0
1506026466,22004369,259.03,1.07084378,1
1506026466,22004366,259.03,5.49995622,1
1506026466,22004365,259.03,0.00004378,1
1506026465,22004361,259.04,5.00566000,0
1506026463,22004352,259.04,1.08645285,0
1506026458,22004335,259.04,6.92000000,0
1506026458,22004334,259.04,6.57080000,1
1506026458,22004333,259.04,6.57080000,1
1506026456,22004329,259.05,4.91012492,1
1506026456,22004328,259.05,5.33410508,1
1506026455,22004325,259.05,1.23669492,1
1506026455,22004323,259.06,2.31276714,1
1506026455,22004320,259.06,6.48000000,1
1506026455,22004318,259.06,3.02053794,1
1506026449,22004278,259.06,1.97946206,1
1506026449,22004277,259.07,0.23000000,1
1506026449,22004276,259.07,0.10722970,1
1506026427,22004111,259.00,6.57075622,0
1506026402,22004015,258.94,1.23811699,1
1506026393,22004004,258.96,1.41185309,1
1506026393,22004003,258.96,1.00583807,1
1506026392,22004001,258.96,1.88826063,1
1506026392,22004000,258.98,0.68010200,1
1506026392,22003999,258.96,3.91590130,1
1506026391,22003997,258.97,5.00000000,1
1506026379,22003986,260.08,3.48623068,0
1506026367,22003951,259.74,1.00444050,1
1506026365,22003937,259.73,5.87074819,1
1506026349,22003795,259.73,1.20266000,1
1506026349,22003791,259.73,2.00005313,0
1506026349,22003786,259.73,12.61198637,0
1506026348,22003784,259.84,5.50000000,1
1506026348,22003783,259.91,1.58044800,1
1506026348,22003782,260.00,1.00000000,1
1506026348,22003780,260.29,1.16147374,1
1506026348,22003779,260.31,1.20181876,1
1506026305,22003648,261.00,1.42968301,1
1506026303,22003646,261.40,1.82148657,1
1506026301,22003640,261.40,0.95533990,0
1506026295,22003619,261.40,0.68466010,1
1506026289,22003593,261.39,2.40000000,0
1506026283,22003573,261.38,0.40136600,1
1506026283,22003572,261.38,1.42968300,1
1506026281,22003568,261.38,8.23862500,1
1506026280,22003567,261.40,18.60000000,0
1506026272,22003554,261.39,17.49390152,0
1506026271,22003553,261.38,1.49000000,0
1506026264,22003528,260.63,1.07220356,1
1506026263,22003525,260.63,0.18111538,1
1506026263,22003523,260.63,5.19993039,1
1506026263,22003521,260.63,2.36839947,1
1506026263,22003519,260.84,3.06470500,1
1506026263,22003517,260.84,2.43529500,1
1506026259,22003506,261.55,10.21991970,1
1506026259,22003505,261.48,5.50000000,1
1506026258,22003504,261.46,6.32179300,0
1506026258,22003501,261.41,0.05918109,0
1506026258,22003499,261.30,0.01940000,0
1506026257,22003497,261.28,0.10628957,0
1506026257,22003494,261.00,0.50000000,0
1506026257,22003493,261.00,0.30000000,0
1506026257,22003492,261.00,1.00000000,0
1506026256,22003491,260.95,6.32179300,0
1506026256,22003488,260.84,0.09708122,0
1506026255,22003486,260.65,0.40415278,0
1506026255,22003485,260.65,6.83409000,1
1506026255,22003484,260.64,0.59924833,0
1506026252,22003480,260.63,0.77408828,1
1506026229,22003450,260.00,3.64460227,0
1506026220,22003427,260.00,0.35539773,0
1506026220,22003426,260.00,0.30000000,0
1506026220,22003423,260.00,0.10000000,0
1506026220,22003421,260.00,0.45000000,0
1506026219,22003419,260.00,0.04000000,0
1506026219,22003417,260.00,0.50000000,0
1506026219,22003416,260.00,0.97577227,0
1506026210,22003409,260.00,0.50000000,0
1506026208,22003408,260.00,3.52422773,0
1506026208,22003407,260.00,0.12037427,0
1506026204,22003400,260.00,0.09907692,0
1506026190,22003384,260.00,0.08054881,0
1506026190,22003383,260.00,0.50000000,0
1506026190,22003382,260.00,0.43483581,0
1506026189,22003381,260.00,0.16516419,0
1506026189,22003379,260.00,0.07778752,0
1506026189,22003378,259.92,0.06925175,0
1506026189,22003377,259.45,0.08059236,0
1506026189,22003375,259.42,0.01950000,0
1506026189,22003374,259.31,0.06644518,0
1506026179,22003353,259.26,1.56182521,1
1506026179,22003352,259.26,8.63000000,1
1506026161,22003308,259.25,0.10000000,0
1506026157,22003299,258.74,0.98607760,1
1506026157,22003298,258.75,0.30760000,1
1506026154,22003279,258.74,0.18110500,1
1506026152,22003264,258.74,1.07333873,1
1506026145,22003243,259.00,3.00000000,0
1506026145,22003242,259.00,0.07400000,0
1506026144,22003237,258.72,0.03443118,1
1506026144,22003236,258.99,0.76290482,1
1506026143,22003234,258.99,0.30935643,1
1506026138,22003226,258.99,0.73000000,0
1506026138,22003225,258.81,0.10000000,0
1506026138,22003224,258.73,0.04637475,0
1506026123,22003196,258.73,0.03335947,0
1506026121,22003189,258.55,0.06664053,0
1506026114,22003114,258.47,0.82000000,1
1506026110,22003101,258.47,3.36433400,0
1506026110,22003100,257.94,0.87463712,0
1506026107,22003088,257.78,0.37100000,1
1506026107,22003086,257.78,0.04996688,1
1506026106,22003085,257.79,3.71925475,1
1506026106,22003083,257.79,1.28074525,1
1506026105,22003079,257.78,0.46479201,1
1506026102,22003069,257.99,0.22977910,1
1506026102,22003068,257.99,2.95022090,1
1506026102,22003066,258.46,0.18432399,1
1506026101,22003060,258.00,0.55567601,0
1506026101,22003058,258.00,0.61419086,1
1506026099,22003048,258.00,3.18000000,1
1506026098,22003042,258.00,0.15000000,0
1506026098,22003041,257.98,0.37062248,0
1506026098,22003040,257.59,1.04518666,0
1506026095,22003024,257.98,3.59003136,1
1506026094,22003019,257.98,0.07996864,0
1506026094,22003015,257.79,0.06449775,1
1506026091,22003000,257.79,0.06500704,0
1506026091,22002999,257.79,0.00183000,0
1506026085,22002982,257.46,1.33073127,1
1506026083,22002979,257.53,1.76095989,0
1506026072,22002970,257.46,1.28443031,1
1506026071,22002968,257.46,1.28483394,1
1506026069,22002965,257.46,1.28483409,1
1506026064,22002952,257.46,0.46219552,1
1506026063,22002951,257.46,0.79836170,1
1506026045,22002926,257.22,0.08020444,0
1506026009,22002898,257.02,2.59967800,0
1506025995,22002881,256.99,0.19999000,1
1506025993,22002873,257.00,4.17217899,0
1506025986,22002869,257.00,5.82782101,0
1506025972,22002853,256.98,3.52521148,0
1506025957,22002849,256.98,0.06173000,0
1506025938,22002820,256.98,1.28680120,1
1506025936,22002815,256.98,0.94854729,1
1506025933,22002807,256.98,0.76627196,1
1506025932,22002804,256.98,1.03489781,1
1506025931,22002801,256.60,0.46576619,0
1506025881,22002766,257.02,3.75405800,0
1506025879,22002758,256.60,0.24594200,0
1506025873,22002749,255.57,0.00535266,1
1506025873,22002748,256.21,1.91000000,1
1506025864,22002736,255.62,0.23000000,1
1506025860,22002734,255.62,0.29600000,0
1506025801,22002657,254.47,0.05000000,1
1506025771,22002600,254.38,0.00000173,0
1506025770,22002598,254.38,15.15519000,0
1506025768,22002593,254.38,0.29600000,1
1506025754,22002570,254.36,0.72421027,0
1506025754,22002569,254.35,0.06000000,0
1506025751,22002559,254.36,13.82459800,0
1506025748,22002556,254.36,0.45000000,0
1506025745,22002539,254.16,5.48092644,0
1506025745,22002538,254.35,0.08020444,1
1506025743,22002535,254.36,0.05000000,0
1506025733,22002526,254.36,5.00000000,1
1506025732,22002525,254.87,1.22348998,0
1506025732,22002523,254.87,0.31060000,0
1506025729,22002517,254.88,4.11000000,0
1506025725,22002514,255.02,0.53000000,1
1506025725,22002513,255.05,5.79164469,1
1506025724,22002512,255.75,4.11440860,0
1506025724,22002511,255.73,2.09877656,1
1506025724,22002510,255.73,5.50000000,1
1506025722,22002506,255.17,0.33000000,0
1506025722,22002505,255.17,0.23870582,0
1506025717,22002499,255.05,2.56319000,1
1506025713,22002491,255.05,1.04000000,1
1506025713,22002490,255.05,4.84000000,1
1506025709,22002481,255.10,0.23000000,1
1506025707,22002476,255.12,4.45000000,1
1506025701,22002461,255.13,5.50000000,1
1506025697,22002451,256.60,0.33000000,1
1506025688,22002424,255.17,4.76125500,1
1506025684,22002393,255.61,2.79299580,0
1506025675,22002355,255.61,1.99700000,0
1506025674,22002352,255.61,2.99600000,0
1506025672,22002347,255.61,1.76000000,0
1506025671,22002343,255.61,5.48454585,0
1506025671,22002342,255.61,0.31060000,0
1506025669,22002341,255.95,5.01000000,1
1506025669,22002340,255.96,5.00000000,1
1506025666,22002337,257.50,0.02130864,0
1506025661,22002334,255.05,0.76516531,1
1506025661,22002333,255.10,0.07996864,1
1506025660,22002332,255.10,0.50000000,1
1506025660,22002331,255.11,0.24286272,1
1506025660,22002330,255.11,1.10000000,1
1506025660,22002329,255.73,3.05270000,1
1506025660,22002328,255.73,3.05270000,1
1506025660,22002327,255.85,0.07973422,1
1506025660,22002326,255.94,5.50000000,1
1506025659,22002325,256.60,0.08059236,1
1506025659,22002324,256.66,1.45962243,1
1506025659,22002323,256.66,2.33773242,1
1506025659,22002322,256.82,1.58636900,1
1506025658,22002321,257.00,2.00000000,1
1506025654,22002316,257.53,1.76099061,1
1506025653,22002315,257.53,2.27067599,1
1506025653,22002314,257.53,1.78093000,1
1506025652,22002311,257.61,10.05280385,1
1506025652,22002308,257.61,0.43000000,0
1506025652,22002306,257.61,7.09000000,1
1506025652,22002301,257.54,3.54188400,1
1506025650,22002299,257.54,1.28616955,1
1506025650,22002295,257.54,0.01970000,0
1506025648,22002290,257.53,3.54034571,1
1506025630,22002280,257.02,7.09000000,1
1506025630,22002278,257.03,0.06703470,0
1506025629,22002277,257.02,7.09000000,1
1506025602,22002258,256.66,3.54022172,0
1506025599,22002251,256.66,6.45977828,0
1506025597,22002242,256.60,6.46705769,0
1506025597,22002240,256.60,13.53294231,0
1506025597,22002239,256.59,13.40705769,0
1506025597,22002238,256.59,3.06000000,0
1506025578,22002182,255.70,3.05265352,0
1506025577,22002180,255.70,12.87481424,0
1506025575,22002176,255.70,13.63196000,0
1506025574,22002175,255.70,11.45149400,0
1506025564,22002158,255.70,4.59906140,0
1506025560,22002155,255.70,1.48516500,0
1506025556,22002154,255.70,0.96145200,0
1506025548,22002141,255.61,0.10000000,1
1506025543,22002138,255.70,0.18787641,0
1506025537,22002126,255.70,1.75552343,0
1506025537,22002125,255.60,7.28554757,0
1506025536,22002124,255.60,5.00000000,0
1506025532,22002120,255.60,17.81614100,0
1506025530,22002115,255.60,22.81779500,0
1506025529,22002114,255.59,1.04000000,0
1506025519,22002103,255.58,0.55000000,0
1506025519,22002101,255.30,4.10000000,1
1506025518,22002100,255.30,2.35017626,0
1506025512,22002089,255.28,1.31488494,1
1506025512,22002087,255.28,3.00302000,1
1506025511,22002086,255.60,0.78051643,0
1506025511,22002085,255.55,1.72124649,1
1506025510,22002084,255.55,8.31138900,0
1506025509,22002082,255.55,1.68861100,0
1506025507,22002080,255.27,2.70500000,1
1506025506,22002077,255.27,0.29500000,0
1506025487,22002056,254.37,7.82087100,1
1506025487,22002055,254.35,0.11358000,1
1506025487,22002054,254.35,5.00000000,1
1506025468,22002028,254.28,3.37808000,1
1506025467,22002025,254.28,1.97050400,1
1506025458,22002018,253.67,10.27933067,1
1506025458,22002017,253.68,2.36519396,1
1506025458,22002016,253.90,0.10000000,1
1506025458,22002015,253.90,0.10000000,1
1506025458,22002013,253.94,1.41043600,1
1506025458,22002011,254.01,0.05003937,1
1506025457,22002010,254.10,0.10000000,1
1506025457,22002009,254.10,0.10000000,1
1506025457,22002008,254.15,5.00000000,1
1506025457,22002007,254.25,0.10000000,1
1506025457,22002006,254.25,0.10000000,1
1506025457,22002005,254.38,0.29500000,1
1506025451,22001991,254.35,0.02066987,0
1506025451,22001990,254.35,5.45464610,0
1506025451,22001989,254.35,18.02643200,0
1506025450,22001982,254.35,0.23000000,0
1506025449,22001979,254.35,1.13072538,0
1506025448,22001976,254.35,8.90446235,0
1506025447,22001972,254.35,30.00000000,0
1506025445,22001969,254.35,0.43976898,0
1506025444,22001967,254.34,2.35904695,0
1506025439,22001958,254.35,128.22879900,0
1506025438,22001956,254.35,0.57138900,0
1506025438,22001955,254.34,0.51000000,0
1506025437,22001954,254.35,2.99408100,0
1506025427,22001935,254.35,2.43463900,0
1506025427,22001933,254.35,4.94742588,0
1506025426,22001932,254.34,0.61000000,0
1506025426,22001931,254.34,2.46504784,0
1506025413,22001924,254.34,0.10027478,1
1506025413,22001923,254.34,4.55688986,1
1506025411,22001922,254.34,0.73000000,1
1506025408,22001920,254.34,7.09000000,1
1506025407,22001915,254.34,7.09000000,1
1506025406,22001914,254.35,9.51205900,0
1506025397,22001902,254.34,0.86000000,1
1506025397,22001899,254.34,5.81257000,1
1506025396,22001898,254.34,2.71743500,1
1506025396,22001897,254.34,1.46999500,1
1506025389,22001887,254.35,0.20023000,0
1506025385,22001881,254.35,36.48093000,0
1506025384,22001880,254.34,1.02000000,1
1506025383,22001878,254.35,0.20000000,0
1506025377,22001871,254.35,2.35904200,0
1506025376,22001868,254.35,11.14900800,0
1506025372,22001861,254.34,1.22000000,1
1506025371,22001860,254.35,9.05284300,0
1506025365,22001857,254.35,15.96476700,0
1506025360,22001852,254.35,3.86054014,0
1506025359,22001851,254.34,5.00000000,1
1506025358,22001850,254.34,1.45000000,1
1506025345,22001834,254.34,1.72000000,1
1506025334,22001816,254.35,0.13974900,0
1506025333,22001815,254.34,2.04000000,0
1506025331,22001812,254.35,10.82454000,0
1506025330,22001810,254.34,0.29500000,1
1506025328,22001803,254.35,1.09860144,0
1506025327,22001798,254.35,4.23088104,0
1506025326,22001792,254.35,15.51168800,0
1506025325,22001785,254.34,0.27972022,0
1506025324,22001780,254.34,2.14027978,0
1506025324,22001778,254.00,1.41044100,0
1506025324,22001775,253.98,11.88000000,0
1506025324,22001773,253.97,1.97050922,0
1506025321,22001771,254.30,1.58955900,1
1506025318,22001766,253.36,25.62828788,1
1506025318,22001765,254.00,0.29500000,1
1506025317,22001764,254.00,4.07671212,1
1506025313,22001758,254.35,2.75600000,0
1506025313,22001757,254.30,0.76582174,1
1506025312,22001756,254.35,1.29675269,0
1506025312,22001755,254.34,2.88000000,0
1506025312,22001754,254.31,1.63024731,0
1506025311,22001751,254.30,0.50000000,1
1506025304,22001745,254.31,1.41443900,0
1506025294,22001740,254.30,0.23000000,1
1506025292,22001739,254.30,2.40584034,0
1506025281,22001722,254.31,1.29041800,0
1506025267,22001700,253.74,2.36471840,1
1506025250,22001681,253.74,1.31041800,0
1506025247,22001676,253.83,2.76000000,1
1506025246,22001674,253.76,5.00000000,1
1506025237,22001664,253.42,29.95968493,1
1506025235,22001663,253.83,0.04031507,1
1506025170,22001622,253.77,0.81316954,0
1506025163,22001611,253.76,0.20000000,1
1506025156,22001602,253.83,0.19363487,0
1506025155,22001601,253.83,0.85293306,0
1506025151,22001596,253.34,6.24348675,1
1506025150,22001595,253.60,0.06703470,1
1506025150,22001594,253.77,2.36784980,1
1506025149,22001591,253.82,0.53624800,0
1506025149,22001590,253.82,2.78538075,1
1506025148,22001588,253.83,4.75000000,0
1506025147,22001584,253.82,0.16091429,1
1506025146,22001581,253.83,1.58365400,0
1506025146,22001580,253.83,0.10000000,0
1506025145,22001575,253.83,8.03035380,0
1506025145,22001574,253.82,1.00000000,1
1506025136,22001567,253.83,0.23000000,1
1506025125,22001551,254.09,1.88374639,0
1506025122,22001543,253.82,0.11179296,1
1506025122,22001542,254.35,0.06500704,1
1506025113,22001539,254.36,2.35414373,0
1506025106,22001531,254.36,0.46525000,0
1506025094,22001518,254.36,0.28686100,0
1506025078,22001500,254.35,0.00183000,1
1506025078,22001499,254.36,2.61000000,1
1506025069,22001494,254.36,0.05000000,0
1506025068,22001493,254.76,4.84000000,0
1506025068,22001491,254.76,5.50000000,0
1506025066,22001490,255.10,0.06664053,1
1506025066,22001488,255.85,0.06644518,1
1506025063,22001473,253.34,31.53750000,1
1506025063,22001472,253.96,0.10000000,1
1506025063,22001471,254.45,0.29400000,1
1506025063,22001470,254.77,5.50000000,1
1506025062,22001469,255.87,0.06925175,0
1506025062,22001468,255.87,6.38000000,0
1506025062,22001467,255.86,5.50000000,0
1506025061,22001466,255.81,4.84000000,0
1506025061,22001465,255.35,1.94378280,0
1506025060,22001463,257.53,0.40593328,1
1506025060,22001462,257.13,6.34571100,0
1506025060,22001461,257.01,0.06054732,0
1506025059,22001460,257.01,0.00700000,0
1506025059,22001459,257.01,7.09000000,1
1506025059,22001458,256.47,0.43000000,0
1506025058,22001457,256.00,0.54000000,0
1506025058,22001456,256.00,7.09000000,1
1506025058,22001454,255.97,5.50000000,0
1506025058,22001449,255.90,4.84000000,0
1506025057,22001447,255.89,0.49000000,1
1506025057,22001446,255.89,6.34571100,0
1506025057,22001445,255.89,7.09000000,1
1506025056,22001444,255.37,0.07040857,0
1506025056,22001443,255.32,2.44000000,1
1506025056,22001442,254.77,0.06723692,0
1506025054,22001440,254.76,0.23000000,0
1506025016,22001409,254.73,1.33635614,1
1506025016,22001408,254.66,6.34571100,0
1506025016,22001407,254.54,0.05000000,0
1506025015,22001405,254.39,0.05000000,0
1506025015,22001401,254.21,0.05000000,0
1506025014,22001400,254.06,0.00561434,0
1506024997,22001384,254.06,6.49203144,0
1506024997,22001380,254.06,4.95281566,0
1506024985,22001364,252.94,0.42956700,1
1506024985,22001363,252.94,5.00000000,1
1506024984,22001361,252.93,0.54423000,1
1506024953,22001340,254.01,5.64000000,0
1506024950,22001337,252.92,5.99256676,1
1506024950,22001336,253.60,0.06054732,1
1506024944,22001331,254.06,18.54953856,0
1506024944,22001330,254.05,11.83000000,0
1506024944,22001329,254.03,10.96437866,0
1506024937,22001324,253.60,0.00700000,1
1506024937,22001323,254.00,10.00000000,1
1506024922,22001304,254.05,0.12619672,0
1506024922,22001303,254.01,0.06743815,0
1506024910,22001290,253.98,2.36094644,0
1506024890,22001270,254.00,0.41000000,0
1506024885,22001252,250.01,7.47264319,1
1506024885,22001250,250.02,0.10000000,1
1506024885,22001249,250.05,0.29918016,1
1506024885,22001247,250.10,0.05000000,1
1506024885,22001246,250.12,10.00000000,1
1506024885,22001245,250.20,0.03000000,1
1506024885,22001244,250.60,0.06743815,1
1506024885,22001243,250.60,1.77015163,1
1506024884,22001242,251.00,0.15000000,1
1506024884,22001241,251.00,0.03800000,1
1506024884,22001240,251.00,0.50000000,1
1506024884,22001239,251.00,0.20000000,1
1506024884,22001238,251.00,36.11403927,1
1506024884,22001237,251.11,0.50000000,1
1506024884,22001235,251.11,1.00000000,1
1506024884,22001233,251.15,0.10617825,1
1506024884,22001232,251.19,0.03810000,1
1506024883,22001231,251.26,0.02002000,1
1506024883,22001230,251.35,0.06723692,1
1506024883,22001228,251.37,0.05215420,1
1506024883,22001227,251.96,5.50000000,1
1506024883,22001226,252.00,10.00000000,1
1506024883,22001225,252.00,4.80158730,1
1506024883,22001224,252.00,0.20000000,1
1506024883,22001223,252.00,1.10306875,1
1506024883,22001222,252.00,0.07400000,1
1506024883,22001221,252.00,1.00000000,1
1506024882,22001220,252.01,11.95000000,1
1506024882,22001219,252.01,2.38070928,1
1506024882,22001218,252.01,3.20000000,1
1506024882,22001217,252.10,0.07040857,1
1506024882,22001216,253.00,2.14508433,1
1506024880,22001212,253.00,2.19001998,1
1506024880,22001211,253.66,1.52797002,1
1506024879,22001210,253.66,2.02594485,0
1506024879,22001209,253.35,0.42608513,0
1506024878,22001208,253.44,0.19363487,1
1506024876,22001205,253.66,0.19363000,1
1506024875,22001204,253.66,0.66000000,0
1506024873,22001198,253.01,10.38036654,0
1506024873,22001197,252.98,3.28000000,0
1506024873,22001196,252.97,9.94000000,0
1506024873,22001195,252.96,17.70928018,0
1506024870,22001194,252.69,0.00066500,0
1506024860,22001184,252.69,1.20523129,1
1506024859,22001180,252.69,0.00066500,1
1506024859,22001179,252.95,0.95000000,1
1506024855,22001161,252.95,3.89000000,0
1506024852,22001158,252.33,0.00528371,0
1506024849,22001152,252.69,4.91000000,1
1506024849,22001151,252.69,2.63173629,1
1506024847,22001148,252.95,1.97000000,0
1506024846,22001146,252.69,0.50000000,1
1506024844,22001137,252.69,1.70826371,0
1506024842,22001134,252.68,1.14827967,1
1506024841,22001130,252.68,2.37454488,0
1506024838,22001115,252.69,5.50000000,0
1506024829,22001102,252.69,1.14776643,0
1506024812,22001022,252.39,0.26123000,1
1506024807,22000999,252.12,0.58570775,1
1506024806,22000995,252.17,0.10000000,1
1506024806,22000993,252.30,0.61346576,1
1506024806,22000992,252.31,0.26082649,1
1506024804,22000986,252.39,0.30000000,0
1506024798,22000976,252.96,11.04134777,0
1506024798,22000975,252.96,1.24937205,0
1506024790,22000949,253.01,1.89081000,0
1506024789,22000944,252.39,12.31651907,0
1506024788,22000938,252.39,0.39323300,0
1506024788,22000936,252.39,1.74302876,0
1506024787,22000934,252.39,4.09893950,0
1506024768,22000897,252.30,0.67323051,1
1506024767,22000895,252.38,0.10000000,1
1506024767,22000894,253.08,0.00141256,1
1506024765,22000885,252.80,1.26000000,0
1506024764,22000884,252.56,2.59000000,0
1506024763,22000883,252.56,2.15000000,1
1506024760,22000878,252.80,2.80000000,1
1506024758,22000868,252.88,0.10000000,1
1506024755,22000861,252.94,0.10000000,1
1506024753,22000854,253.00,0.50000000,1
1506024752,22000853,253.00,0.20000000,1
1506024752,22000852,253.00,1.41848200,1
1506024752,22000851,253.01,0.23000000,1
1506024751,22000846,253.00,0.95435600,1
1506024745,22000832,253.00,8.62716200,1
1506024744,22000830,253.00,8.00000000,1
1506024744,22000829,253.00,0.45000000,1
1506024744,22000828,253.00,0.60000000,1
1506024744,22000827,253.00,0.20000000,1
1506024744,22000826,253.00,1.05000000,1
1506024744,22000825,253.00,0.57256820,1
1506024741,22000820,253.00,0.92743180,1
1506024740,22000818,253.00,0.60000000,1
1506024740,22000815,253.00,0.40000000,1
1506024740,22000814,253.01,6.00000000,1
1506024740,22000813,253.02,2.37000000,1
1506024740,22000811,253.12,0.01987000,1
1506024740,22000810,253.39,0.18296800,1
1506024737,22000806,253.39,4.40738300,1
1506024730,22000785,253.45,2.38587493,0
1506024725,22000776,253.45,0.32531900,0
1506024721,22000761,253.45,0.74897800,0
1506024719,22000749,253.45,0.67256600,0
1506024716,22000726,253.22,5.50000000,1
1506024714,22000724,253.22,6.90666626,1
1506024714,22000723,253.23,2.58000000,1
1506024714,22000722,253.44,1.53000000,1
1506024712,22000717,253.31,1.19000000,0
1506024708,22000696,253.31,1.79000000,0
1506024708,22000694,253.31,3.48000000,0
1506024706,22000685,253.31,0.23000000,1
1506024706,22000683,253.32,4.84000000,1
1506024698,22000677,253.32,0.72007131,1
1506024676,22000642,253.29,1.79108189,1
1506024676,22000641,253.30,7.09000000,1
1506024669,22000630,253.93,0.09700000,0
1506024661,22000600,253.93,0.60173700,0
1506024649,22000557,253.93,3.87404434,0
1506024630,22000503,253.21,0.10000000,1
1506024611,22000444,253.94,1.06456300,0
1506024609,22000437,253.94,2.03638655,0
1506024609,22000434,253.94,2.92092764,0
1506024608,22000433,253.94,0.23118235,0
1506024599,22000390,253.20,3.09101375,0
1506024599,22000386,253.20,0.39174900,0
1506024599,22000384,253.20,1.31168587,0
1506024597,22000378,253.20,0.16299000,0
1506024597,22000377,253.20,1.31158524,0
1506024595,22000366,253.20,37.66961248,1
1506024595,22000365,253.20,27.30178750,1
1506024595,22000364,253.22,5.50000000,1
1506024595,22000363,253.86,1.58635700,1
1506024594,22000362,253.95,0.70773500,0
1506024588,22000293,253.96,2.32048549,1
1506024588,22000290,253.98,0.19765335,1
1506024574,22000221,255.00,0.44948000,0
1506024571,22000214,253.98,1.07014795,0
1506024570,22000211,253.98,0.50211700,0
1506024570,22000209,253.98,8.57141600,0
1506024569,22000207,253.98,9.12892800,0
1506024569,22000205,253.98,1.30839105,0
1506024568,22000198,253.98,0.10000000,0
1506024567,22000195,253.98,0.23000000,1
1506024567,22000193,253.98,7.09000000,1
1506024562,22000176,255.00,0.76190680,0
1506024554,22000164,254.96,1.93863951,0
1506024554,22000163,254.96,0.37263688,0
1506024551,22000156,253.96,1.02253443,1
1506024551,22000155,253.97,0.97646557,1
1506024548,22000146,254.98,1.98000000,0
1506024548,22000144,254.97,0.23000000,0
1506024542,22000135,254.55,1.29052584,0
1506024542,22000132,254.55,0.31190000,0
1506024536,22000108,254.36,6.80738409,0
1506024535,22000100,254.36,1.30816591,0
1506024530,22000063,253.92,3.71565217,0
1506024529,22000058,253.20,26.40231889,1
1506024528,22000057,253.21,0.50000000,0
1506024528,22000054,253.22,0.03780000,1
1506024528,22000051,253.28,0.19689672,1
1506024528,22000050,253.33,0.10000000,1
1506024527,22000048,253.44,0.10000000,1
1506024527,22000047,253.45,2.49000000,0
1506024527,22000046,253.50,1.00000000,1
1506024526,22000045,253.51,0.28076439,1
1506024526,22000039,254.00,2.52000000,1
1506024526,22000038,254.00,6.13802000,0
1506024525,22000036,254.17,1.54000000,1
1506024525,22000035,254.36,5.50000000,1
1506024525,22000033,254.42,0.55000000,1
1506024524,22000031,254.49,4.84000000,1
1506024520,22000018,254.57,5.95519558,1
1506024520,22000017,254.59,0.50000000,1
1506024519,22000016,254.98,0.10000000,1
1506024519,22000015,254.99,0.01972626,1
1506024519,22000013,255.05,7.09000000,1
1506024519,22000010,255.05,0.53089912,1
1506024519,22000008,255.14,0.31190000,1
1506024518,22000007,255.16,7.37672904,1
1506024514,21999986,255.05,0.46910088,1
1506024514,21999985,255.07,2.73000000,1
1506024514,21999982,255.13,0.10000000,1
1506024510,21999971,255.23,4.74000000,1
1506024496,21999953,255.57,0.09504000,1
1506024474,21999901,255.57,0.00496000,1
1506024474,21999899,256.01,3.25000000,1
1506024473,21999898,256.01,1.93000000,1
1506024473,21999897,256.01,1.91000000,1
1506024469,21999889,256.01,3.25000000,1
1506024469,21999888,256.01,1.69000000,1
1506024468,21999887,256.01,0.24000000,1
1506024467,21999886,256.01,0.32000000,1
1506024467,21999885,256.01,4.84000000,1
1506024466,21999884,256.00,1.69654322,1
1506024465,21999881,256.00,5.39345678,1
1506024465,21999880,256.00,0.10654322,1
1506024460,21999875,256.00,0.89345678,1
1506024458,21999871,256.01,0.23000000,1
1506024443,21999853,256.37,1.58590600,1
1506024442,21999851,256.97,0.78558481,1
1506024442,21999850,256.97,0.29100000,1
1506024442,21999849,256.86,0.05000000,0
1506024441,21999848,256.71,0.05000000,0
1506024441,21999847,256.65,0.29000000,0
1506024441,21999846,256.65,0.23000000,0
1506024439,21999845,256.64,0.09000000,0
1506024436,21999841,256.63,0.30000000,0
1506024409,21999820,256.61,0.19564877,1
1506024393,21999807,256.61,1.00000000,1
1506024321,21999736,256.32,3.35513928,1
1506024305,21999720,256.24,0.23000000,1
1506024273,21999694,256.22,5.00000000,1
1506024217,21999618,257.00,0.10000000,0
1506024196,21999604,257.08,4.14355900,0
1506024188,21999599,256.03,3.47420500,1
1506024188,21999597,256.03,1.58579500,1
1506024188,21999596,256.50,0.10000000,1
1506024188,21999595,256.79,4.84000000,1
1506024183,21999588,257.13,0.53141566,0
1506024165,21999583,256.96,13.73532510,1
1506024165,21999581,256.90,6.23325924,0
1506024165,21999580,256.79,9.50000000,0
1506024156,21999577,256.79,5.50000000,1
1506024141,21999563,256.90,0.00000017,1
1506024133,21999546,256.90,4.80936800,1
1506024132,21999542,256.90,54.19063183,1
1506024132,21999541,256.91,2.48000000,1
1506024132,21999540,256.91,2.32936817,1
1506024131,21999539,256.92,4.84000000,1
1506024125,21999530,257.01,4.00000000,1
1506024123,21999526,257.00,4.34012108,0
1506024114,21999511,256.90,1.00000000,1
1506024088,21999500,257.00,0.60694000,0
1506024087,21999498,257.00,0.55000000,0
1506024087,21999497,257.00,1.56554292,0
1506024084,21999492,257.00,5.45000000,0
1506024084,21999491,257.00,0.02958853,0
1506024066,21999456,256.91,0.05000000,0
1506024053,21999453,256.51,4.41509000,1
1506024053,21999452,256.57,0.50000000,1
1506024006,21999379,256.52,0.09000000,1
1506024006,21999378,257.00,0.11000000,1
1506023990,21999374,257.83,3.54574540,0
1506023989,21999373,257.72,0.05000000,0
1506023989,21999372,257.52,0.05000000,0
1506023989,21999371,257.37,0.05000000,0
1506023908,21999306,256.98,1.20108000,0
1506023906,21999305,256.98,0.29100000,0
1506023903,21999300,257.51,1.18481528,0
1506023903,21999299,256.97,0.17882500,0
1506023902,21999298,257.01,0.05000000,1
1506023902,21999297,257.78,1.14519132,1
1506023902,21999296,257.73,4.84000000,0
1506023901,21999295,257.70,0.05000000,0
1506023901,21999294,257.70,1.49213000,1
1506023901,21999293,257.52,0.22940138,0
1506023901,21999292,257.52,1.72059862,0
1506023900,21999290,257.51,2.24327730,0
1506023810,21999263,256.45,2.72879392,1
1506023809,21999262,257.70,0.51672270,0
1506023809,21999261,257.33,0.29100000,0
1506023807,21999259,256.44,0.30780000,1
1506023799,21999255,256.85,0.01958341,1
1506023796,21999254,257.26,1.58545700,1
1506023794,21999252,257.33,3.70117654,1
1506023792,21999248,257.33,4.73000000,1
1506023786,21999242,257.33,3.84000000,1
1506023782,21999239,257.41,0.10628957,1
1506023765,21999216,258.22,0.20000000,0
1506023760,21999208,257.50,0.20001900,1
1506023758,21999202,257.51,2.46900000,1
1506023758,21999201,257.67,0.29100000,1
1506023680,21999114,258.42,2.03391206,0
1506023670,21999099,257.82,0.35816739,0
1506023669,21999097,257.82,0.55006318,0
1506023665,21999091,257.82,8.08844433,0
1506023664,21999089,257.82,2.03609747,0
1506023663,21999088,257.82,2.75823281,0
1506023663,21999087,257.81,0.29100000,0
1506023657,21999083,257.82,3.40000000,0
1506023656,21999077,257.82,7.93631214,0
1506023655,21999070,257.82,1.29319995,0
1506023654,21999064,257.82,12.82866600,0
1506023650,21999049,258.10,0.06780318,1
1506023650,21999048,258.10,0.00246524,1
1506023650,21999047,258.10,0.99753476,1
1506023650,21999046,258.21,0.29100000,1
1506023650,21999045,258.26,0.20000514,1
1506023648,21999042,258.26,0.20000000,0
1506023601,21998987,258.55,0.32718513,0
1506023600,21998986,258.55,0.20681487,0
1506023581,21998965,258.68,6.25419344,1
1506023581,21998964,258.68,7.91799762,1
1506023581,21998963,259.65,5.00000000,1
1506023567,21998945,258.64,0.40796632,1
1506023567,21998944,258.65,0.30780000,1
1506023567,21998942,258.66,0.10000000,1
1506023567,21998941,258.68,0.28301060,1
1506023567,21998940,258.90,0.23000000,1
1506023549,21998917,258.68,4.92851338,1
1506023547,21998915,258.85,0.06783852,1
1506023546,21998913,258.96,0.10000000,1
1506023546,21998911,259.21,0.10000000,1
1506023546,21998909,259.22,0.23000000,1
1506023538,21998891,259.92,7.59085350,0
1506023537,21998888,259.41,0.10000000,1
1506023522,21998865,259.57,1.91986749,1
1506023510,21998854,259.55,0.10000000,0
1506023501,21998850,259.56,0.42508090,0
1506023483,21998837,259.58,1.18697522,0
1506023473,21998828,259.66,0.18314043,0
1506023473,21998826,259.61,1.92872439,0
1506023460,21998804,259.24,1.71000000,0
1506023456,21998794,259.61,2.57332383,0
1506023456,21998791,259.61,0.33795178,0
1506023456,21998789,259.42,0.01950000,0
1506023456,21998788,259.41,0.52000000,0
1506023456,21998787,259.30,0.05000000,0
1506023455,21998786,259.25,0.06761774,0
1506023455,21998785,259.10,0.00246524,0
1506023455,21998784,259.10,0.99753476,0
1506023455,21998783,258.89,2.58000000,0
1506023454,21998782,258.86,0.25853306,0
1506023454,21998781,258.86,6.83146694,0
1506023449,21998777,258.87,4.84190892,0
1506023437,21998748,258.90,1.00000000,1
1506023418,21998725,259.00,4.34021579,1
1506023418,21998724,259.00,3.06000000,1
1506023417,21998722,258.80,0.05000000,0
1506023417,21998721,258.49,0.06781654,0
1506023417,21998720,258.46,5.38936347,0
1506023417,21998719,258.00,2.64000000,0
1506023417,21998718,258.00,4.45260420,0
1506023415,21998715,258.00,2.63739580,1
1506023415,21998714,258.46,0.94989553,0
1506023415,21998713,258.45,0.29000000,1
1506023414,21998712,258.00,2.91000000,1
1506023414,21998711,258.00,4.18780894,1
1506023413,21998707,258.00,2.90219106,1
1506023412,21998704,258.00,2.09000000,1
1506023412,21998703,258.01,5.00000000,1
1506023411,21998701,258.00,7.09000000,1
1506023410,21998699,258.00,7.09000000,1
1506023404,21998683,257.65,4.79826300,0
1506023403,21998682,257.65,0.38002000,0
1506023403,21998681,257.65,0.47171700,0
1506023401,21998678,257.65,0.29000000,0
1506023400,21998674,257.65,1.15000000,1
