date,tid,price,amount,type
1506038125,22014308,1.18966,548.08996,0
1506038124,22014306,1.18900,0.09801,0
1506037870,22014237,1.18519,88.91833,1
1506037864,22014226,1.18516,88.90000,1
1506037863,22014224,1.18516,10.94347,1
1506037863,22014222,1.18517,390.00000,1
1506037863,22014221,1.18755,0.01834,1
1506037862,22014219,1.18755,88.89999,1
1506036988,22013845,1.18900,19.50381,0
1506036986,22013834,1.18900,16.61313,0
1506036985,22013833,1.18900,216.26562,0
1506036974,22013822,1.18900,225.30660,0
1506036918,22013767,1.18900,66.19369,0
1506036916,22013758,1.18900,1198.61303,0
1506036914,22013740,1.18900,885.72664,0
1506036911,22013723,1.18899,0.12049,0
1506036910,22013718,1.18899,66.60797,0
1506036778,22013637,1.18691,0.00332,1
1506036776,22013634,1.18691,66.72790,1
1506036775,22013631,1.18690,66.39756,1
1506036660,22013580,1.18900,1915.47316,0
1506036546,22013525,1.18900,154.74085,0
1506036543,22013524,1.18900,301.46546,0
1506036542,22013522,1.18899,0.31510,0
1506036540,22013518,1.18899,62.70489,0
1506035726,22012992,1.18515,9.91700,1
1506035726,22012991,1.18517,76.14300,1
1506035723,22012990,1.18515,98.32823,1
1506035723,22012989,1.18515,119.96775,1
1506035715,22012972,1.18515,23.23012,1
1506035715,22012970,1.18515,103.20000,1
1506035715,22012969,1.18519,10.96973,1
1506035714,22012968,1.18520,81.11480,1
1506035709,22012957,1.18526,81.46410,1
1506035705,22012936,1.18526,6.50954,1
1506035705,22012934,1.18527,81.78687,1
1506035700,22012919,1.18532,82.12383,1
1506035699,22012916,1.18531,82.14729,1
1506035673,22012871,1.18633,82.37663,1
1506035109,22012427,1.18997,204.69000,0
1506035104,22012423,1.18522,31.75999,0
1506035103,22012421,1.18517,10.95472,0
1506035101,22012416,1.18524,42.55032,0
1506035099,22012414,1.18515,100.08089,0
1506035099,22012413,1.18838,10.94869,1
1506035084,22012382,1.18512,8216.47549,1
1506035083,22012381,1.18513,7932.82440,1
1506035083,22012380,1.18513,12.22034,0
1506035083,22012379,1.18514,740.13395,1
1506035083,22012378,1.18514,599.57228,1
1506035083,22012377,1.18514,667.73761,1
1506035083,22012376,1.18514,34.02481,1
1506035082,22012375,1.18514,667.44022,1
1506035082,22012374,1.18514,557.36000,1
1506035082,22012373,1.18514,11.00495,1
1506035082,22012372,1.18514,63.83470,1
1506035082,22012370,1.18514,20.24447,1
1506035082,22012368,1.18514,78.46055,1
1506035082,22012366,1.18514,10.95499,0
1506035081,22012362,1.18515,4013.37305,1
1506035081,22012361,1.18515,58.07820,0
1506035081,22012359,1.18516,152.41603,1
1506035079,22012358,1.18836,100.34396,1
1506034929,22012303,1.18998,97.67071,0
1506034901,22012283,1.18827,5.32887,1
1506034901,22012281,1.18827,12.56320,1
1506034901,22012280,1.18827,12.56320,1
1506034900,22012279,1.18998,299.43572,0
1506034898,22012274,1.18517,12.56322,0
1506034897,22012273,1.18538,102.08678,1
1506034792,22012191,1.18536,80.04000,1
1506034733,22012110,1.18522,85.66001,0
1506034733,22012107,1.18522,370.94999,1
1506034716,22012083,1.18519,553.54488,1
1506034698,22012051,1.18525,103.24259,1
1506034697,22012046,1.18526,103.23561,1
1506034692,22012018,1.18524,128.03712,0
1506034692,22012014,1.18526,103.24259,1
1506034688,22012006,1.18526,311.93072,1
1506034680,22011988,1.18515,157.86644,1
1506034679,22011987,1.18524,14.38039,1
1506034677,22011980,1.18524,98.92000,1
1506034674,22011974,1.18524,115.57070,1
1506034638,22011888,1.18515,452.64701,1
1506034637,22011887,1.18516,177.19732,1
1506034637,22011886,1.18517,392.80268,1
1506034637,22011885,1.18526,115.39567,0
1506034637,22011884,1.18517,177.19732,1
1506034592,22011803,1.18527,119.72969,1
1506034590,22011801,1.18516,1022.03399,0
1506034590,22011799,1.18516,179.59453,1
1506034590,22011798,1.18517,600.00000,1
1506034590,22011797,1.18526,119.72969,1
1506034590,22011796,1.18527,510.00000,1
1506034546,22011750,1.18832,122.18881,1
1506034067,22011550,1.19000,22.51856,0
1506034061,22011547,1.19000,311.13646,0
1506034061,22011546,1.19000,517.58354,0
1506034058,22011542,1.19000,21.93603,0
1506033970,22011501,1.19000,193.91000,0
1506033962,22011491,1.19000,369.06067,0
1506033946,22011464,1.19000,121.81188,0
1506033945,22011461,1.19000,272.33000,0
1506033909,22011455,1.19000,23.45134,0
1506033902,22011447,1.19000,23.38601,0
1506033902,22011444,1.19000,23.37000,0
1506033898,22011440,1.19000,333.36000,0
1506033897,22011436,1.19000,24.31815,0
1506033895,22011430,1.19000,74.10000,0
1506033678,22011373,1.19000,18.22890,0
1506033670,22011364,1.19000,16.73601,0
1506033670,22011363,1.18970,1.47429,0
1506033408,22011229,1.18970,1787.71683,0
1506033185,22011103,1.18970,2952.72971,0
1506032634,22010834,1.18970,80.00219,0
1506032625,22010824,1.18970,18.21698,0
1506032623,22010821,1.18970,159.86000,0
1506032502,22010767,1.18998,544.30000,0
1506032501,22010765,1.18998,822.44000,0
1506032399,22010701,1.18998,172.86170,0
1506032395,22010699,1.18998,10.99087,0
1506032279,22010645,1.18998,11.00556,0
1506032279,22010643,1.18998,1172.28000,0
1506032278,22010641,1.18998,29.72000,0
1506031538,22010192,1.19000,451.07000,0
1506031537,22010189,1.19000,798.36000,0
1506031536,22010185,1.18998,19.83839,0
1506031532,22010170,1.18998,8.81788,0
1506031529,22010164,1.18998,8.81788,0
1506031526,22010159,1.19000,15.43162,0
1506031524,22010154,1.19000,176.84873,0
1506031523,22010148,1.19000,11.02258,0
1506031520,22010144,1.19000,46.40772,0
1506031520,22010143,1.19000,599.57228,0
1506031512,22010133,1.18998,176.72000,1
1506031509,22010130,1.18998,822.70000,0
1506031490,22010124,1.19000,667.73761,0
1506031488,22010120,1.18998,1212.57000,0
1506031456,22010096,1.18998,63.71701,0
1506031452,22010091,1.18998,63.71648,0
1506031450,22010088,1.19000,34.02481,0
1506031449,22010086,1.19000,667.44022,0
1506031447,22010081,1.19000,557.36000,0
1506031447,22010078,1.18970,430.53185,0
1506031447,22010076,1.18970,489.99000,0
1506031446,22010071,1.18969,279.60532,0
1506031445,22010064,1.18970,323.66000,0
1506031443,22010059,1.18970,280.47467,0
1506031443,22010056,1.18970,667.11076,0
1506031442,22010050,1.18970,371.80000,0
1506031441,22010043,1.18970,558.05176,0
1506031346,22009968,1.18517,37.06055,0
1506031345,22009967,1.18517,19.11000,0
1506031337,22009963,1.18662,100.00000,1
1506031240,22009905,1.18970,1878.38096,0
1506031074,22009836,1.18998,18.21099,0
1506031062,22009827,1.19000,11.00495,0
1506031039,22009818,1.19000,63.83470,0
1506031037,22009816,1.18998,53.72550,0
1506031016,22009804,1.19000,20.24447,0
1506031013,22009803,1.18996,9.24846,0
1506031012,22009802,1.19000,78.46055,0
1506031012,22009800,1.18997,878.75945,0
1506031011,22009799,1.18997,121.24055,0
1506030856,22009695,1.19000,17.69389,0
1506030856,22009690,1.19000,149.66341,0
1506030850,22009680,1.19000,159.84733,0
1506030835,22009669,1.18756,6.58131,0
1506030807,22009648,1.18755,46.96945,1
1506030807,22009647,1.18755,88.17055,1
1506030803,22009643,1.18755,87.81945,1
1506030803,22009642,1.18755,0.00002,1
1506030796,22009637,1.18743,106.75999,0
1506030796,22009636,1.18743,69.22999,0
1506030720,22009594,1.18515,18.25960,1
1506030719,22009593,1.18515,24.11661,1
1506030719,22009592,1.18516,34.37987,1
1506030718,22009587,1.18742,0.00002,1
1506030718,22009586,1.18741,217.14914,0
1506030717,22009584,1.18741,217.09144,0
1506030713,22009573,1.18743,106.76000,1
1506030713,22009571,1.18743,106.76000,1
1506030713,22009570,1.18743,2.93933,1
1506030712,22009566,1.18743,103.82067,1
1506030712,22009563,1.18743,106.76000,1
1506030712,22009561,1.18743,106.76000,1
1506030712,22009560,1.18743,106.76000,1
1506030712,22009558,1.18743,10.48218,1
1506030711,22009556,1.18743,44.73411,1
1506030710,22009554,1.18743,51.54371,1
1506030710,22009551,1.18743,106.76000,1
1506030709,22009549,1.18743,41.82652,1
1506030709,22009547,1.18744,36.47396,1
1506030708,22009544,1.18743,64.93348,1
1506030708,22009542,1.18743,106.76000,1
1506030706,22009537,1.18758,67.09423,1
1506030705,22009536,1.18759,39.09329,1
1506030705,22009535,1.18758,39.66577,1
1506030697,22009528,1.18514,37.56812,1
1506030697,22009526,1.18515,55.57611,1
1506030696,22009524,1.18517,39.66577,1
1506030692,22009517,1.18574,39.66577,1
1506030280,22009300,1.18516,463.94000,0
1506030278,22009298,1.18989,566.06000,1
1506030244,22009266,1.19000,18.28701,0
1506030243,22009264,1.18998,774.87000,0
1506030222,22009234,1.18998,290.03701,0
1506030222,22009232,1.18998,118.93315,0
1506030216,22009220,1.18998,400.57896,0
1506030210,22009214,1.18989,477.60000,0
1506029708,22008782,1.18513,670.55935,1
1506029707,22008779,1.18513,159.15554,1
1506029704,22008773,1.18513,620.28680,1
1506029702,22008768,1.18513,159.86000,1
1506029701,22008761,1.18513,1789.79317,1
1506029694,22008749,1.18513,1845.93998,1
1506029694,22008748,1.18514,5.01188,1
1506029694,22008747,1.18514,870.87856,1
1506029681,22008729,1.18514,692.15067,1
1506029679,22008718,1.18514,280.85290,1
1506029677,22008711,1.18514,633.07289,1
1506029654,22008678,1.18514,539.38999,1
1506029650,22008666,1.18514,539.38999,1
1506029649,22008663,1.18514,1570.54796,1
1506029645,22008649,1.18514,883.39524,1
1506029412,22008387,1.18515,444.55496,1
1506029403,22008337,1.18515,17.47875,1
1506029358,22008281,1.18994,57.86629,1
1506029240,22008215,1.18514,234.52588,1
1506029240,22008214,1.18515,31.18506,1
1506029240,22008213,1.18550,11.21906,1
1506029080,22008066,1.18771,218.93820,1
1506029080,22008065,1.18771,218.93820,1
1506029080,22008064,1.18771,0.00443,1
1506029079,22008061,1.18771,218.93377,1
1506029079,22008060,1.18771,218.93820,1
1506029079,22008059,1.18771,0.00428,1
1506029076,22008054,1.18771,218.93392,1
1506029037,22008033,1.18525,14.91934,1
1506028963,22007947,1.18515,20.20435,1
1506028963,22007944,1.18515,58.75955,1
1506028962,22007943,1.18516,32.44397,1
1506028962,22007942,1.18517,21.62931,1
1506028962,22007940,1.18760,101.13060,1
1506028962,22007939,1.18761,101.13060,1
1506028962,22007938,1.18761,132.10596,1
1506028962,22007936,1.18761,79.50124,0
1506028961,22007933,1.18761,9.34605,0
1506028961,22007932,1.18760,101.13055,0
1506028961,22007929,1.18515,20.20435,1
1506028956,22007919,1.18761,21.62931,0
1506028955,22007915,1.18762,109.46910,1
1506028955,22007914,1.18762,109.46910,1
1506028954,22007912,1.18763,109.46910,1
1506028954,22007911,1.18763,109.46910,1
1506028954,22007910,1.18763,109.46910,1
1506028954,22007909,1.18763,109.46910,1
1506028954,22007908,1.18763,109.46910,1
1506028954,22007907,1.18763,0.00002,1
1506028950,22007899,1.18520,0.00155,0
1506028950,22007898,1.18516,109.46753,0
1506028945,22007889,1.18515,165.05868,1
1506028942,22007883,1.18516,33.35469,0
1506028942,22007882,1.18516,22.23646,0
1506028938,22007877,1.18520,184.56792,0
1506028937,22007872,1.18520,416.25999,1
1506028937,22007870,1.18519,183.22437,0
1506028935,22007866,1.18519,902.98418,1
1506028935,22007864,1.18600,0.00094,1
1506028930,22007846,1.18600,2681.15515,1
1506028930,22007844,1.18601,603.24956,1
1506028927,22007825,1.18602,1084.54999,1
1506028926,22007820,1.18601,141.96254,1
1506028923,22007811,1.18602,286.39617,0
1506028922,22007803,1.18601,90.00000,0
1506028921,22007796,1.18601,566.70930,1
1506028918,22007790,1.18600,18.52350,1
1506028916,22007781,1.18602,22.43289,1
1506028916,22007780,1.18602,33.64933,1
1506028913,22007772,1.18601,559.02491,1
1506028911,22007762,1.18617,22.50944,1
1506028819,22007591,1.18602,8.51439,1
1506028813,22007586,1.18602,8.51439,1
1506028808,22007580,1.18602,8.51439,1
1506028803,22007572,1.18602,8.51439,1
1506028798,22007560,1.18604,8.51439,1
1506028793,22007555,1.18602,8.51439,1
1506028788,22007545,1.18607,8.51439,1
1506028766,22007525,1.18601,71.01021,1
1506028766,22007524,1.18602,54.27529,1
1506028765,22007523,1.18605,35.46450,1
1506028718,22007420,1.19000,510.76000,0
1506028667,22007248,1.18999,215.07000,0
1506028643,22007181,1.18558,188.76799,0
1506028642,22007180,1.18559,226.72000,1
1506028642,22007179,1.18559,38.44926,1
1506028642,22007178,1.18805,0.00003,1
1506028639,22007168,1.19000,56.44573,0
1506028638,22007153,1.18810,37.71079,1
1506028619,22007043,1.19000,356.45359,0
1506028616,22007021,1.19000,384.74435,0
1506028616,22007017,1.19000,180.82215,0
1506028614,22007006,1.19000,23.20094,0
1506028613,22006985,1.19000,222.52662,0
1506028606,22006899,1.18556,87.70467,0
1506028534,22006686,1.18526,87.56729,1
1506028532,22006676,1.19000,560.60498,0
1506028531,22006674,1.19000,2358.95000,0
1506028528,22006668,1.18998,382.86000,0
1506028528,22006665,1.18998,924.53000,0
1506028525,22006658,1.18997,293.27000,0
1506028520,22006640,1.18996,120.74330,0
1506028519,22006633,1.18996,1126.06000,0
1506028517,22006627,1.18997,298.56346,0
1506028511,22006619,1.18997,120.62061,0
1506028468,22006499,1.18998,823.37000,1
1506028466,22006490,1.18998,375.59564,0
1506028461,22006476,1.18997,499.40594,0
1506027934,22005991,1.18537,45.61197,1
1506027829,22005820,1.19241,18.28510,0
1506027686,22005665,1.18517,80.00000,1
1506027676,22005659,1.18516,100.00000,1
1506027171,22005287,1.18523,5.65915,1
1506027073,22005164,1.18806,1.21207,0
1506027072,22005160,1.18808,255.87860,1
1506027067,22005153,1.18515,255.87864,0
1506027066,22005151,1.18515,7.69668,1
1506027066,22005149,1.18518,5.08090,1
1506027054,22005123,1.18515,475.53428,1
1506027054,22005122,1.18525,5.13112,1
1506027051,22005115,1.18515,1629.73443,1
1506027050,22005114,1.18524,5.15813,1
1506027047,22005107,1.18515,7.90052,1
1506027047,22005105,1.18516,1139.65612,1
1506027046,22005102,1.18523,7.13220,1
1506027002,22005046,1.18516,67.09000,1
1506026999,22005043,1.18516,74.42000,1
1506026989,22005031,1.18516,65.96890,1
1506026977,22005020,1.18516,41.58540,1
1506026977,22005019,1.18517,4.35460,1
1506026970,22005009,1.18517,10.99250,1
1506026965,22004993,1.18516,78.23290,1
1506026965,22004992,1.18518,15.34710,1
1506026955,22004965,1.18516,292.76622,1
1506026955,22004962,1.18516,37.77666,1
1506026954,22004961,1.18528,21.12110,1
1506026760,22004711,1.19237,78.50514,1
1506026743,22004704,1.19237,446.55602,1
1506026713,22004664,1.19249,444.61993,0
1506026712,22004661,1.19249,111.17964,0
1506026711,22004656,1.19248,111.39348,0
1506026711,22004654,1.19248,562.84147,0
1506026710,22004650,1.19237,520.96682,1
1506026640,22004562,1.18695,314.56197,1
1506026619,22004532,1.18695,111.97000,1
1506026583,22004498,1.18695,102.95000,1
1506026580,22004493,1.18695,723.16000,1
1506026576,22004488,1.18695,18.04559,1
1506026573,22004486,1.18695,99.31819,1
1506026572,22004485,1.18695,15.27656,1
1506026563,22004474,1.18695,47.22000,1
1506026560,22004468,1.18695,753.86000,1
1506026554,22004465,1.18695,109.80000,1
1506026504,22004439,1.18695,50.00000,1
1506026495,22004431,1.18695,100.00000,1
1506026480,22004407,1.18695,1094.76497,1
1506026474,22004396,1.18695,73.04000,1
1506026469,22004383,1.18695,92.07000,1
1506026442,22004234,1.18695,135.94221,1
1506026442,22004230,1.18696,80.71699,1
1506026441,22004229,1.18696,75.41648,1
1506026436,22004183,1.18695,158.02051,1
1506026436,22004180,1.18715,75.41949,1
1506026364,22003930,1.18699,425.33577,1
1506026364,22003927,1.18700,83.31327,1
1506026359,22003864,1.18696,0.72368,0
1506026359,22003859,1.18696,140.00000,1
1506026353,22003819,1.18698,138.74990,1
1506026353,22003818,1.19191,0.00010,1
1506026345,22003759,1.19249,1253.89456,0
1506026345,22003755,1.19248,644.50850,0
1506026336,22003693,1.19248,16.41956,0
1506026302,22003642,1.19248,30.78551,0
1506026301,22003641,1.19248,68.64536,0
1506026301,22003639,1.19191,99.68874,1
1506026295,22003620,1.19248,599.40577,0
1506026288,22003591,1.19248,12.39433,0
1506026269,22003547,1.19191,0.52041,1
1506026269,22003546,1.19193,331.85670,1
1506026264,22003531,1.19248,39.25431,0
1506026261,22003512,1.19248,116.06807,0
1506026260,22003511,1.19249,1284.83117,0
1506026260,22003509,1.19248,208.82681,0
1506026252,22003479,1.19248,169.01669,0
1506026224,22003443,1.19248,416.79832,0
1506026219,22003418,1.19248,460.79650,0
1506026171,22003332,1.19248,504.76303,0
1506026141,22003230,1.19248,82.17682,0
1506026121,22003192,1.19193,86.88000,1
1506026121,22003188,1.19249,495.47180,0
1506026121,22003187,1.19248,676.14540,0
1506026120,22003185,1.19220,79.04068,0
1506026120,22003184,1.19200,100.00000,0
1506026120,22003183,1.19195,404.60767,0
1506026114,22003115,1.19195,177.63632,0
1506026112,22003112,1.19193,86.94000,1
1506026110,22003102,1.19193,86.91000,1
1506026109,22003095,1.19195,75.14924,0
1506026107,22003087,1.19195,80.15505,0
1506026106,22003084,1.19195,275.49720,0
1506026103,22003073,1.19193,83.89680,1
1506026102,22003067,1.19195,83.97000,0
1506026101,22003061,1.19195,237.92439,0
1506026100,22003056,1.19191,169.52004,1
1506026100,22003051,1.19195,2665.06013,0
1506026099,22003049,1.19191,512.17770,0
1506026099,22003044,1.19191,853.62951,0
1506026098,22003036,1.19191,80.13897,0
1506026096,22003031,1.19190,224.87191,0
1506026094,22003014,1.19190,13.93583,0
1506026090,22002995,1.18515,394.64817,1
1506026090,22002994,1.18516,180.00000,1
1506026090,22002993,1.18834,52.55182,1
1506026072,22002971,1.19191,553.38737,0
1506026069,22002966,1.19191,271.15270,0
1506025941,22002839,1.18777,58.32000,1
1506025941,22002838,1.18777,79.58000,1
1506025941,22002837,1.18777,79.58000,1
1506025941,22002836,1.18777,79.58000,1
1506025941,22002835,1.18777,79.58000,1
1506025941,22002834,1.18777,79.58000,1
1506025941,22002833,1.18777,79.58000,1
1506025941,22002832,1.18777,79.58000,1
1506025940,22002831,1.18777,79.58000,1
1506025940,22002830,1.18777,58.92680,1
1506025940,22002829,1.18777,20.65320,1
1506025940,22002827,1.19191,277.13718,0
1506025939,22002825,1.19191,774.54000,0
1506025938,22002822,1.19191,278.83926,0
1506025933,22002809,1.19000,24.28853,0
1506025933,22002808,1.19000,592.30197,0
1506025933,22002806,1.19000,426.45264,0
1506025932,22002803,1.19000,222.31675,0
1506025884,22002771,1.19000,100.23281,0
1506025881,22002767,1.19000,7.75410,0
1506025835,22002713,1.18520,57.24623,0
1506025835,22002711,1.18520,22.33377,0
1506025817,22002686,1.18514,24.28853,1
1506025817,22002685,1.18536,55.91147,1
1506025786,22002630,1.18515,288.17106,0
1506025785,22002629,1.18515,85.51136,1
1506025785,22002628,1.18526,57.00758,1
1506025782,22002623,1.18525,38.08073,1
1506025781,22002619,1.18514,1349.05827,1
1506025781,22002618,1.18515,759.78277,1
1506025781,22002617,1.18515,338.92468,1
1506025781,22002616,1.18516,670.00000,1
1506025781,22002615,1.18516,85.51136,1
1506025781,22002614,1.18524,57.00758,1
1506025773,22002604,1.18521,96.91100,1
1506025771,22002599,1.18520,1018.14619,1
1506025759,22002582,1.18517,96.81750,0
1506025758,22002581,1.18515,373.35155,1
1506025758,22002580,1.18516,58.13221,1
1506025756,22002576,1.18515,389.38340,1
1506025755,22002572,1.18515,2338.43818,1
1506025753,22002565,1.18515,0.12620,1
1506025753,22002563,1.18516,110.09565,1
1506025753,22002561,1.18517,61.04958,1
1506025752,22002560,1.18556,692.54190,0
1506025748,22002555,1.18556,207.45573,1
1506025748,22002554,1.18556,61.04958,1
1506025652,22002305,1.19192,278.60730,0
1506025652,22002304,1.19192,764.49000,0
1506025650,22002297,1.19193,546.23433,0
1506025649,22002293,1.19193,764.16000,0
1506025126,22001553,1.18746,403.49961,1
1506025107,22001533,1.18747,40.43803,1
1506025066,22001486,1.19000,0.39759,0
1506025064,22001480,1.19000,55.20766,0
1506025064,22001479,1.19000,399.14377,0
1506025058,22001455,1.19000,453.10621,0
1506025058,22001450,1.19000,302.55813,0
1506025032,22001424,1.19000,106.84514,0
1506024923,22001308,1.18746,80.88909,1
1506024923,22001307,1.18746,142.11597,1
1506024923,22001306,1.18752,19.35494,1
1506024891,22001272,1.18746,84.82000,1
1506024847,22001147,1.18746,257.45273,1
1506024834,22001109,1.18743,73.66435,0
1506024834,22001108,1.18742,410.72435,0
1506024813,22001031,1.18742,79.27287,0
1506024812,22001026,1.18742,78.57153,0
1506024812,22001020,1.18742,157.84440,0
1506024812,22001019,1.18742,157.84440,0
1506024811,22001018,1.18742,131.94420,0
1506024811,22001016,1.18742,15.38460,0
1506024811,22001015,1.18742,10.51560,0
1506024811,22001014,1.18742,73.66440,0
1506024806,22000997,1.18746,10.82174,1
1506024791,22000950,1.18514,55.60525,1
1506024788,22000939,1.18515,287.43373,1
1506024787,22000933,1.18515,84.18000,1
1506024762,22000882,1.18514,161.18000,1
1506024754,22000858,1.18514,214.58998,1
1506024752,22000850,1.18514,70.37000,1
1506024749,22000842,1.18514,406.11000,1
1506024660,22000598,1.18515,192.78366,1
1506024659,22000590,1.18515,217.21634,1
1506024627,22000500,1.18515,100.00000,1
1506024620,22000474,1.18516,14.84135,0
1506024617,22000466,1.18516,809.02000,1
1506024616,22000463,1.18516,90.98000,1
1506024606,22000428,1.19016,1797.83811,0
1506024601,22000408,1.18515,280.69239,1
1506024599,22000388,1.18515,280.33687,1
1506024597,22000375,1.18515,228.45803,1
1506024585,22000257,1.18514,69.57000,1
1506024585,22000250,1.18515,418.51178,1
1506024584,22000244,1.18515,381.91821,1
1506024570,22000212,1.18515,281.05305,1
1506024552,22000160,1.18515,171.43573,1
1506024537,22000113,1.18515,282.20164,1
1506024535,22000101,1.18515,203.80558,1
1506024516,21999989,1.18516,394.96480,1
1506024514,21999984,1.18515,1013.95604,1
1506024479,21999906,1.18515,45.63000,1
1506024478,21999905,1.18516,40.00000,1
1506024461,21999878,1.18516,79.60000,1
1506024455,21999867,1.18515,216.88000,1
1506024281,21999708,1.18515,462.78950,1
1506024281,21999706,1.18516,0.00424,1
1506024280,21999703,1.18516,159.99576,1
1506024280,21999702,1.18516,10.02348,1
1506024273,21999692,1.18517,303.32872,1
1506024273,21999689,1.18570,6.67128,1
1506024085,21999493,1.18514,339.83327,1
1506024084,21999489,1.18516,593.03438,0
1506024083,21999486,1.18515,336.25830,1
1506024083,21999485,1.18516,14.84190,1
1506024083,21999482,1.18517,490.00000,1
1506024083,21999477,1.18600,7.63625,1
1506023931,21999337,1.18600,183.52841,1
1506023930,21999335,1.18608,7.63625,1
1506023735,21999164,1.18600,0.90883,1
1506023735,21999163,1.18601,130.00000,1
1506023735,21999162,1.18617,7.70011,1
1506023656,21999076,1.18737,112.02114,1
1506023654,21999068,1.18737,80.29976,1
1506023654,21999066,1.18737,192.32090,1
1506023654,21999065,1.18737,192.32090,1
1506023654,21999062,1.18737,61.26863,1
1506023653,21999057,1.18744,10.10113,0
1506023652,21999053,1.18737,23.39886,1
1506023652,21999051,1.18745,10.10113,1
1506023648,21999044,1.18744,10.10113,1
1506023601,21998989,1.18750,10.17730,1
1506023547,21998914,1.18737,107.65341,1
1506023546,21998912,1.18737,192.32090,1
1506023546,21998910,1.18737,95.09099,1
1506023546,21998907,1.18737,97.22991,1
1506023546,21998905,1.18737,192.32090,1
1506023546,21998904,1.18737,0.00510,1
1506023544,21998900,1.18737,192.31580,1
1506023538,21998893,1.18600,260.00000,1
1506023538,21998892,1.18601,7.67068,1
1506023536,21998887,1.18600,459.99157,1
1506023532,21998881,1.18598,549.99242,1
1506023500,21998849,1.18589,79.79403,1
1506023500,21998848,1.18589,7.61597,1
1506023212,21998410,1.19194,671.40697,0
1506023211,21998408,1.19193,206.70823,0
1506023122,21998304,1.19194,297.56125,0
1506023122,21998303,1.19194,246.18917,0
1506022653,21997741,1.18517,21.91657,0
1506022650,21997739,1.18517,175.69632,1
1506022623,21997709,1.18517,55.24946,1
1506022537,21997600,1.18519,110.06425,1
1506022537,21997599,1.18772,9.49575,1
1506022521,21997568,1.18772,81.85650,1
1506022518,21997564,1.18772,206.20905,1
1506022518,21997563,1.18772,297.56130,1
1506022518,21997562,1.18772,297.56130,1
1506022518,21997561,1.18772,297.56130,1
1506022518,21997560,1.18772,297.56130,1
1506022518,21997559,1.18776,9.49575,1
1506022517,21997555,1.18776,42.17000,1
1506022478,21997484,1.18534,52.42568,1
1506022456,21997445,1.18749,110.10974,1
1506022456,21997444,1.18779,53.11949,1
1506022330,21997273,1.18769,31.01500,1
1506022313,21997254,1.18749,474.88052,1
1506022313,21997253,1.18765,53.54325,1
1506022242,21997101,1.18832,53.32080,1
1506022207,21997043,1.18823,35.80000,1
1506022115,21996811,1.18805,31.02000,1
1506022113,21996803,1.18805,46.75000,1
1506022113,21996802,1.18805,6.48349,1
1506022113,21996801,1.18805,107.93000,1
1506022113,21996800,1.18805,107.93000,1
1506022113,21996798,1.18805,107.93000,1
1506022113,21996796,1.18805,107.93000,1
1506022112,21996794,1.18805,39.86000,1
1506022110,21996787,1.18805,68.07000,1
1506022028,21996662,1.18750,107.93000,0
1506021981,21996588,1.18749,366.12000,1
1506021960,21996568,1.18749,288.58515,1
1506021959,21996566,1.18749,232.13097,1
1506021959,21996564,1.18750,56.31567,1
1506021956,21996553,1.18749,2050.63693,1
1506021954,21996550,1.18783,56.31567,1
1506021944,21996522,1.18749,211.34644,1
1506021944,21996521,1.18779,33.82590,1
1506021944,21996520,1.18779,25.61766,1
1506021944,21996518,1.18779,8.20824,1
1506021944,21996517,1.18779,33.82590,1
1506021943,21996516,1.18779,33.82590,1
1506021943,21996515,1.18779,33.82590,1
1506021943,21996514,1.18779,33.82590,1
1506021943,21996513,1.18779,33.82590,1
1506021943,21996511,1.18779,33.82590,1
1506021943,21996508,1.18779,0.00003,1
1506021943,21996507,1.18780,60.56583,1
1506021940,21996495,1.18755,33.82587,0
1506021937,21996489,1.18749,60.54149,1
1506021937,21996487,1.18783,63.46473,1
1506021934,21996483,1.18781,93.36793,1
1506021934,21996482,1.18781,15.46967,1
1506021934,21996481,1.18781,108.83760,1
1506021934,21996479,1.18781,108.83760,1
1506021934,21996477,1.18781,108.83760,1
1506021933,21996476,1.18781,108.83760,1
1506021933,21996475,1.18781,21.82991,1
1506021933,21996473,1.18781,14.96329,1
1506021933,21996472,1.18782,28.83671,1
1506021929,21996449,1.18782,41.63763,1
1506021928,21996447,1.18781,67.35002,1
1506021928,21996444,1.18781,4.69438,1
1506021927,21996443,1.18781,41.63760,1
1506021927,21996442,1.18781,41.63760,1
1506021927,21996441,1.18781,41.63760,1
1506021927,21996439,1.18781,41.63760,1
1506021927,21996438,1.18781,16.07520,1
1506021926,21996434,1.18750,25.56240,0
1506021925,21996433,1.18750,41.63760,0
1506021922,21996412,1.18751,70.59237,1
1506021921,21996410,1.18751,191.35000,1
1506021918,21996403,1.18750,102.18650,1
1506021918,21996401,1.18756,75.46350,1
1506021899,21996339,1.18751,112.77367,1
1506021897,21996328,1.18750,203.27382,1
1506021893,21996319,1.18749,205.64876,1
1506021893,21996318,1.18751,76.12270,1
1506021888,21996305,1.18760,0.40285,1
1506021888,21996304,1.18760,76.12270,1
1506021850,21996214,1.18750,189.88160,1
1506021850,21996213,1.18755,7.94223,1
1506021823,21996134,1.19249,9364.79423,0
1506021823,21996133,1.19249,4000.00000,0
1506021822,21996132,1.19240,6.76075,0
1506021822,21996130,1.19239,856.74515,0
1506021821,21996127,1.19220,6.76075,0
1506021821,21996126,1.19220,13.98531,1
1506021821,21996125,1.19200,1454.29391,0
1506021821,21996124,1.19200,208.58692,1
1506021820,21996120,1.19196,1000.00000,0
1506021819,21996117,1.19100,3830.69988,0
1506021819,21996116,1.19100,4802.32824,0
1506021819,21996114,1.19100,1523.83008,0
1506021819,21996113,1.19100,1920.87856,0
1506021819,21996110,1.19099,493.75955,1
1506021818,21996109,1.19099,192.83540,1
1506021817,21996103,1.19099,600.00000,0
1506021750,21995960,1.18553,351.14398,1
1506021677,21995740,1.19099,45.91587,0
1506021677,21995739,1.19000,1.11971,0
1506021673,21995729,1.19000,222.82209,0
1506021637,21995663,1.19000,28.69866,1
1506021617,21995639,1.19000,66.60563,0
1506021617,21995638,1.19000,107.05266,0
1506021616,21995625,1.19000,862.00394,0
1506021615,21995620,1.19000,560.24357,0
1506021615,21995618,1.19000,600.53777,0
1506021609,21995590,1.19000,1502.16349,0
1506021609,21995587,1.18997,514.17134,0
1506021608,21995584,1.18513,252.64046,1
1506021607,21995580,1.18997,1526.87000,1
1506021606,21995575,1.18996,2018.95410,0
1506021602,21995572,1.18998,2015.64819,0
1506021598,21995561,1.18997,498.75049,0
1506021543,21995484,1.18991,636.20059,0
1506021543,21995481,1.18990,1380.00000,0
1506021536,21995473,1.18995,279.17862,0
1506021531,21995467,1.18998,279.42174,0
1506021527,21995460,1.18514,41.38000,1
1506021526,21995457,1.18990,41.38000,0
1506021489,21995412,1.18514,23.39218,0
1506021489,21995410,1.18513,66.60563,1
1506021488,21995409,1.18978,108.59000,0
1506021484,21995403,1.18980,309.50923,0
1506021484,21995402,1.18979,155.80651,0
1506021482,21995399,1.18981,89.54782,0
1506021411,21995213,1.18513,48.78999,1
1506021407,21995209,1.18513,920.26661,1
1506021365,21995122,1.18513,133.08765,1
1506021361,21995115,1.18514,7.34191,0
1506021357,21995108,1.18514,7.55765,0
1506021357,21995107,1.18513,141.98626,1
1506021356,21995106,1.18513,283.93985,1
1506021356,21995105,1.18513,1.22981,1
1506021356,21995103,1.18514,30.94983,1
1506021356,21995102,1.18540,8.86442,1
1506021130,21994480,1.18513,684.64607,1
1506021106,21994413,1.18513,282.54325,1
1506021102,21994397,1.18513,396.43680,1
1506021086,21994362,1.18514,160.00000,1
1506021043,21994226,1.18513,0.22000,1
1506021043,21994225,1.18514,320.00000,1
1506021014,21994170,1.19024,555.95977,0
1506020989,21994094,1.18513,93.13000,1
1506020961,21993961,1.18513,467.65625,1
1506020953,21993934,1.18513,282.65000,1
1506020950,21993927,1.18513,52.57000,1
1506020943,21993914,1.18513,78.97999,1
1506020943,21993913,1.18513,1266.06394,1
1506020941,21993908,1.18513,118.47000,1
1506020940,21993906,1.18513,60.91000,1
1506020939,21993898,1.18513,769.69604,1
1506020939,21993897,1.18513,230.43396,1
1506020938,21993891,1.18513,431.27680,1
1506020938,21993890,1.18513,338.41923,1
1506020933,21993880,1.18513,201.22992,1
1506020927,21993862,1.18513,73.02000,1
1506020925,21993859,1.18513,1731.33750,1
1506020924,21993855,1.18513,371.54606,1
1506020922,21993848,1.18513,1358.43999,1
1506020921,21993844,1.18513,1267.98469,1
1506020921,21993843,1.18514,0.45000,1
1506020921,21993839,1.18514,89.55000,1
1506020913,21993808,1.18513,1439.25008,1
1506020912,21993802,1.18513,84.58000,1
1506020909,21993782,1.18514,71.18000,1
1506020904,21993754,1.18514,240.00000,1
1506020901,21993736,1.18514,141.88999,1
1506020900,21993735,1.18635,83.26291,1
1506020899,21993731,1.18635,155.80999,1
1506020872,21993597,1.18633,67.79935,0
1506020871,21993592,1.18633,239.42835,0
1506020866,21993556,1.18513,103.71999,1
1506020864,21993534,1.18515,281.69125,1
1506020863,21993529,1.18514,302.11333,0
1506020863,21993527,1.18514,105.66128,1
1506020862,21993522,1.18515,284.01937,1
1506020861,21993521,1.18515,460.82999,1
1506020860,21993512,1.18514,146.73212,0
1506020859,21993498,1.18513,74.34890,1
1506020858,21993493,1.18514,125.99787,1
1506020858,21993489,1.18515,353.69570,1
1506020856,21993481,1.18514,976.06999,1
1506020852,21993474,1.18633,48.81670,0
1506020840,21993431,1.18633,331.86834,0
1506020840,21993430,1.18584,135.42999,0
1506020839,21993429,1.18584,17.64171,0
1506020839,21993428,1.18584,763.13997,0
1506020839,21993427,1.18584,49.90999,0
1506020814,21993365,1.18515,6.05674,1
1506020809,21993348,1.18514,139.83551,1
1506020809,21993347,1.18519,6.08505,1
1506020781,21993238,1.18513,548.52540,1
1506020781,21993236,1.18514,6.00459,1
1506020777,21993217,1.18513,84.78765,1
1506020776,21993211,1.18513,767.00569,1
1506020776,21993209,1.18514,2.64419,1
1506020776,21993208,1.18515,6.00459,1
1506020772,21993192,1.18514,238.32954,1
1506020770,21993184,1.18513,22.00000,1
1506020762,21993155,1.18513,135.26107,1
1506020762,21993153,1.18514,6.13271,1
1506020761,21993149,1.18513,352.57736,1
1506020759,21993145,1.18513,10.72139,1
1506020759,21993144,1.18514,335.71482,1
1506020759,21993141,1.18515,6.13271,1
1506020756,21993134,1.18514,319.44508,1
1506020756,21993132,1.18514,9.19491,1
1506020754,21993128,1.18533,6.13271,1
1506020661,21993051,1.18513,17.25639,1
1506020661,21993050,1.18513,324.07816,1
1506020661,21993049,1.18513,135.42999,1
1506020650,21993023,1.18513,51.03238,1
1506020649,21993021,1.18514,0.00572,1
1506020649,21993019,1.18514,11.63401,1
1506020649,21993017,1.18514,17.45960,1
1506020645,21992997,1.18513,75.83025,1
1506020645,21992995,1.18530,367.68250,1
1506020645,21992994,1.18532,282.33792,1
1506020645,21992993,1.18549,0.00000,1
1506020644,21992991,1.18585,17.45960,1
1506020644,21992990,1.18585,11.63973,1
1506020488,21992888,1.18549,522.65548,1
1506020486,21992886,1.18549,494.95555,1
1506020486,21992884,1.18557,11.68444,1
1506020452,21992873,1.18564,11.54656,1
1506020380,21992843,1.18549,557.86385,1
1506020379,21992842,1.18550,11.86443,1
1506020379,21992839,1.18550,17.64171,1
1506020375,21992830,1.18557,11.80511,1
1506020338,21992812,1.18554,5.13566,1
1506020317,21992794,1.18550,140.19052,1
1506020316,21992793,1.18551,18.10644,1
1506020316,21992792,1.18571,11.90170,1
1506020231,21992713,1.18641,12.08726,1
1506019825,21992517,1.18551,49.10812,1
1506019825,21992516,1.18599,12.26188,1
1506019526,21992248,1.18550,4071.45332,1
1506019526,21992247,1.18551,42.35481,1
1506019526,21992246,1.18552,650.00000,1
1506019522,21992226,1.18552,285.67457,1
1506019521,21992204,1.18667,30.32046,1
1506019095,21991904,1.18554,28.49007,1
1506019093,21991898,1.18552,30.16989,1
1506018863,21991722,1.18557,330.33137,0
1506018862,21991719,1.18557,15.82957,1
1506018862,21991718,1.18558,27.09071,1
1506018861,21991713,1.18557,757.14642,1
1506018861,21991709,1.18556,17.02401,0
1506018861,21991707,1.18556,27.09071,1
1506018758,21991646,1.18557,24.95286,1
1506018754,21991642,1.18555,27.23041,1
1506018753,21991638,1.18555,24.70930,1
1506018722,21991560,1.18610,0.14685,0
1506018722,21991557,1.18611,26.70094,1
1506018657,21991524,1.18585,130.97999,1
1506018656,21991519,1.18585,26.79957,1
1506018644,21991512,1.18581,80.19835,1
1506018635,21991501,1.18577,26.84875,1
1506018577,21991419,1.18554,70.68081,1
1506018577,21991418,1.18555,31.30808,1
1506018577,21991417,1.18555,46.96212,1
1506018550,21991387,1.18673,108.73440,1
1506018546,21991381,1.18671,298.31679,1
1506018343,21991122,1.19200,18.90006,0
1506018341,21991118,1.19200,157.35896,0
1506018305,21991073,1.19200,432.95223,0
1506018305,21991072,1.19198,0.00777,0
1506018305,21991070,1.19198,212.35000,0
1506018304,21991064,1.19197,0.70000,0
1506018303,21991058,1.19197,139.30000,0
1506017827,21990669,1.19200,206.15000,0
1506017827,21990667,1.19200,656.73656,0
1506017808,21990627,1.19198,558.74009,0
1506017758,21990560,1.18686,35.48000,1
1506017256,21990166,1.19198,602.18000,0
1506017247,21990155,1.19200,719.91000,0
1506017246,21990153,1.19197,0.01000,0
1506017246,21990150,1.19197,114.36000,0
1506017036,21989899,1.19197,92.96000,0
1506016722,21989700,1.19197,191.64000,0
1506016563,21989588,1.18641,240.33501,1
1506016507,21989534,1.19196,122.57000,0
1506016490,21989521,1.19196,489.54907,0
1506016488,21989519,1.19196,268.08000,0
1506016485,21989514,1.18597,8.60018,1
1506016485,21989513,1.18597,43.63622,1
1506016444,21989405,1.19196,106.60563,0
1506016433,21989382,1.19197,204.64000,0
1506016430,21989373,1.19197,264.83000,0
1506016428,21989365,1.19196,990.00000,1
1506016428,21989363,1.19197,131.56000,0
1506016427,21989361,1.19185,636.65000,0
1506016425,21989356,1.19186,238.97000,0
1506016425,21989355,1.19186,464.37000,0
1506016419,21989345,1.19189,607.12706,0
1506016398,21989305,1.19194,62.64000,0
1506016358,21989278,1.19194,383.77000,0
1506016195,21989100,1.19188,638.90988,1
1506015841,21988864,1.19166,29.87403,0
1506015735,21988767,1.18553,198.85789,1
1506015643,21988398,1.18555,15.62330,0
1506015642,21988397,1.18550,121.29000,1
1506015642,21988395,1.18550,151.85507,1
1506015642,21988394,1.18552,23.57095,1
1506015642,21988393,1.18553,490.00000,1
1506015642,21988392,1.18557,15.71397,1
1506015635,21988388,1.18550,973.42603,1
1506015635,21988387,1.18555,15.71397,1
1506015624,21988373,1.18552,54.23105,0
1506015621,21988362,1.18552,21.10196,0
1506015620,21988361,1.18550,454.46705,1
1506015620,21988360,1.18551,110.00000,1
1506015620,21988357,1.18554,21.10196,1
1506015615,21988352,1.18550,0.35327,1
1506015615,21988351,1.18551,32.90026,1
1506015615,21988347,1.18553,21.13285,1
1506015611,21988336,1.18551,6.94008,1
1506015611,21988335,1.18552,1060.00000,1
1506015605,21988327,1.18579,215.01727,1
1506015116,21987875,1.18756,27.51356,1
1506015116,21987874,1.18756,16.07629,1
1506015116,21987873,1.18778,33.91290,1
1506015116,21987871,1.18778,33.91290,1
1506015115,21987869,1.18778,33.91290,1
1506015115,21987868,1.18778,33.91290,1
1506015115,21987867,1.18778,33.91290,1
1506015115,21987866,1.18778,33.91290,1
1506015115,21987865,1.18778,33.91290,1
1506015115,21987864,1.18778,33.91290,1
1506015115,21987863,1.18778,33.91290,1
1506015115,21987862,1.18778,33.91290,1
1506015114,21987858,1.18782,28.26063,1
1506015087,21987829,1.18758,28.69896,0
1506015087,21987828,1.18757,5.21394,0
1506015074,21987820,1.18757,28.53119,1
1506015067,21987798,1.18756,17.66881,1
1506015067,21987796,1.18760,28.53119,1
1506015026,21987769,1.18680,33.74510,0
1506015024,21987768,1.18680,0.16960,1
1506015023,21987765,1.18680,33.75104,1
1506015018,21987759,1.18552,15.43629,1
1506015018,21987758,1.18684,34.00371,1
1506015003,21987729,1.18680,34.00506,1
1506014958,21987698,1.18745,0.00499,1
1506014958,21987697,1.18746,34.68864,1
1506014957,21987696,1.18745,5.63151,1
1506014957,21987695,1.18745,5.63650,1
1506014957,21987694,1.18745,5.63650,1
1506014957,21987693,1.18745,5.63650,1
1506014957,21987692,1.18745,5.63650,1
1506014957,21987691,1.18745,5.63650,1
1506014956,21987690,1.18745,5.63650,1
1506014956,21987688,1.18745,5.63650,1
1506014956,21987687,1.18745,5.63650,1
1506014956,21987686,1.18745,5.63650,1
1506014956,21987685,1.18745,5.63650,1
1506014956,21987683,1.18745,5.63650,1
1506014956,21987682,1.18745,5.63650,1
1506014956,21987681,1.18745,5.63650,1
1506014956,21987680,1.18745,5.63650,1
1506014954,21987676,1.18747,0.17357,1
1506014952,21987670,1.18747,34.54020,1
1506014946,21987660,1.18680,5.63650,0
1506014940,21987655,1.18680,0.19027,1
1506014938,21987648,1.18680,37.86281,1
1506014638,21987285,1.18588,54.98928,1
1506014638,21987284,1.18588,203.10389,1
1506014637,21987283,1.18588,36.67719,1
1506014111,21986857,1.18842,165.92482,1
1506014111,21986856,1.18842,13.89517,1
1506014082,21986827,1.18842,149.99992,1
1506014077,21986825,1.18842,17.42981,1
1506014077,21986824,1.18842,132.57011,1
1506014071,21986820,1.18842,48.75479,1
1506014071,21986819,1.18842,181.32490,1
1506014071,21986817,1.18842,181.32490,1
1506014071,21986814,1.18842,10.72102,1
1506014018,21986718,1.18842,170.60388,1
1506014018,21986716,1.18842,181.32490,1
1506014018,21986715,1.18842,181.32490,1
1506014018,21986714,1.18842,181.32490,1
1506014018,21986713,1.18842,32.93493,1
1506014017,21986708,1.18842,148.38997,1
1506014016,21986707,1.18842,38.20232,1
1506014015,21986703,1.18842,143.12258,1
1506014015,21986702,1.18842,141.15403,1
1506014015,21986700,1.18843,0.00782,1
1506014015,21986698,1.18843,43.13254,1
1506014013,21986689,1.18842,40.17087,1
1506014013,21986688,1.18842,181.32490,1
1506014013,21986687,1.18842,0.00001,1
1506014011,21986684,1.18834,40.17651,0
1506014011,21986683,1.18834,118.58730,0
1506014011,21986682,1.18833,22.56108,0
1506014010,21986675,1.18550,899.00999,1
1506013995,21986650,1.18551,46.49391,1
1506013995,21986649,1.18551,66.95731,1
1506013990,21986635,1.18554,46.27719,1
1506013973,21986604,1.18834,4.44725,0
1506013972,21986602,1.18832,40.19096,0
1506013969,21986578,1.18834,40.02944,1
1506013967,21986566,1.18834,166.27067,1
1506013966,21986563,1.18834,40.11702,1
1506013965,21986558,1.18834,331.04001,1
1506013965,21986556,1.18834,242.89884,1
1506013965,21986553,1.18834,389.92792,1
1506013964,21986550,1.18834,87.19460,1
1506013964,21986547,1.18834,87.19460,1
1506013964,21986545,1.18834,87.19460,1
1506013964,21986543,1.18834,87.19460,1
1506013964,21986542,1.18834,87.19460,1
1506013964,21986541,1.18834,87.19460,1
1506013964,21986540,1.18834,39.95580,1
1506013964,21986539,1.18834,39.95580,1
1506013963,21986533,1.18557,7.71714,1
1506013963,21986532,1.18834,39.95580,1
1506013962,21986531,1.18834,39.95580,1
1506013962,21986529,1.18581,39.95580,0
1506013962,21986523,1.18580,39.95580,0
1506013960,21986519,1.18549,2424.52512,1
1506013960,21986517,1.18580,47.23880,1
1506013960,21986516,1.18580,40.39397,1
1506013957,21986507,1.18581,407.99774,1
1506013957,21986506,1.18582,58.42185,1
1506013956,21986498,1.18581,132.00226,1
1506013951,21986480,1.18563,131.99999,1
1506013950,21986476,1.18834,0.00838,1
1506013928,21986445,1.18835,60.00249,1
1506013923,21986436,1.18834,285.44862,1
1506013919,21986431,1.18590,60.27791,1
1506013863,21986353,1.18568,154.26279,1
1506013842,21986314,1.18554,38.57510,1
1506013842,21986312,1.18761,61.77490,1
1506013842,21986310,1.18761,410.00000,1
1506013834,21986294,1.18759,53.74243,1
1506013772,21986168,1.19200,1169.21000,0
1506013639,21985890,1.19200,184.48828,0
1506013639,21985889,1.19200,6.72809,0
1506013639,21985888,1.19199,120.00000,0
1506013639,21985887,1.19180,6.76304,0
1506013639,21985885,1.19170,6.76361,0
1506013639,21985884,1.19160,6.76418,0
1506013638,21985883,1.19150,438.56937,0
1506013633,21985864,1.19150,5.07039,0
1506013629,21985853,1.19150,2213.08000,0
1506013627,21985837,1.19150,100.33260,0
1506013626,21985832,1.19150,4.82724,0
1506013626,21985831,1.19149,32.73000,0
1506013600,21985730,1.19147,139.85000,0
1506013531,21985581,1.18595,46.72000,1
1506013503,21985534,1.18585,53.36000,1
1506013117,21985051,1.19150,2232.00000,0
1506013115,21985050,1.19150,6.12040,0
1506013115,21985049,1.19150,6.39385,0
1506013115,21985048,1.19140,6.76533,0
1506013115,21985047,1.19130,6.76590,0
1506013115,21985046,1.19120,6.76647,0
1506013106,21985039,1.19100,4996.82017,0
1506013105,21985037,1.19100,3.17983,0
1506013105,21985035,1.19100,6.76762,0
1506013105,21985033,1.19099,250.00000,0
1506013095,21985022,1.19099,202.95451,0
1506013095,21985021,1.19080,6.76876,0
1506013095,21985020,1.19060,6.76991,0
1506013095,21985019,1.19050,0.00736,0
1506013087,21984997,1.19050,385.91000,0
1506013085,21984990,1.19050,2360.48265,0
1506013084,21984985,1.19050,281.67293,0
1506013083,21984982,1.19050,281.51814,0
1506013082,21984978,1.19050,282.40319,0
1506013081,21984973,1.19050,557.51931,0
1506013056,21984941,1.19050,635.60642,0
1506013052,21984934,1.19050,214.88000,0
1506013052,21984932,1.19049,42.84589,0
1506013013,21984880,1.19049,2855.85538,0
1506013013,21984878,1.19047,1.27462,0
1506013013,21984874,1.19047,1576.89966,0
1506013010,21984870,1.19047,1874.35004,0
1506013002,21984855,1.19046,0.53934,0
1506013002,21984850,1.19046,669.46066,0
1506012997,21984842,1.19046,1318.59788,0
1506012745,21984482,1.18556,829.89000,0
1506012743,21984478,1.18553,119.46041,1
1506012742,21984477,1.18553,27.70421,1
1506012742,21984476,1.18554,25.21537,1
1506012742,21984475,1.18554,550.00000,1
1506012742,21984473,1.18557,829.88352,1
1506012742,21984472,1.18557,8.40512,1
1506012742,21984471,1.18633,16.81025,1
1506012741,21984464,1.18557,331.71136,1
1506012739,21984457,1.18640,16.81025,1
1506012704,21984357,1.18632,212.62368,1
1506012645,21984206,1.19047,62.12906,0
1506012645,21984204,1.19046,0.00094,0
1506012621,21984130,1.19046,999.99906,0
1506012621,21984127,1.19046,534.31094,0
1506012608,21984102,1.19046,3796.48539,0
1506012588,21984070,1.19046,109.53000,0
1506012588,21984066,1.19046,1630.11774,0
1506012587,21984056,1.19046,11.49669,0
1506012587,21984051,1.19046,238.19143,0
1506012585,21984040,1.19046,1702.33353,0
1506012581,21984031,1.19046,214.81691,0
1506012526,21983888,1.19046,56.49000,0
1506012525,21983884,1.19046,268.67271,0
1506012524,21983878,1.19046,281.80829,0
1506012523,21983876,1.19046,282.72222,0
1506012480,21983833,1.19046,56.21000,0
1506012463,21983814,1.19046,2042.46000,0
1506012463,21983813,1.19046,340.04080,0
1506012462,21983811,1.19045,200.21000,1
1506012433,21983756,1.18571,200.16623,1
1506012362,21983664,1.19046,778.91000,0
1506012354,21983652,1.19046,83.78000,0
1506012309,21983563,1.19046,979.45774,0
1506012301,21983531,1.19046,623.92000,0
1506012284,21983525,1.19046,55.54000,0
1506012233,21983432,1.19046,77.47000,0
1506012218,21983402,1.18530,500.00000,0
1506012188,21983354,1.18530,6.02409,0
1506012186,21983353,1.18531,74.88000,1
1506012170,21983324,1.19046,70.22000,0
1506012105,21983241,1.19046,0.09000,0
1506012105,21983240,1.19045,130.00000,0
1506012065,21983185,1.19046,843.37000,0
1506012064,21983181,1.19046,1340.09821,0
1506012057,21983175,1.19047,1338.92662,0
1506012043,21983159,1.19046,92.70000,0
1506012021,21983137,1.19046,34.48217,0
1506012013,21983122,1.19046,19.09275,0
1506012001,21983101,1.19047,146.42000,0
1506011998,21983083,1.19046,265.11000,0
1506011789,21982553,1.19047,47.76000,0
1506011764,21982525,1.19048,49.05000,0
1506011748,21982500,1.19048,84.10000,0
1506011726,21982471,1.19048,74.67000,0
1506011717,21982455,1.19048,203.11134,0
1506011716,21982447,1.19048,202.92654,0
1506011706,21982421,1.19048,201.80094,0
1506011699,21982402,1.19048,100.21989,0
1506011699,21982401,1.19048,281.29737,0
1506011698,21982397,1.19048,281.39345,0
1506011695,21982390,1.19048,502.42000,0
1506011693,21982386,1.19048,220.78546,0
1506011692,21982383,1.19048,281.05235,0
1506011691,21982378,1.19048,280.97278,0
1506011690,21982371,1.19048,280.89268,0
1506011689,21982366,1.19048,280.56905,0
1506011688,21982359,1.19048,100.23342,0
1506011688,21982356,1.19048,204.04373,0
1506011687,21982351,1.19048,280.86532,0
1506011686,21982344,1.19048,280.99250,0
1506011685,21982336,1.19048,449.26000,0
1506011685,21982335,1.19048,157.87845,0
1506011684,21982329,1.19048,280.70374,0
1506011683,21982323,1.19048,820.83127,0
1506011682,21982319,1.19048,283.90662,0
1506011678,21982306,1.19048,2120.10614,0
1506011673,21982288,1.19048,562.83115,0
1506011669,21982280,1.19048,246.97994,0
1506011656,21982235,1.19048,1338.60000,0
1506011649,21982221,1.19048,195.29000,0
1506011646,21982213,1.19048,1270.70049,0
1506011645,21982210,1.19048,104.22000,0
1506011640,21982186,1.19048,1367.82796,0
1506011639,21982184,1.19048,84.21000,0
1506011634,21982167,1.19048,1225.95628,0
1506011633,21982160,1.19048,483.42494,0
1506011627,21982143,1.19000,2.46408,0
1506011622,21982133,1.19000,1129.94592,0
1506011622,21982131,1.19000,14.90055,0
1506011622,21982129,1.19000,567.87846,0
1506011618,21982105,1.19000,5916.09896,0
1506011618,21982103,1.19000,617.18000,0
1506011617,21982098,1.19000,1929.68086,0
1506011617,21982097,1.18998,218.40261,0
1506011616,21982091,1.19000,279.92129,0
1506011615,21982083,1.19000,422.35669,0
1506011615,21982082,1.19000,2690.52419,0
1506011614,21982080,1.19000,238.15912,0
1506011612,21982066,1.19000,2780.43000,0
1506011610,21982052,1.18987,280.33614,0
1506011609,21982041,1.18987,524.40924,0
1506011608,21982039,1.18987,34.64378,0
1506011607,21982033,1.18988,559.25722,0
1506011607,21982027,1.18990,278.14688,1
1506011605,21982014,1.18988,969.82056,0
1506011605,21982011,1.18988,280.17944,0
1506011603,21982000,1.18989,300.28750,0
1506011603,21981994,1.18989,471.48350,0
1506011598,21981944,1.18505,235.36401,1
1506011597,21981942,1.18505,8.61892,1
1506011597,21981941,1.18506,30.00000,1
1506011583,21981874,1.18985,395.61756,1
1506011578,21981848,1.18984,905.37044,0
1506011552,21981611,1.18760,5.74707,1
1506011549,21981610,1.18506,79.00110,1
1506011549,21981609,1.18759,5.74595,1
1506011529,21981568,1.18503,601.13428,0
1506011526,21981563,1.18504,12.11698,1
1506011526,21981562,1.18505,179.07000,1
1506011526,21981561,1.18505,247.80000,1
1506011526,21981560,1.18505,42.12681,1
1506011526,21981559,1.18507,8.07799,1
1506011516,21981527,1.18507,275.04295,1
1506011515,21981526,1.18507,84.74704,1
1506011513,21981519,1.18506,595.39948,1
1506011479,21981414,1.18507,769.53910,1
1506011456,21981377,1.18506,92.70999,1
1506011454,21981368,1.18508,404.92999,1
1506011454,21981366,1.18507,31.10680,0
1506011453,21981364,1.18505,663.41319,1
1506011453,21981363,1.18507,18.66408,1
1506011453,21981362,1.18507,12.44272,1
1506011450,21981352,1.18509,391.95136,1
1506011434,21981334,1.18514,629.82710,0
1506011433,21981333,1.18514,854.06145,1
1506011433,21981332,1.18568,0.22144,1
1506011325,21981127,1.19000,13.85122,0
1506011325,21981125,1.18998,121.45560,0
1506011121,21980829,1.18568,16.08645,1
1506010987,21980628,1.18524,120.72661,1
1506010910,21980489,1.18999,590.24086,0
1506010902,21980474,1.18999,590.24086,0
1506010897,21980458,1.18934,173.42000,1
1506010892,21980444,1.18939,132.63466,1
1506010892,21980442,1.18939,475.08151,1
1506010886,21980409,1.19000,398.46000,0
1506010884,21980402,1.19000,981.26316,0
1506010879,21980396,1.18939,80.00000,1
1506010873,21980380,1.18939,18.29842,1
1506010873,21980379,1.18939,81.70158,1
1506010858,21980344,1.19000,188.23478,0
1506010853,21980326,1.19000,179.07000,0
1506010851,21980321,1.19000,247.80000,0
1506010830,21980286,1.19000,705.54000,0
1506010830,21980285,1.19000,231.32000,0
1506010821,21980266,1.19000,154.97515,0
1506010820,21980260,1.19000,235.51659,0
1506010819,21980257,1.19000,149.76184,0
1506010811,21980234,1.19000,231.58690,0
1506010809,21980226,1.19000,83.38000,0
1506010803,21980215,1.19000,186.53246,0
1506010790,21980183,1.19000,95.91000,0
1506010783,21980178,1.19000,128.15000,0
1506010721,21980076,1.19004,864.33188,0
1506010720,21980075,1.19004,864.32667,0
1506010720,21980074,1.19004,67.97812,0
1506010709,21980055,1.19004,485.11333,0
1506010709,21980053,1.19004,363.95591,0
1506010708,21980048,1.19004,500.37393,0
1506010697,21980033,1.19005,523.76016,0
1506010676,21979997,1.19005,1286.32000,0
1506010666,21979977,1.19005,80.51000,0
1506010664,21979960,1.19005,64.32000,0
1506010664,21979956,1.19005,80.40000,0
1506010662,21979947,1.19005,80.30000,0
1506010660,21979940,1.19005,80.19000,0
1506010658,21979932,1.19005,478.18000,0
1506010658,21979930,1.19000,5.13692,0
1506010655,21979928,1.19000,230.94077,0
1506010653,21979921,1.19000,656.43923,0
1506010651,21979916,1.19000,1024.20000,0
1506010650,21979907,1.19000,198.11983,0
1506010649,21979902,1.19000,16.80672,0
1506010649,21979899,1.19000,252.10084,0
1506010649,21979897,1.19000,310.02256,0
1506010649,21979896,1.19000,226.04964,0
1506010648,21979893,1.19000,126.03000,0
1506010647,21979886,1.19000,480.12068,0
1506010646,21979879,1.19000,669.62198,0
1506010646,21979878,1.19000,561.69734,0
1506010640,21979860,1.19000,2984.64526,0
1506010638,21979851,1.19000,286.82000,0
1506010636,21979845,1.19000,1063.89000,0
1506010636,21979843,1.19000,280.72604,0
1506010634,21979835,1.19000,391.67985,0
1506010626,21979818,1.18945,113.53842,0
1506010625,21979815,1.18945,81.70170,0
1506010625,21979814,1.18944,0.08830,0
1506010625,21979810,1.18944,17.57169,0
1506010609,21979777,1.18944,266.09001,0
1506010609,21979775,1.18944,244.25999,0
1506010608,21979766,1.18939,34.90849,0
1506010608,21979763,1.18939,385.00657,0
1506010607,21979762,1.18501,41.95936,1
1506010607,21979761,1.18501,311.34211,1
1506010607,21979760,1.18502,5.84493,1
1506010606,21979755,1.18934,172.55940,0
1506010568,21979663,1.18501,359.59000,1
1506010521,21979466,1.18501,202.30079,1
1506010519,21979458,1.18501,202.46418,1
1506010514,21979420,1.18501,208.68253,1
1506010514,21979416,1.18501,1675.52669,1
1506010509,21979366,1.18501,46.30357,1
1506010509,21979364,1.18501,355.24643,1
1506010506,21979350,1.18501,363.50000,1
1506010504,21979334,1.18501,401.18106,1
1506010501,21979311,1.18501,576.49995,1
1506010498,21979296,1.18501,337.63816,1
1506010494,21979275,1.18501,1035.92401,1
1506010494,21979273,1.18501,576.09327,1
1506010493,21979270,1.18501,3616.42374,1
1506010492,21979258,1.18501,173.41626,1
1506010491,21979257,1.18501,1602.29474,1
1506010491,21979256,1.18501,267.26403,1
1506010489,21979243,1.18501,520.64973,1
1506010480,21979204,1.18501,262.23131,1
1506010477,21979194,1.18506,7.04283,1
1506010456,21979066,1.18501,282.84514,1
1506010455,21979060,1.18501,432.80955,1
1506010455,21979058,1.18501,4170.78336,1
1506010455,21979056,1.18501,1196.40709,1
1506010455,21979055,1.18501,283.76232,1
1506010453,21979051,1.18501,283.72283,1
1506010450,21979038,1.18501,707.48771,1
1506010449,21979023,1.18501,283.80616,1
1506010447,21979016,1.18501,300.04946,1
1506010424,21978942,1.18501,753.52553,1
1506010424,21978941,1.18501,194.15026,1
1506010424,21978940,1.18502,17.99524,1
1506010418,21978921,1.18505,0.09380,1
1506010416,21978918,1.18505,18.66609,1
1506010415,21978916,1.18505,282.92061,1
1506010377,21978766,1.18505,122.98950,1
1506010377,21978764,1.18505,587.70626,1
1506010376,21978760,1.18505,284.16456,1
1506010375,21978755,1.18505,285.90885,1
1506010374,21978749,1.18505,50.05000,1
1506010374,21978748,1.18505,456.87699,1
1506010373,21978744,1.18505,50.05000,1
1506010373,21978742,1.18505,570.40301,1
1506010372,21978734,1.18505,147.54000,1
1506010371,21978732,1.18505,165.46367,1
1506010361,21978686,1.18505,227.02999,1
1506010336,21978592,1.18505,1182.04801,1
1506010331,21978572,1.18506,12.40823,1
1506010328,21978559,1.18505,65.35833,1
1506010328,21978558,1.18506,19.55079,1
1506010327,21978550,1.18508,0.06204,1
1506010326,21978543,1.18508,12.34619,1
1506010316,21978496,1.18506,751.90870,1
1506010312,21978487,1.18506,514.54870,0
1506010311,21978485,1.18506,530.00000,1
1506010311,21978484,1.18507,21.85825,1
1506010311,21978481,1.18571,13.16978,1
1506010183,21978324,1.18940,74.81779,0
1506010101,21978262,1.18853,100.08581,0
1506010034,21978232,1.18850,38.29740,1
1506010034,21978231,1.18850,38.29740,1
1506010034,21978229,1.18850,38.29740,1
1506010034,21978228,1.18850,38.29740,1
1506010034,21978227,1.18850,38.29740,1
1506010034,21978226,1.18850,38.29740,1
1506010033,21978225,1.18850,13.36740,1
1506009986,21978198,1.18850,24.93000,1
1506009980,21978187,1.18850,38.29740,1
1506009980,21978186,1.18850,38.29740,1
1506009978,21978183,1.18850,38.29740,1
1506009978,21978182,1.18850,38.29739,1
1506009977,21978179,1.18851,15.11497,1
1506009970,21978173,1.18514,0.00001,0
1506009970,21978172,1.18514,38.29740,0
1506009962,21978161,1.18853,181.03500,1
1506009962,21978160,1.18853,170.31483,1
1506009962,21978159,1.18857,16.76836,1
1506009947,21978146,1.18853,10.72017,1
1506009947,21978144,1.18853,181.03500,1
1506009947,21978142,1.18853,181.03500,1
1506009947,21978141,1.18853,181.03500,1
1506009947,21978140,1.18853,181.03497,1
1506009944,21978133,1.18716,0.00003,0
1506009943,21978132,1.18716,181.03500,0
1506009941,21978130,1.18945,0.97497,1
1506009941,21978129,1.18945,194.01888,1
1506009940,21978125,1.18945,283.63664,1
1506009939,21978122,1.18945,79.66951,1
1506009938,21978120,1.18945,175.38153,1
1506009901,21978035,1.18945,24.80526,1
1506009896,21978027,1.18945,24.80526,1
1506009892,21978023,1.18945,333.30795,1
1506009892,21978021,1.18945,558.30000,1
1506009892,21978019,1.18945,30.00113,1
1506009892,21978017,1.18946,29.09308,1
1506009890,21978014,1.18945,283.79925,1
1506009886,21978004,1.18945,244.49962,1
1506009877,21977995,1.18941,94.97000,0
1506009877,21977994,1.18941,818.27000,0
1506009877,21977993,1.18941,101.94130,0
1506009780,21977807,1.18516,85.15000,1
1506009770,21977770,1.18940,697.55889,1
1506009764,21977740,1.18940,152.66000,1
1506009758,21977722,1.18940,759.06041,1
1506009758,21977721,1.18940,290.52367,1
1506009756,21977716,1.18940,205.27001,1
1506009756,21977715,1.18940,81.67999,1
1506009754,21977704,1.18940,344.80716,1
1506009744,21977688,1.18940,283.02980,1
1506009738,21977676,1.18940,117.91000,1
1506009734,21977668,1.18940,116.17000,1
1506009732,21977663,1.18940,169.88867,1
1506009732,21977662,1.18940,539.71133,1
1506009726,21977653,1.18940,283.98817,1
1506009725,21977648,1.18940,80.62999,1
1506009725,21977647,1.18940,303.82327,1
1506009722,21977636,1.18940,23.54870,1
1506009722,21977634,1.18941,73.70188,1
1506009721,21977631,1.18940,377.57784,1
1506009720,21977626,1.18940,62.63950,1
1506009717,21977613,1.18942,80.63052,1
1506009716,21977610,1.18940,1546.63980,1
1506009716,21977609,1.18940,0.00001,1
1506009716,21977608,1.18941,80.63052,1
1506009708,21977599,1.18939,1609.27929,0
1506009705,21977593,1.18942,19.22510,1
1506009705,21977590,1.18941,60.00000,0
1506009705,21977589,1.18939,9.29722,0
1506009704,21977581,1.18941,101.94130,1
1506009704,21977578,1.18941,101.94130,1
1506009704,21977576,1.18941,101.94130,1
1506009704,21977574,1.18941,101.94130,1
1506009703,21977572,1.18941,101.94130,1
1506009703,21977570,1.18941,101.94130,1
1506009703,21977568,1.18941,101.94130,1
1506009703,21977567,1.18941,101.94130,1
1506009703,21977566,1.18941,101.94130,1
1506009703,21977564,1.18941,101.94130,1
1506009703,21977563,1.18941,101.94130,1
1506009703,21977562,1.18941,101.94130,1
1506009702,21977561,1.18941,101.94130,1
1506009702,21977560,1.18941,101.94130,1
1506009702,21977559,1.18941,101.94130,1
1506009702,21977558,1.18941,95.67386,1
1506009700,21977551,1.18941,5.57348,1
1506009699,21977550,1.18941,0.69396,1
1506009699,21977549,1.18941,101.94130,1
1506009699,21977548,1.18941,101.94130,1
1506009699,21977547,1.18941,101.08908,1
1506009697,21977542,1.18928,0.85222,0
1506009693,21977534,1.18534,100.00000,0
1506009690,21977526,1.18927,146.35170,1
1506009689,21977525,1.18927,146.35170,1
1506009689,21977524,1.18927,146.35170,1
1506009689,21977523,1.18927,146.35170,1
1506009689,21977522,1.18927,103.11258,1
1506009688,21977514,1.18930,95.18592,1
1506009687,21977511,1.18927,0.80049,1
1506009686,21977510,1.18929,95.18592,1
1506009681,21977501,1.18927,42.43863,1
1506009681,21977500,1.18927,54.40716,1
1506009681,21977497,1.18927,91.94454,1
1506009681,21977495,1.18927,8.05546,1
1506009680,21977492,1.18927,40.69639,1
1506009680,21977490,1.18928,96.03814,1
1506009676,21977481,1.18927,97.59985,1
1506009675,21977475,1.18930,4.55542,1
1506009675,21977473,1.19025,424.67000,0
1506009675,21977471,1.18930,92.46350,1
1506009660,21977424,1.18928,99.11731,1
1506009652,21977400,1.18595,17.06511,0
1506009652,21977399,1.18595,129.28662,0
1506009650,21977392,1.18596,126.69000,1
1506009649,21977386,1.19025,1207.82967,0
1506009646,21977355,1.19025,1077.33000,0
1506009646,21977352,1.19024,59.01149,0
1506009645,21977348,1.19024,4.32562,0
1506009645,21977347,1.19024,63.36045,0
1506009559,21977122,1.18935,147.64000,1
1506009555,21977104,1.18914,147.64000,0
1506009548,21977088,1.19025,147.54000,0
1506009547,21977084,1.19025,1639.90000,0
1506009472,21977005,1.19045,82.69175,0
1506009472,21977004,1.18981,65.42267,0
1506009395,21976890,1.18508,216.62084,1
1506009395,21976889,1.18591,63.10196,1
1506009390,21976881,1.18965,31.44531,1
1506009390,21976879,1.18965,84.44527,1
1506009389,21976871,1.18972,63.10196,1
1506009295,21976782,1.18965,0.04028,1
1506009294,21976781,1.18967,67.33081,1
1506009287,21976772,1.18983,7.27886,1
1506009286,21976770,1.18983,65.25000,1
1506009214,21976681,1.19049,9.04524,0
1506009214,21976680,1.19023,75.32476,0
1506009213,21976679,1.18994,56.40068,0
1506009213,21976678,1.18989,33.95014,0
1506009210,21976671,1.18989,65.25381,1
1506009209,21976669,1.18989,33.95014,1
1506009209,21976667,1.18990,81.98072,1
1506009208,21976662,1.19049,538.63000,0
1506009198,21976648,1.19049,483.48757,0
1506009198,21976647,1.19023,18.88000,0
1506009198,21976646,1.18994,36.25243,0
1506009161,21976584,1.18994,56.56131,1
1506009159,21976575,1.18993,0.28258,0
1506009158,21976571,1.18993,92.98649,1
1506009146,21976539,1.19049,70.13592,0
1506009146,21976536,1.19040,6.77105,0
1506009146,21976535,1.19025,0.32303,0
1506009138,21976514,1.19023,94.20476,0
1506009134,21976500,1.19025,143.33059,0
1506009133,21976496,1.19022,69.72014,1
1506009122,21976473,1.19025,174.87000,0
1506009120,21976472,1.19025,52.11000,0
1506009070,21976426,1.19025,80.12098,0
1506009058,21976408,1.19025,549.24540,0
1506009058,21976407,1.19025,692.67460,0
1506009036,21976349,1.19025,85.97036,0
1506009036,21976348,1.19020,0.45964,0
1506009019,21976326,1.19020,449.17623,0
1506008960,21976187,1.19020,100.36413,0
1506008941,21976145,1.19025,809.49000,0
1506008835,21975994,1.19025,2007.21000,0
1506008832,21975989,1.19025,126.62000,0
1506008830,21975987,1.19025,84.16000,0
1506008827,21975986,1.18996,74.41999,1
1506008797,21975955,1.19025,106.01738,0
1506008792,21975939,1.19025,106.01738,0
1506008787,21975921,1.19025,105.46000,0
1506008787,21975917,1.19025,106.01738,0
1506008784,21975908,1.19025,770.36290,0
1506008784,21975907,1.19025,601.09710,0
1506008752,21975861,1.18982,74.38559,1
1506008744,21975830,1.19025,208.07464,0
1506008743,21975828,1.18965,0.51632,1
1506008743,21975827,1.18966,115.43389,1
1506008738,21975810,1.18981,89.21608,1
1506008711,21975765,1.19025,728.51424,0
1506008706,21975758,1.19025,139.36775,0
1506008688,21975710,1.19025,226.86579,0
1506008687,21975707,1.19025,421.84000,0
1506008687,21975706,1.19025,442.13000,0
1506008683,21975696,1.19025,142.82086,0
1506008649,21975665,1.19025,69.49422,0
1506008645,21975659,1.19025,215.97930,0
1506008640,21975647,1.19025,326.00000,0
1506008639,21975645,1.18985,116.62947,1
1506008638,21975643,1.19025,751.94000,0
1506008629,21975632,1.19025,572.06000,0
1506008594,21975588,1.19025,64.95000,0
1506008560,21975562,1.19025,43.74696,0
1506008532,21975509,1.19025,45.11914,0
1506008532,21975508,1.19020,6.77220,0
1506008532,21975507,1.19000,31.41866,0
1506008514,21975481,1.18976,83.75000,1
1506008505,21975458,1.19000,343.18528,0
1506008505,21975457,1.19000,3259.08081,0
1506008501,21975451,1.19000,1740.91919,0
1506008501,21975450,1.19000,3063.51081,0
1506008395,21975197,1.19000,12.81756,0
1506008352,21975142,1.19000,168.27619,0
1506008334,21975111,1.19000,643.87946,0
1506008334,21975109,1.19000,426.34000,0
1506008329,21975102,1.19000,643.87946,0
1506008301,21975065,1.19000,41.29652,0
1506008301,21975064,1.19000,6.77335,0
1506008301,21975063,1.18980,6.77449,0
1506008301,21975062,1.18960,6.77564,0
1506008285,21975028,1.18950,355.47165,0
1506008284,21975025,1.18950,280.87408,0
1506008246,21974971,1.18950,175.98000,0
1506008245,21974968,1.18950,37.68342,0
1506008213,21974922,1.18950,579.44000,0
1506008173,21974823,1.18950,3570.55085,0
1506008173,21974822,1.18950,6.77622,0
1506008173,21974821,1.18940,6.77679,0
1506008173,21974820,1.18930,6.77736,0
1506008173,21974817,1.18920,6.77794,0
1506008173,21974816,1.18910,6.77851,0
1506008173,21974815,1.18900,0.00849,0
1506008162,21974766,1.18900,6.77060,0
1506008161,21974765,1.18900,40.67940,0
1506008156,21974743,1.18900,3595.12048,0
1506008146,21974705,1.18900,364.20012,0
1506008146,21974703,1.18850,0.00803,0
1506008137,21974662,1.18850,1257.17000,0
1506008065,21974442,1.18848,137.67140,0
1506008060,21974418,1.18848,281.22057,0
1506008058,21974409,1.18848,280.34089,0
1506008048,21974383,1.18848,59.68463,0
1506007950,21974079,1.18798,1212.46735,0
1506007928,21974045,1.18800,416.17591,1
1506007927,21974041,1.18800,82.89000,1
1506007927,21974037,1.18800,42.52509,1
1506007926,21974036,1.18800,541.59100,1
1506007926,21974035,1.18800,541.59099,1
1506007925,21974034,1.18650,0.00001,0
1506007925,21974033,1.18650,541.59100,0
1506007920,21974020,1.18353,423.32000,1
1506007918,21974011,1.18652,1262.73703,1
1506007918,21974006,1.18652,536.63656,1
1506007916,21973999,1.18652,5.89248,1
1506007916,21973998,1.18654,37.85752,1
1506007884,21973944,1.18850,48.84491,0
1506007884,21973942,1.18652,938.08121,1
1506007883,21973940,1.18655,37.64010,1
1506007875,21973911,1.18652,0.49259,1
1506007875,21973910,1.18653,61.45741,1
1506007874,21973904,1.18807,41.32490,1
1506007874,21973903,1.18807,40.97161,1
1506007871,21973896,1.18808,40.76316,0
1506007870,21973891,1.18807,0.35329,1
1506007870,21973890,1.18807,41.32490,1
1506007870,21973889,1.18807,41.32490,1
1506007870,21973888,1.18807,41.32490,1
1506007870,21973887,1.18807,41.32490,1
1506007870,21973886,1.18807,41.32490,1
1506007870,21973885,1.18807,41.32490,1
1506007870,21973884,1.18807,41.32490,1
1506007870,21973882,1.18807,41.32490,1
1506007869,21973881,1.18807,41.32490,1
1506007869,21973880,1.18807,41.32490,1
1506007869,21973878,1.18807,41.32488,1
1506007869,21973877,1.18808,40.97161,1
1506007866,21973868,1.18653,0.00002,0
1506007865,21973867,1.18653,41.32490,0
1506007853,21973853,1.18652,17.36212,1
1506007852,21973852,1.18653,26.67296,1
1506007852,21973851,1.18843,0.00027,1
1506007852,21973850,1.18844,41.32465,1
1506007783,21973732,1.18850,2028.93000,0
1506007774,21973719,1.18843,48.90893,1
1506007774,21973718,1.18843,48.90920,1
1506007768,21973701,1.18843,48.90920,1
1506007768,21973700,1.18843,48.90920,1
1506007768,21973699,1.18843,48.90920,1
1506007768,21973698,1.18843,48.90920,1
1506007766,21973688,1.18658,0.00002,0
1506007766,21973687,1.18658,48.90920,0
1506007762,21973674,1.18658,35.75224,1
1506007762,21973666,1.18658,51.76817,1
1506007716,21973530,1.18850,287.53890,0
1506007676,21973432,1.18850,90.33000,0
1506007661,21973361,1.18850,1105.57000,0
1506007657,21973339,1.18850,114.88000,0
1506007654,21973319,1.18849,678.62183,0
1506007653,21973318,1.18849,51.77000,0
1506007652,21973309,1.18849,1172.34000,0
1506007643,21973273,1.18849,15.77125,0
1506007642,21973265,1.18849,485.91013,0
1506007636,21973225,1.18849,485.91013,0
1506007631,21973205,1.18849,804.57666,0
1506007628,21973202,1.18849,305.10000,0
1506007624,21973170,1.18650,51.64690,0
1506007623,21973159,1.18650,2233.27329,0
1506007622,21973156,1.18650,242.18919,0
1506007622,21973147,1.18650,25.20295,0
1506007621,21973144,1.18650,263.97946,0
1506007620,21973133,1.18650,132.80684,0
1506007618,21973126,1.18650,375.37786,0
1506007618,21973123,1.18650,3280.34627,0
1506007615,21973109,1.18650,668.99282,0
1506007614,21973099,1.18650,2078.35000,0
1506007613,21973095,1.18650,61.91052,0
1506007610,21973076,1.18650,244.09605,0
1506007605,21973050,1.18650,6262.66561,0
1506007605,21973047,1.18650,779.60386,0
1506007605,21973042,1.18650,243.44437,0
1506007603,21973028,1.18650,2083.09233,0
1506007603,21973023,1.18650,777.19340,0
1506007599,21972999,1.18650,264.50504,0
1506007596,21972978,1.18650,336.62000,0
1506007595,21972971,1.18650,87.29473,0
1506007591,21972951,1.18650,562.39509,0
1506007590,21972944,1.18650,4232.77614,0
1506007590,21972940,1.18650,87.29473,0
1506007588,21972920,1.18650,388.76526,0
1506007584,21972882,1.18650,371.00885,0
1506007584,21972875,1.18650,448.51000,0
1506007582,21972858,1.18650,696.23259,0
1506007582,21972855,1.18650,753.14153,0
1506007580,21972847,1.18650,78.46240,0
1506007580,21972844,1.18650,278.07447,0
1506007580,21972840,1.18650,16.85630,0
1506007579,21972836,1.18650,694.06182,0
1506007579,21972830,1.18650,371.00885,0
1506007579,21972827,1.18650,215.38573,0
1506007577,21972816,1.18650,281.81891,0
1506007577,21972810,1.18650,769.41424,0
1506007576,21972807,1.18650,25.96298,0
1506007576,21972798,1.18650,564.35342,0
1506007574,21972780,1.18650,769.41423,0
1506007574,21972773,1.18650,237.89133,0
1506007574,21972769,1.18650,371.00885,0
1506007573,21972763,1.18650,227.44719,0
1506007572,21972756,1.18650,371.15043,0
1506007572,21972749,1.18650,558.13494,0
1506007568,21972729,1.18650,372.69000,0
1506007561,21972661,1.18649,516.32413,0
1506007556,21972636,1.18650,60.54560,0
1506007556,21972632,1.18650,60.54560,0
1506007556,21972630,1.18650,60.54560,0
1506007555,21972628,1.18650,60.54560,0
1506007555,21972627,1.18650,60.54560,0
1506007555,21972626,1.18650,60.54560,0
1506007555,21972625,1.18650,60.54560,0
1506007555,21972621,1.18649,60.54560,0
1506007554,21972619,1.18649,60.54560,0
1506007554,21972616,1.18649,22.98504,0
1506007554,21972613,1.18649,37.56056,0
1506007554,21972608,1.18649,60.54560,0
1506007553,21972607,1.18649,60.54560,0
1506007553,21972605,1.18649,60.54560,0
1506007553,21972603,1.18649,60.54560,0
1506007545,21972523,1.18649,263.89531,0
1506007536,21972491,1.18649,183.04661,0
1506007532,21972457,1.18649,1691.86524,0
1506007531,21972450,1.18649,169.65165,0
1506007516,21972365,1.18648,89.86477,0
1506007507,21972328,1.18006,285.40887,1
1506007501,21972300,1.18648,119.81855,0
1506007495,21972250,1.18648,89.74949,0
1506007494,21972240,1.18018,284.82789,1
1506007492,21972228,1.18017,190.67531,1
1506007467,21972064,1.18006,90.00000,1
1506007314,21971204,1.18649,169.91859,0
1506007314,21971203,1.18648,50.00000,0
1506007311,21971188,1.18648,99.91788,0
1506007305,21971150,1.18648,199.83580,0
1506007301,21971146,1.18648,379.68702,0
1506007297,21971120,1.18648,38.26000,0
1506007289,21971092,1.18648,299.73238,0
1506007281,21971059,1.18648,109.19553,0
1506007210,21970871,1.18649,444.80694,0
1506007210,21970870,1.18648,732.77420,0
1506007210,21970868,1.18648,447.22580,0
1506007193,21970782,1.18648,69.11000,0
1506007103,21970411,1.18015,16.44632,1
1506007094,21970372,1.18321,30.91022,1
1506007093,21970361,1.18020,16.86729,1
1506007092,21970350,1.18019,120.00000,1
1506007080,21970262,1.18014,218.90000,1
1506006832,21969405,1.18008,343.39949,0
1506006831,21969403,1.18008,6.60051,0
1506006831,21969401,1.18008,650.00000,1
1506006773,21969371,1.18648,197.46090,0
1506006748,21969336,1.18649,797.07270,0
1506006748,21969335,1.18648,1620.00000,0
1506006736,21969316,1.18003,28182.06293,1
1506006736,21969312,1.18010,1406.53055,1
1506006736,21969310,1.18050,11300.00000,1
1506006736,21969309,1.18050,406.23343,1
1506006736,21969308,1.18051,43.63955,1
1506006735,21969307,1.18150,34659.67097,1
1506006735,21969304,1.18163,25.24000,1
1506006735,21969303,1.18192,4000.00000,1
1506006734,21969302,1.18199,2964.54110,1
1506006734,21969301,1.18199,18005.51926,0
1506006734,21969300,1.18200,810.00000,0
1506006734,21969299,1.18206,218.05677,1
1506006733,21969298,1.18206,110.73399,0
1506006733,21969297,1.18206,73.82266,0
1506006733,21969296,1.18206,5000.00000,0
1506006733,21969295,1.18206,5000.00000,0
1506006733,21969293,1.18300,66.72816,1
1506006733,21969291,1.18300,0.00184,1
1506006733,21969290,1.18300,99.03000,1
1506006732,21969289,1.18300,5.00000,1
1506006732,21969288,1.18300,132.53000,1
1506006732,21969287,1.18300,103.00000,1
1506006732,21969286,1.18300,520.03000,1
1506006732,21969285,1.18300,379.92397,1
1506006732,21969284,1.18300,559.34000,1
1506006732,21969283,1.18300,69.40000,1
1506006732,21969282,1.18300,464.31000,1
1506006732,21969281,1.18300,84.57000,1
1506006731,21969280,1.18300,1022.90747,1
1506006731,21969279,1.18300,345.15000,1
1506006731,21969278,1.18300,1214.80672,1
1506006731,21969277,1.18300,233.42134,1
1506006731,21969276,1.18300,109.26000,1
1506006731,21969275,1.18300,176.80154,1
1506006731,21969274,1.18300,284.21736,1
1506006731,21969273,1.18300,284.16744,1
1506006731,21969272,1.18300,284.80186,1
1506006731,21969271,1.18300,1021.75576,1
1506006731,21969270,1.18300,524.29547,1
1506006730,21969269,1.18300,43.17059,1
1506006730,21969268,1.18300,125.54000,1
1506006730,21969267,1.18300,911.12000,1
1506006730,21969266,1.18300,284.83734,1
1506006730,21969265,1.18300,563.00914,1
1506006730,21969264,1.18300,153.60216,1
1506006730,21969263,1.18301,147.64532,1
1506006729,21969262,1.18302,460.00000,0
1506006729,21969261,1.18412,110.73399,1
1506006729,21969260,1.18413,743.03000,0
1506006729,21969259,1.18413,621.71000,0
1506006729,21969258,1.18413,570.27866,0
1506006727,21969256,1.18702,73.82266,0
1506006678,21969205,1.18850,66.72816,0
1506006677,21969204,1.18800,0.00184,0
1506006677,21969201,1.18800,99.03000,0
1506006667,21969166,1.18800,5.00000,0
1506006649,21969125,1.18703,5.00130,1
1506006602,21969082,1.18800,132.53000,0
1506006600,21969079,1.18800,103.00000,0
1506006583,21969012,1.18800,520.03000,0
1506006338,21968791,1.18800,379.92397,0
1506006330,21968763,1.18800,559.34000,0
1506006280,21968694,1.18800,69.40000,0
1506006254,21968674,1.18800,464.31000,0
1506006228,21968643,1.18800,84.57000,0
1506006225,21968638,1.18800,1022.90747,0
1506006223,21968633,1.18800,345.15000,0
1506006220,21968619,1.18800,1214.80672,0
1506006220,21968618,1.18700,0.00328,0
1506006218,21968606,1.18700,2823.85000,0
1506006208,21968591,1.18700,323.54000,0
1506006205,21968584,1.18700,285.28862,0
1506006204,21968579,1.18700,567.31810,0
1506006203,21968571,1.18699,233.42134,0
1506006202,21968570,1.18699,109.26000,0
1506006202,21968567,1.18699,176.80154,0
1506006201,21968562,1.18699,284.21736,0
1506006200,21968558,1.18699,284.16744,0
1506006199,21968554,1.18699,284.80186,0
1506006198,21968553,1.18699,1021.75576,0
1506006198,21968547,1.18699,524.29547,0
1506006197,21968545,1.18699,43.17059,0
1506006196,21968543,1.18699,125.54000,0
1506006195,21968536,1.18699,911.12000,0
1506006194,21968532,1.18699,284.83734,0
1506006193,21968528,1.18699,563.00914,0
1506006192,21968523,1.18699,153.60216,0
1506006192,21968522,1.18692,743.03784,0
1506006191,21968519,1.18650,1.92902,0
1506006189,21968509,1.18650,619.78113,0
1506006178,21968484,1.18650,22.32313,0
1506006178,21968483,1.18649,33.16687,0
1506006164,21968442,1.18600,0.00004,0
1506006163,21968441,1.18600,148.48870,0
1506006160,21968437,1.18600,816.02624,0
1506006159,21968435,1.18199,44.56537,1
1506006159,21968434,1.18200,23.05604,1
1506006159,21968433,1.18200,21.54566,1
1506006159,21968432,1.18233,10.83293,1
1506006156,21968426,1.18600,49.96748,0
1506006154,21968418,1.18600,685.94000,0
1506006147,21968408,1.18600,29.76303,0
1506006147,21968406,1.18600,16.86341,0
1506006146,21968403,1.18600,252.95110,0
1506006104,21968288,1.18650,0.58731,0
1506006103,21968287,1.18649,844.51269,0
1506006078,21968246,1.18649,155.48731,0
1506006074,21968237,1.18648,155.48690,0
1506006071,21968231,1.18648,294.93353,0
1506006068,21968223,1.18648,764.57755,0
1506006028,21968176,1.18648,54.13000,0
1506005952,21967948,1.18199,987.93849,1
1506005950,21967943,1.18199,2291.86182,1
1506005950,21967942,1.18200,6.04817,1
1506005886,21967839,1.18199,1090.73299,1
1506005873,21967803,1.18199,1896.00125,1
1506005873,21967802,1.18199,1090.72875,1
1506005872,21967794,1.18199,410.57877,1
1506005872,21967793,1.18199,680.14999,1
1506005871,21967791,1.18199,106.75124,1
1506005858,21967726,1.18199,410.58000,1
1506005856,21967716,1.18199,287.34744,1
1506005848,21967682,1.18199,189.97947,1
1506005846,21967673,1.18199,36.54000,1
1506005845,21967657,1.18199,298.97824,1
1506005843,21967651,1.18648,91.32582,0
1506005830,21967538,1.18199,320.07387,1
1506005821,21967450,1.18199,252.87730,1
1506005818,21967422,1.18199,243.04048,1
1506005818,21967421,1.18200,9.83682,1
1506005803,21967281,1.18199,5.24004,1
1506005803,21967280,1.18200,280.00000,1
1506005802,21967278,1.18219,9.83682,1
1506005772,21967112,1.18199,2.53794,1
1506005772,21967110,1.18200,520.00000,1
1506005772,21967108,1.18211,12.69939,1
1506005726,21967023,1.18200,112.65662,1
1506005721,21966991,1.18199,257.89448,1
1506005718,21966979,1.18200,308.29973,1
1506005718,21966977,1.18221,13.43281,1
1506005713,21966948,1.18200,914.83566,1
1506005713,21966947,1.18219,13.44759,1
1506005479,21966642,1.18648,255.31357,0
1506005441,21966591,1.18199,163.34507,1
1506005441,21966590,1.18200,15.45489,1
1506005440,21966589,1.18534,0.00004,1
1506005440,21966587,1.18232,19.59223,0
1506005440,21966586,1.18201,684.77573,0
1506005439,21966582,1.18199,2010.46208,1
1506005436,21966572,1.18199,832.05248,1
1506005436,21966571,1.18200,29.26752,1
1506005436,21966569,1.18235,15.55153,1
1506005435,21966559,1.18201,360.99344,1
1506005434,21966554,1.18234,19.51168,1
1506005332,21966324,1.18350,19.25189,0
1506005331,21966320,1.18360,19.25189,1
1506004702,21965655,1.18218,6.32804,1
1506004693,21965652,1.18216,447.75000,1
1506004658,21965559,1.18209,49.06040,1
1506004657,21965554,1.18210,33.17933,1
1506004657,21965553,1.18235,9.54009,1
1506004657,21965550,1.18254,6.36006,1
1506004518,21965323,1.18600,40.47545,1
1506004517,21965321,1.18600,404.47999,1
1506004517,21965320,1.18600,511.59999,1
1506004504,21965296,1.18600,246.12599,1
1506004498,21965292,1.18600,782.91718,1
1506004497,21965290,1.18601,5.33281,1
1506004488,21965278,1.18600,983.68466,1
1506004486,21965275,1.18600,2109.13154,1
1506004485,21965273,1.18600,853.75494,0
1506004485,21965272,1.18599,667.83026,0
1506002020,21964220,1.18552,189.69735,1
1506001967,21964194,1.18600,58.74330,0
1506001967,21964193,1.18600,58.74330,0
1506001967,21964192,1.18600,28.75846,0
1506001967,21964191,1.18598,29.98484,0
1506001966,21964190,1.18550,0.00230,0
1506001964,21964186,1.18550,952.26000,0
1506001913,21964149,1.18550,47.73770,0
1506001493,21964042,1.18550,999.99996,0
1506001492,21964041,1.18550,201.85010,0
1506001492,21964040,1.18549,47.87894,0
1506001057,21963812,1.18152,48.15999,1
1506000957,21963764,1.18152,310.99519,1
1506000957,21963763,1.18200,0.00480,1
1506000921,21963752,1.18200,488.33999,1
1506000913,21963741,1.18200,512.45999,1
1506000844,21963719,1.18200,400.28159,1
1506000840,21963714,1.18200,932.49577,1
1506000837,21963712,1.18200,462.61758,1
1506000801,21963690,1.18200,862.09814,1
1506000798,21963685,1.18200,1685.14383,1
1505999312,21963018,1.18200,785.05077,1
1505997820,21962406,1.18550,199.52000,0
1505997819,21962405,1.18550,199.52000,0
1505997818,21962403,1.18550,199.52000,0
1505997817,21962402,1.18550,199.52000,0
1505997813,21962401,1.18550,0.06990,0
1505997813,21962400,1.18500,105.16010,0
1505997805,21962396,1.18500,894.77000,0
1505997802,21962395,1.18500,0.06990,0
1505997802,21962394,1.18450,105.61010,0
1505997799,21962393,1.18450,14.17560,0
1505997799,21962392,1.18450,14.17560,0
1505997799,21962391,1.18450,14.17560,0
1505997753,21962360,1.18450,851.76000,0
1505997751,21962359,1.18450,0.10310,0
1505997751,21962358,1.18400,148.49690,0
1505997705,21962341,1.18400,123.61000,0
1505997698,21962328,1.18400,284.42351,0
1505997673,21962280,1.18400,69.89390,0
1505997673,21962278,1.18400,69.89390,0
1505997673,21962276,1.18400,69.89390,0
1505997618,21962253,1.18400,233.78789,0
1505997618,21962252,1.18350,0.42211,0
1505997578,21962229,1.18350,209.52719,0
1505997532,21962200,1.18350,790.05070,0
1505996991,21962013,1.18200,189.31633,1
1505996683,21961891,1.18202,50.00000,1
1505995994,21961629,1.18202,494.82745,0
1505995970,21961623,1.18207,5.17255,1
1505995943,21961610,1.18203,5.16668,1
1505995211,21961331,1.18600,355.37941,0
1505994934,21961246,1.18277,39.35385,0
1505994932,21961244,1.18278,5.64615,1
1505994039,21960872,1.18690,117.99059,1
1505994027,21960860,1.18690,660.74649,1
1505994023,21960856,1.18690,225.67000,1
1505993220,21960499,1.18212,19.14756,1
1505993219,21960498,1.18288,15.42357,0
1505993218,21960497,1.18288,15.42357,1
1505992874,21960306,1.18234,80.00000,1
1505992782,21960264,1.18692,9.55552,0
1505991805,21959690,1.18692,375.34121,0
1505991796,21959681,1.18692,1849.13170,0
1505991792,21959677,1.18692,437.67060,0
1505991719,21959603,1.18692,75.20303,0
1505991717,21959594,1.18692,72.27950,0
1505991675,21959561,1.18692,437.67060,0
1505991219,21959334,1.18692,0.11000,0
1505991219,21959333,1.18691,170.00000,0
1505991185,21959279,1.18236,70.00000,1
1505990851,21959145,1.18650,289.19643,1
1505990849,21959144,1.18650,330.00000,1
1505990848,21959143,1.18650,698.76429,0
1505990848,21959142,1.18650,183.86593,0
1505990848,21959141,1.18650,18.78000,0
1505990848,21959140,1.18650,70.00000,0
1505990847,21959139,1.18650,125.74217,0
1505990847,21959138,1.18650,200.15895,0
1505990847,21959137,1.18650,858.27999,0
1505990847,21959136,1.18650,773.08162,0
1505990847,21959135,1.18650,3957.46614,0
1505990846,21959134,1.18650,779.18124,0
1505990846,21959133,1.18650,979.45691,0
1505990846,21959132,1.18650,1.25082,0
1505990846,21959131,1.18650,1369.22463,0
1505990846,21959130,1.18650,80.00000,0
1505990845,21959129,1.18650,5245.07634,0
1505990845,21959128,1.18638,1000.00000,0
1505990845,21959127,1.18637,500.00000,0
1505990472,21958935,1.18637,3165.00903,0
1505990246,21958884,1.18159,949.77190,0
1505990244,21958883,1.18307,50.22810,1
1505989750,21958536,1.18400,396.78129,0
1505989315,21958379,1.18400,4.79671,0
1505989244,21958352,1.18400,239.40000,0
1505989145,21958329,1.18400,23.19540,0
1505989145,21958328,1.18400,23.19540,0
1505989145,21958327,1.18400,23.19540,0
1505989116,21958316,1.18400,289.43580,0
1505989010,21958219,1.18392,19.91000,0
1505989009,21958216,1.18392,190.22000,0
1505989004,21958213,1.18638,19.78767,0
1505989002,21958210,1.18638,789.99000,0
1505989002,21958208,1.18637,210.00000,0
1505988868,21958117,1.18637,313.04101,0
1505988674,21957961,1.18637,901.04661,0
1505988664,21957941,1.18637,904.96000,1
1505988663,21957936,1.18636,710.00000,0
1505988662,21957933,1.18628,709.99000,0
1505988311,21957755,1.18635,592.07996,0
1505988310,21957751,1.18636,33.68000,1
1505988309,21957744,1.18636,682.43195,0
1505988263,21957697,1.18152,50.00000,1
1505988141,21957612,1.18636,287.24000,0
1505987991,21957534,1.18626,178.13074,1
1505987806,21957433,1.18627,573.29176,0
1505987805,21957432,1.18627,17.03064,0
1505987308,21957230,1.18151,698.77491,1
1505987305,21957227,1.18150,698.76429,1
1505987304,21957224,1.18150,183.86593,1
1505987303,21957220,1.18151,288.12863,1
1505987025,21957002,1.18151,180.88762,1
1505987013,21956993,1.18151,384.13330,1
1505987012,21956989,1.18151,301.09999,1
1505987011,21956985,1.18152,80.00000,1
1505986473,21956748,1.18631,55.47000,0
1505986442,21956730,1.18642,3178.61030,0
1505986442,21956729,1.18443,0.18970,0
1505986215,21956565,1.18443,176.73836,0
1505986076,21956469,1.18150,18.78000,1
1505985978,21956432,1.18445,99.59300,1
1505985978,21956431,1.18445,7.35020,1
1505985978,21956430,1.18445,7.35020,1
1505985978,21956428,1.18445,7.35020,1
1505985978,21956427,1.18445,7.35020,1
1505985977,21956425,1.18445,7.35020,1
1505985977,21956423,1.18445,7.35020,1
1505985977,21956422,1.18445,7.35020,1
1505985977,21956421,1.18445,7.35020,1
1505985977,21956420,1.18445,7.35020,1
1505985977,21956419,1.18445,7.35020,1
1505985977,21956418,1.18445,3.30985,1
1505985974,21956415,1.18443,4.04035,0
1505985974,21956414,1.18443,7.35020,0
1505985974,21956413,1.18443,7.35020,0
1505985972,21956411,1.18443,6.21714,0
1505985972,21956410,1.18442,1.13306,0
1505985972,21956409,1.18442,7.35020,0
1505985972,21956408,1.18442,7.35020,0
1505985972,21956407,1.18442,7.35020,0
1505985972,21956406,1.18442,7.35020,0
1505985972,21956405,1.18442,7.35020,0
1505985972,21956404,1.18442,7.35020,0
1505985971,21956402,1.18442,7.35020,0
1505985971,21956401,1.18442,7.35020,0
1505985971,21956400,1.18442,7.35020,0
1505985971,21956399,1.18442,7.35020,0
1505985970,21956398,1.18442,7.35020,0
1505985970,21956397,1.18442,7.35020,0
1505985970,21956396,1.18442,7.35020,0
1505985970,21956395,1.18442,7.35020,0
1505985939,21956388,1.18442,19.03960,0
1505985938,21956387,1.18442,19.03960,0
1505985938,21956386,1.18442,19.03960,0
1505985938,21956384,1.18442,19.03960,0
1505985938,21956383,1.18442,19.03960,0
1505985881,21956359,1.18150,70.00000,1
1505985868,21956351,1.18150,125.74217,1
1505985853,21956336,1.18445,0.00265,1
1505985852,21956334,1.18445,24.89764,1
1505985833,21956317,1.18445,38.08489,1
1505985831,21956311,1.18444,0.00002,0
1505985831,21956309,1.18444,62.98520,0
1505985829,21956297,1.18446,199.23390,1
1505985829,21956295,1.18446,1.70748,1
1505985828,21956291,1.18446,62.06538,1
1505985825,21956280,1.18446,31.99438,1
1505985824,21956279,1.18446,103.46666,1
1505985824,21956278,1.18446,96.45118,1
1505985824,21956272,1.18446,102.78272,1
1505985823,21956269,1.18446,0.02074,1
1505985822,21956262,1.18446,199.21316,1
1505985820,21956259,1.18150,200.15895,1
1505985818,21956255,1.18150,858.27999,1
1505985818,21956253,1.18150,773.08162,1
1505985817,21956250,1.18150,3957.46614,1
1505985817,21956248,1.18151,199.23386,1
1505985815,21956239,1.18150,779.18124,1
1505985811,21956236,1.18150,979.45691,1
1505985807,21956228,1.18150,1.25082,1
1505985806,21956226,1.18151,220.17245,1
1505985803,21956222,1.18150,1369.22463,1
1505985798,21956214,1.18150,80.00000,1
1505985797,21956213,1.18150,5245.07634,1
1505985797,21956212,1.18150,920.40029,1
1505985793,21956209,1.18150,1.42414,1
1505985793,21956208,1.18151,243.31016,1
1505985789,21956197,1.18150,3448.34034,1
1505985786,21956190,1.18150,1.52825,1
1505985786,21956189,1.18151,268.87935,1
1505985775,21956170,1.18150,20.55583,1
1505985775,21956169,1.18151,297.13652,1
1505985775,21956168,1.18151,3278.41185,1
1505984036,21955169,1.18421,210.68604,1
1505984035,21955168,1.18421,0.00378,0
1505984002,21955132,1.18151,433.02696,1
1505984000,21955129,1.18421,184.43000,0
1505983991,21955112,1.18420,5.38980,1
1505983944,21955067,1.18151,470.28017,1
1505983906,21955019,1.18151,213.13969,1
1505983906,21955018,1.18151,176.86971,1
1505983903,21955012,1.18151,184.18818,1
1505983901,21955008,1.18151,191.79997,1
1505983878,21954970,1.18151,217.06969,1
1505983877,21954969,1.18420,10.32060,0
1505983876,21954967,1.18151,30.50701,1
1505983873,21954957,1.18151,421.81287,1
1505983871,21954948,1.18152,120.00000,1
1505983870,21954947,1.18423,2.33577,1
1505983870,21954946,1.18423,144.37230,1
1505983869,21954944,1.18423,73.29193,1
1505983869,21954942,1.18423,144.37571,1
1505983868,21954935,1.18423,75.62429,1
1505983867,21954933,1.18153,200.15647,0
1505983867,21954932,1.18152,19.84353,0
1505983866,21954929,1.18151,2214.52568,1
1505983866,21954926,1.18152,0.71079,1
1505983865,21954923,1.18152,19.84353,1
1505983865,21954919,1.18153,220.00000,1
1505983824,21954865,1.18153,108.18450,0
1505983823,21954863,1.18153,9.78300,1
1505983815,21954857,1.18153,108.06662,1
1505983815,21954856,1.18249,9.78300,1
1505983813,21954855,1.18153,223.33699,1
1505983813,21954853,1.18248,9.78300,1
1505983417,21954548,1.18671,100.22075,0
1505983417,21954547,1.18671,301.74808,0
1505982928,21954189,1.18153,168.32980,0
1505982927,21954188,1.18438,15.83436,0
1505982926,21954187,1.18438,15.83584,1
1505981115,21953286,1.18164,24.48884,1
1505981070,21953235,1.18153,50.00000,1
1505980254,21952973,1.18190,23.67096,1
1505980107,21952914,1.18661,100.21828,1
1505980061,21952878,1.18663,144.77479,1
1505980061,21952877,1.18663,100.21828,1
1505980060,21952875,1.18670,57.14688,1
1505980046,21952818,1.18672,328.61592,0
1505980042,21952793,1.18667,6974.30163,0
1505980041,21952781,1.18668,239.61884,0
1505980039,21952773,1.18661,244.78000,0
1505978689,21951847,1.18150,232.43999,1
1505978673,21951841,1.18150,158.98435,1
1505978669,21951837,1.18150,71.35845,1
1505978664,21951832,1.18150,327.33813,1
1505978647,21951821,1.18150,257.57089,1
1505978638,21951808,1.18150,344.87516,1
1505978638,21951804,1.18150,788.14903,1
1505978633,21951799,1.18150,788.14903,1
1505978628,21951797,1.18150,1466.09004,1
1505978627,21951796,1.18151,50.00000,1
1505978624,21951792,1.18150,0.52863,1
1505978624,21951791,1.18151,110.00000,1
1505978561,21951759,1.18150,526.38172,1
1505978496,21951738,1.18200,246.04907,1
1505978483,21951730,1.18200,309.13706,1
1505978418,21951708,1.18200,1.14434,1
1505978418,21951707,1.18201,200.00000,1
1505978382,21951681,1.18201,84.96000,1
1505978329,21951674,1.18201,84.97000,1
1505978309,21951665,1.18201,129.65000,1
1505978308,21951664,1.18201,168.71000,1
1505978171,21951606,1.18670,830.83037,0
1505978170,21951600,1.18208,10.20031,0
1505978110,21951585,1.18200,1544.62008,1
1505977850,21951467,1.18200,179.60000,1
1505977742,21951428,1.18200,721.77392,1
1505977741,21951425,1.18200,657.53869,1
1505977741,21951424,1.18201,8.90229,1
1505977735,21951417,1.18200,1588.82325,1
1505977735,21951415,1.18202,8.96017,1
1505977734,21951412,1.18200,70.83255,1
1505977734,21951411,1.18201,9.00671,1
1505977727,21951403,1.18200,657.43154,1
1505977727,21951402,1.18203,9.00671,1
1505977725,21951396,1.18200,657.42308,1
1505977725,21951395,1.18202,9.00671,1
1505977677,21951377,1.18200,2614.45860,1
1505977677,21951376,1.18204,9.13139,1
1505977620,21951359,1.18200,30.94755,1
1505977583,21951338,1.18200,445.19697,1
1505977583,21951337,1.18206,9.16301,1
1505977510,21951294,1.18207,43.34928,1
1505977510,21951292,1.18207,17.99026,1
1505977510,21951291,1.18207,33.21197,1
1505977510,21951290,1.18207,111.66223,1
1505977503,21951283,1.18207,33.21197,1
1505977503,21951282,1.18211,10.15264,1
1505977482,21951274,1.18200,1313.22579,1
1505977482,21951273,1.18201,144.87420,1
1505977465,21951266,1.18201,105.03106,1
1505977465,21951265,1.18202,10.98663,1
1505977462,21951263,1.18201,42.92808,1
1505977462,21951262,1.18209,10.98663,1
1505977427,21951251,1.18201,32.19502,1
1505977427,21951250,1.18214,11.21409,1
1505977362,21951228,1.18200,150.54352,1
1505977362,21951226,1.18201,13.03517,1
1505977358,21951223,1.18200,27.27225,1
1505977358,21951222,1.18201,178.96209,1
1505977358,21951221,1.18203,13.03517,1
1505977356,21951219,1.18201,0.07272,1
1505977356,21951218,1.18202,13.03517,1
1505977345,21951207,1.18200,40.42416,1
1505977345,21951206,1.18201,197.84996,1
1505977344,21951204,1.18208,13.07735,1
1505977284,21951151,1.18201,2.60115,1
1505977284,21951150,1.18243,13.59799,1
1505976702,21950921,1.18200,275.38419,1
1505976701,21950920,1.18239,13.72581,1
1505976518,21950803,1.18281,76.10245,1
1505976517,21950800,1.18281,141.74425,1
1505976515,21950794,1.18281,68.77566,1
1505976515,21950793,1.18281,294.03000,1
1505976515,21950791,1.18281,94.20839,1
1505976514,21950788,1.18281,141.64575,1
1505976514,21950787,1.18281,0.06757,1
1505976514,21950786,1.18282,17.13186,1
1505976510,21950782,1.18281,58.10829,1
1505976510,21950781,1.18281,17.99024,1
1505976507,21950775,1.18281,210.65728,1
1505976506,21950773,1.18201,65.38248,0
1505976506,21950770,1.18200,896.03215,1
1505976506,21950769,1.18200,167.32934,1
1505976503,21950764,1.18200,18.07783,1
1505976503,21950763,1.18200,2299.19501,1
1505976502,21950762,1.18201,210.65728,1
1505976502,21950760,1.18203,17.99026,1
1505976491,21950744,1.18201,19.80716,1
1505976457,21950729,1.18201,19.80386,1
1505976285,21950659,1.18286,5.97176,1
1505975836,21950541,1.18200,1.33798,1
1505975835,21950540,1.18201,236.95990,1
1505975835,21950539,1.18205,16.67042,1
1505975810,21950503,1.18200,3.56684,1
1505975810,21950502,1.18229,16.27669,1
1505975808,21950498,1.18200,225.40820,1
1505975807,21950497,1.18228,16.33048,1
1505975804,21950491,1.18227,16.33048,1
1505975661,21950419,1.18243,17.16697,1
1505975661,21950418,1.18243,107.47800,1
1505975661,21950417,1.18243,0.00005,1
1505975661,21950416,1.18244,16.86937,1
1505975657,21950414,1.18201,107.47795,0
1505975654,21950411,1.18200,46.82022,1
1505975654,21950410,1.18201,107.48003,1
1505975653,21950407,1.18201,154.38241,1
1505975649,21950397,1.18200,446.95999,1
1505975631,21950390,1.18200,681.63109,1
1505975631,21950389,1.18201,16.98144,1
1505975627,21950385,1.18200,26.36784,1
1505975627,21950384,1.18213,16.98144,1
1505975517,21950363,1.18200,868.99324,1
1505975505,21950357,1.18200,3621.44452,1
1505975474,21950347,1.18200,976.32999,1
1505975426,21950332,1.18200,76.48901,1
1505975418,21950322,1.18200,1450.03735,1
1505975416,21950320,1.18200,62.17127,1
1505975405,21950307,1.18200,1.03419,1
1505975404,21950306,1.18201,186.81967,1
1505975395,21950297,1.18200,221.60833,1
1505975395,21950296,1.18201,16.99896,1
1505975391,21950288,1.18200,1.24339,1
1505975391,21950287,1.18201,206.45300,1
1505975391,21950286,1.18204,16.99896,1
1505975378,21950274,1.18200,1.17061,1
1505975378,21950273,1.18201,228.14949,1
1505975370,21950266,1.18200,365.20854,1
1505975370,21950264,1.18200,232.78999,1
1505975367,21950259,1.18200,43.49408,1
1505975366,21950257,1.18201,17.11580,0
1505975364,21950256,1.18200,1.38169,1
1505975364,21950255,1.18201,252.12534,1
1505975363,21950254,1.18202,17.11580,1
1505975354,21950245,1.18200,1007.22506,1
1505975352,21950241,1.18200,1.42546,1
1505975351,21950239,1.18201,278.48465,1
1505975349,21950232,1.18201,0.13701,1
1505975349,21950231,1.18202,17.17248,1
1505975339,21950216,1.18200,1.66829,1
1505975339,21950215,1.18201,307.90288,1
1505975339,21950214,1.18203,17.22937,1
1505975326,21950205,1.18200,1.84065,1
1505975326,21950204,1.18201,340.26074,1
1505975325,21950203,1.18203,17.28645,1
1505975313,21950191,1.18200,202.87278,1
1505975313,21950190,1.18202,17.40255,1
1505975312,21950189,1.18200,19.87191,1
1505975312,21950188,1.18201,375.92408,1
1505975310,21950185,1.18201,0.09589,1
1505975310,21950184,1.18201,17.75986,1
1505975307,21950181,1.18200,49.81462,1
1505975304,21950177,1.18200,19.84410,1
1505975304,21950176,1.18201,415.43601,1
1505975303,21950170,1.18201,0.10138,1
1505975303,21950168,1.18203,17.75986,1
1505975288,21950138,1.18200,75.91815,1
1505975285,21950135,1.18200,461.32035,1
1505975284,21950133,1.18201,459.20605,1
1505975274,21950123,1.18200,164.51924,1
1505975270,21950119,1.18200,2352.25377,1
1505975270,21950118,1.18201,507.46396,1
1505975267,21950115,1.18200,2678.39862,1
1505975267,21950114,1.18201,17.87797,1
1505975262,21950108,1.18200,2678.39862,1
1505975262,21950107,1.18203,17.87797,1
1505975258,21950105,1.18200,2.56159,1
1505975257,21950103,1.18201,560.79416,1
1505975072,21950084,1.18209,17.81839,0
1505975004,21950067,1.18202,17.65909,0
1505975003,21950063,1.18201,17.67371,1
1505975003,21950061,1.18201,288.37088,1
1505975003,21950059,1.18202,17.65909,1
1505974741,21949946,1.18200,4256.19203,1
1505974741,21949945,1.18201,17.71873,1
1505974737,21949936,1.18200,644.88157,1
1505974736,21949934,1.18200,1445.28208,1
1505974736,21949933,1.18201,17.72131,1
1505974735,21949929,1.18201,702.68973,1
1505974735,21949928,1.18211,17.71873,1
1505974584,21949859,1.18047,70.39569,1
1505974477,21949821,1.18047,795.50000,1
1505974440,21949809,1.18047,747.67678,1
1505974292,21949791,1.18047,233.78999,1
1505974133,21949673,1.18047,687.12999,1
1505974024,21949641,1.18047,402.56847,1
1505974004,21949627,1.18047,383.06777,1
1505973951,21949617,1.18047,60.00000,1
1505973727,21949566,1.18047,111.45727,1
1505973726,21949563,1.18047,78.55069,1
1505973725,21949559,1.18047,823.02812,1
1505973724,21949558,1.18047,402.67860,1
1505973720,21949552,1.18047,179.96547,1
1505973694,21949538,1.18047,222.04609,1
1505973693,21949536,1.18047,187.89176,1
1505973302,21949433,1.18047,113.39862,1
1505972838,21949259,1.18047,16.10299,1
1505972834,21949256,1.18047,789.74501,1
1505972831,21949249,1.18047,369.21420,1
1505972816,21949240,1.18047,312.82999,1
1505972813,21949235,1.18048,13.40960,1
1505972812,21949234,1.18048,19.96603,1
1505972809,21949232,1.18070,13.34255,1
1505972568,21949140,1.18047,199.16847,1
1505972567,21949139,1.18048,13.53791,1
1505972565,21949135,1.18047,46.01522,1
1505972565,21949134,1.18048,20.30687,1
1505972564,21949131,1.18055,13.53791,1
1505972531,21949114,1.18071,13.52960,0
1505972529,21949101,1.18047,14.86246,1
1505972529,21949100,1.18073,13.59754,1
1505972406,21949062,1.18047,106.07129,1
1505972406,21949061,1.18048,13.95056,1
1505972279,21949018,1.18170,138.85625,1
1505972278,21949017,1.18171,15.19711,1
1505972275,21949016,1.18170,138.85630,1
1505972275,21949015,1.18170,0.00005,1
1505972275,21949014,1.18174,15.19711,1
1505972255,21949007,1.18103,16.72740,0
1505972255,21949006,1.18048,344.37335,0
1505972251,21949004,1.18048,16.62734,0
1505972250,21949002,1.18048,16.52268,1
1505972250,21949001,1.18048,283.47732,1
1505972250,21949000,1.18048,25.10165,1
1505972250,21948998,1.18103,16.72740,1
1505971833,21948895,1.18047,989.35000,1
1505971832,21948892,1.18047,20.67000,1
1505971831,21948891,1.18109,17.96145,1
1505971466,21948829,1.18047,503.30679,1
1505971466,21948828,1.18048,18.46692,1
1505971461,21948824,1.18047,503.30679,1
1505971461,21948823,1.18054,18.46692,1
1505971430,21948801,1.18054,18.43749,1
1505971352,21948773,1.18047,50.00000,1
1505971295,21948751,1.18050,11.97801,1
1505971290,21948738,1.18048,0.17041,1
1505971290,21948737,1.18049,19.35259,1
1505971285,21948731,1.18055,19.35259,1
1505971073,21948676,1.18179,17.30243,1
1505971073,21948675,1.18179,45.07890,1
1505971071,21948674,1.18179,0.00003,1
1505971069,21948673,1.18180,20.14153,1
1505971065,21948670,1.18178,45.07887,0
1505971058,21948661,1.18180,251.52310,1
1505971058,21948660,1.18180,0.00002,1
1505971056,21948659,1.18124,12.06472,0
1505971056,21948658,1.18123,377.70796,0
1505971050,21948653,1.18126,10.60403,1
1505971048,21948651,1.18126,11.95803,1
1505970365,21948438,1.18047,60.00000,1
1505970363,21948437,1.18047,0.18278,0
1505969810,21948218,1.18002,461.96426,1
1505969810,21948217,1.18002,377.70867,1
1505969519,21948136,1.18002,105.81000,1
1505969511,21948133,1.18002,545.93480,1
1505969511,21948132,1.18002,109.90390,1
1505969511,21948131,1.18003,66.82130,1
1505969505,21948122,1.18267,149.82060,1
1505969505,21948121,1.18267,118.05662,1
1505969490,21948100,1.18267,19.70632,1
1505969486,21948095,1.18267,12.05766,1
1505969486,21948093,1.18267,42.79281,1
1505969483,21948092,1.18267,107.02779,1
1505969483,21948091,1.18267,149.82060,1
1505969483,21948090,1.18267,149.82060,1
1505969483,21948089,1.18267,149.82060,1
1505969483,21948088,1.18267,149.82060,1
1505969483,21948087,1.18267,149.82060,1
1505969483,21948086,1.18267,149.82060,1
1505969482,21948085,1.18267,149.82060,1
1505969482,21948084,1.18267,149.82060,1
1505969482,21948083,1.18267,149.82060,1
1505969482,21948082,1.18267,149.82060,1
1505969482,21948081,1.18267,149.82060,1
1505969482,21948080,1.18267,149.82060,1
1505969482,21948079,1.18267,149.82060,1
1505969481,21948078,1.18267,149.82060,1
1505969481,21948077,1.18267,91.83381,1
1505969459,21948067,1.18267,57.98679,1
1505969458,21948066,1.18267,149.82060,1
1505969458,21948065,1.18267,149.82060,1
1505969458,21948064,1.18267,149.82059,1
1505969458,21948063,1.18268,0.00490,1
1505969457,21948060,1.18268,84.11405,1
1505969455,21948058,1.18176,0.00001,0
1505969454,21948054,1.18176,0.00001,0
1505969454,21948053,1.18032,85.28833,0
1505969454,21948052,1.18003,64.53226,0
1505969452,21948050,1.18002,154.70051,1
1505969452,21948049,1.18002,18.78033,1
1505969451,21948047,1.18003,64.54073,1
1505969451,21948043,1.18035,84.71025,1
1505969449,21948029,1.18034,84.28670,1
1505969318,21947917,1.18176,872.63870,0
1505969305,21947882,1.18176,127.36128,0
1505969305,21947880,1.18176,0.00875,0
1505968862,21947744,1.18176,165.16000,0
1505968511,21947670,1.18176,6.47474,0
1505968297,21947629,1.18176,29.53100,0
1505968041,21947549,1.18063,102.18000,0
1505968023,21947532,1.18063,236.31000,0
1505967962,21947502,1.18063,677.35000,0
1505967944,21947495,1.18063,45.67000,0
1505967940,21947489,1.18063,416.78376,0
1505967939,21947488,1.18026,21.61909,0
1505967939,21947487,1.18010,45.70115,0
1505967935,21947486,1.18001,5059.91071,1
1505967934,21947482,1.18001,602.76240,1
1505967933,21947480,1.18001,243.09463,1
1505967932,21947477,1.18001,660.91557,1
1505967932,21947476,1.18002,839.16251,1
1505967932,21947475,1.18010,45.60000,1
1505967932,21947474,1.18010,6.77909,1
1505967932,21947473,1.18020,6.77851,1
1505967931,21947470,1.18025,154.89763,1
1505967929,21947450,1.18025,495.36515,1
1505967928,21947449,1.18025,249.73722,1
1505967928,21947447,1.18025,100.00000,1
1505967927,21947446,1.18026,8.00918,1
1505967927,21947445,1.18030,6.77794,1
1505967927,21947444,1.18040,6.77736,1
1505967924,21947438,1.18050,1000.00000,1
1505967924,21947437,1.18050,6.77679,1
1505967923,21947435,1.18060,6.77622,1
1505967923,21947434,1.18061,5.33945,1
1505967918,21947427,1.18063,0.00001,1
1505967918,21947424,1.18064,5.41692,1
1505967917,21947418,1.18241,76.32857,1
1505967916,21947415,1.18241,202.51463,1
1505967916,21947412,1.18241,278.84320,1
1505967916,21947411,1.18241,278.84320,1
1505967915,21947408,1.18063,1472.21935,1
1505967915,21947404,1.18063,284.26011,1
1505967914,21947401,1.18063,597.12119,1
1505967914,21947399,1.18102,4.74134,1
1505967914,21947397,1.18100,278.84319,0
1505967913,21947393,1.18063,112.13193,1
1505967912,21947391,1.18063,743.62394,1
1505967912,21947390,1.18100,5.41692,0
1505967911,21947389,1.18063,790.64347,1
1505967911,21947387,1.18064,8.55717,1
1505967911,21947384,1.18070,6.77564,1
1505967911,21947383,1.18090,6.77449,1
1505967910,21947381,1.18100,5.41692,1
1505967909,21947377,1.18100,335.26119,1
1505967909,21947374,1.18100,313.38413,1
1505967909,21947371,1.18100,13.73694,1
1505967908,21947369,1.18110,5.41692,1
1505967859,21947339,1.18101,5.55488,0
1505967859,21947338,1.18100,115.67306,1
1505967858,21947337,1.18100,216.52776,1
1505967858,21947336,1.18101,43.24000,1
1505967858,21947335,1.18110,6.77335,1
1505967858,21947334,1.18122,6.21391,1
1505967858,21947333,1.18130,6.77220,1
1505967857,21947332,1.18150,6.77105,1
1505967857,21947331,1.18170,6.76991,1
1505967857,21947329,1.18190,6.76876,1
1505967749,21947260,1.18191,37.50000,1
1505967747,21947258,1.18200,0.46332,1
1505967745,21947250,1.18200,92.20033,1
1505967169,21946846,1.18200,46.84434,1
1505967165,21946842,1.18200,2916.91181,1
1505967165,21946841,1.18214,13.45238,1
1505966959,21946694,1.18251,1.98446,1
1505966958,21946691,1.18251,11.83815,1
1505966956,21946680,1.18250,13.82261,1
1505966386,21946316,1.18354,512.73244,0
1505966005,21946145,1.18354,19.62826,0
1505966005,21946144,1.18354,398.13212,0
1505966002,21946139,1.18354,14.33259,0
1505966002,21946138,1.18353,0.07210,0
1505966001,21946135,1.18353,14.34752,0
1505965733,21946053,1.18200,288.42079,1
1505965730,21946049,1.18200,124.12264,1
1505965728,21946045,1.18200,216.39037,1
1505965728,21946044,1.18214,14.41962,1
1505965602,21946007,1.18354,55.17459,0
1505965602,21946006,1.18354,17.65775,0
1505965448,21945850,1.18200,16.90303,1
1505965446,21945849,1.18217,14.09697,1
1505965294,21945806,1.18356,0.08836,1
1505965293,21945801,1.18356,17.58332,1
1505964571,21945632,1.18247,22.69673,1
1505964569,21945629,1.18246,0.11371,0
1505964568,21945628,1.18246,22.81044,1
1505960816,21944690,1.18290,8.58726,1
1505960752,21944673,1.18276,50.07518,1
1505959370,21944144,1.18259,0.49241,0
1505959369,21944142,1.18261,69.10690,1
1505959341,21944080,1.18255,19.67988,0
1505959337,21944065,1.18254,0.29697,0
1505959336,21944063,1.18254,59.09746,0
1505959332,21944057,1.18254,496.87000,0
1505959316,21944038,1.18254,44.71000,0
1505959263,21943988,1.18254,233.47000,0
