date,tid,price,amount,type
1506037863,22014223,39.32,0.19479760,0
1506037642,22014107,39.36,0.29000000,0
1506037597,22014079,39.17,0.00120958,1
1506037597,22014078,39.17,20.76879042,1
1506037595,22014077,39.17,0.00000958,0
1506037595,22014076,39.17,14.87880000,0
1506037595,22014075,39.16,5.89000000,0
1506037591,22014074,39.16,5.89000000,1
1506037590,22014071,39.16,5.89000000,1
1506037589,22014069,39.17,5.89119042,0
1506036184,22013346,38.90,4.00000000,1
1506036170,22013337,38.90,1.00000000,1
1506036106,22013250,39.01,0.25021394,1
1506036090,22013243,39.01,1.00000000,1
1506035719,22012983,39.01,5.00000000,1
1506035707,22012950,39.26,2.01358000,0
1506035701,22012923,38.95,19.17515198,1
1506035701,22012922,39.00,0.32237277,1
1506035698,22012914,39.32,2.08919863,1
1506035657,22012856,39.20,19.49644117,1
1506035657,22012854,39.24,24.50355883,1
1506035624,22012800,39.32,5.07370000,1
1506035607,22012753,39.41,20.77000000,1
1506035606,22012750,39.41,4.75000000,1
1506035606,22012749,39.41,14.00000000,1
1506035603,22012748,39.41,2.00000000,1
1506035600,22012745,39.40,16.00000000,1
1506035543,22012718,39.65,3.31226296,0
1506035265,22012508,39.59,24.50355883,0
1506035172,22012470,39.60,7.00022975,1
1506035171,22012469,39.54,3.00000025,0
1506034743,22012122,39.39,3.02000000,1
1506034641,22011890,39.52,5.00000000,1
1506034635,22011883,39.60,33.21322886,1
1506034633,22011880,39.60,17.00000000,1
1506034629,22011872,39.60,11.00000000,1
1506034621,22011854,39.60,12.00000000,1
1506034610,22011821,39.60,25.00000000,1
1506034605,22011820,39.60,19.00000000,1
1506034587,22011791,39.60,14.00000000,1
1506034583,22011787,39.60,21.00000000,1
1506034577,22011784,39.63,1.00000000,1
1506034572,22011769,39.63,2.00000000,1
1506034483,22011713,39.94,2.00023000,0
1506034160,22011586,40.00,0.00575000,0
1506034159,22011585,40.00,1.49400000,0
1506034060,22011545,39.90,20.77000000,0
1506034007,22011519,39.93,1.00023000,0
1506033427,22011237,39.49,1.56923500,0
1506033174,22011097,39.41,2.56357100,1
1506033174,22011096,39.41,4.48018900,1
1506033174,22011095,39.41,17.40624000,1
1506033037,22011013,39.61,5.00000000,0
1506032894,22010947,39.44,20.00000000,1
1506032622,22010820,39.60,0.12879000,0
1506032508,22010771,39.41,5.37275000,1
1506032507,22010769,39.41,5.37275000,1
1506032264,22010637,39.32,11.10220469,1
1506032119,22010578,39.55,24.36978919,0
1506032035,22010536,39.73,11.10220469,0
1506031992,22010494,39.49,2.00000000,1
1506031810,22010368,39.50,2.01000000,1
1506031524,22010156,39.60,4.46000000,1
1506031524,22010153,39.60,16.31000000,0
1506031524,22010152,39.60,0.00003520,0
1506031523,22010151,39.60,4.46145680,0
1506031522,22010147,39.60,16.30850800,0
1506031517,22010140,39.61,11.00000000,0
1506031517,22010139,39.61,5.00000000,0
1506031515,22010137,39.61,4.46148700,0
1506031514,22010135,39.61,5.00000000,1
1506031513,22010134,39.61,4.46149205,0
1506031510,22010131,39.61,16.30850795,0
1506031466,22010100,39.42,0.50000000,1
1506031212,22009887,39.20,0.29089776,1
1506031206,22009885,39.20,2.27323000,1
1506031205,22009884,39.20,0.30610500,1
1506031203,22009881,39.20,20.13303500,1
1506031190,22009872,39.20,2.23041000,1
1506031190,22009871,39.20,0.76959000,1
1506031009,22009795,39.20,1.00000000,1
1506031005,22009789,39.20,1.00000000,1
1506031002,22009788,39.20,1.00000000,1
1506030998,22009784,39.20,1.00000000,1
1506030994,22009783,39.20,1.00000000,1
1506030990,22009781,39.20,1.00000000,1
1506030986,22009780,39.20,3.23041000,1
1506030892,22009716,39.27,2.00023000,0
1506030835,22009670,38.91,30.00000000,0
1506030833,22009667,38.91,19.37665159,1
1506030833,22009666,38.91,1.00000000,1
1506030832,22009665,38.92,123.00000000,0
1506030832,22009664,38.92,37.69138500,1
1506030832,22009663,39.00,1.00000000,1
1506030831,22009662,39.00,1.00000000,1
1506030831,22009661,39.01,17.91000000,1
1506030831,22009660,39.01,1.00000000,1
1506030831,22009659,39.11,1.00000000,1
1506030829,22009657,39.12,8.02196341,1
1506030731,22009608,39.33,1.65521507,0
1506030730,22009607,39.24,0.00010890,0
1506030719,22009590,39.24,1.76416200,1
1506030694,22009518,39.24,1.00000000,1
1506030691,22009514,39.24,1.00000000,1
1506030687,22009507,39.24,1.00000000,1
1506030685,22009505,39.24,1.00000000,1
1506030611,22009448,39.41,0.50000000,0
1506030607,22009447,39.41,0.50000000,0
1506030590,22009440,39.42,0.50000000,1
1506030560,22009429,39.42,0.50000000,0
1506030555,22009424,39.40,0.50000000,0
1506030551,22009423,39.40,0.50000000,0
1506030538,22009415,39.42,0.50000000,1
1506030514,22009400,39.25,1.00000000,1
1506030509,22009399,39.25,1.00000000,1
1506030503,22009397,39.25,1.00000000,1
1506030476,22009384,39.24,0.30183800,1
1506030476,22009383,39.39,0.19816200,1
1506030476,22009382,39.40,0.50000000,1
1506030468,22009378,39.39,7.80183800,1
1506030459,22009377,39.39,1.00000000,1
1506030453,22009375,39.39,1.00000000,1
1506030311,22009329,39.21,89.26550321,0
1506030311,22009328,39.21,21.09000000,1
1506030311,22009327,39.21,1.65046500,0
1506030311,22009326,39.21,1.21365100,0
1506030311,22009325,39.21,19.23210300,0
1506030310,22009324,39.24,0.50000000,0
1506030309,22009323,39.24,27.77619100,1
1506030220,22009227,39.23,20.71765400,1
1506030220,22009225,39.23,4.33701600,1
1506030218,22009223,39.40,0.19701568,1
1506030171,22009185,39.41,5.13000000,1
1506030171,22009184,39.45,0.55000000,1
1506030141,22009122,39.58,6.42277981,0
1506030141,22009121,39.56,5.57722019,0
1506030054,22009060,39.61,1.00023000,0
1506030025,22009009,39.58,3.50302419,0
1506029992,22008989,39.19,6.37116888,0
1506029992,22008988,39.21,1.00000000,1
1506029991,22008987,39.28,20.00000000,1
1506029991,22008986,39.31,1.00000000,1
1506029991,22008985,39.41,20.77000000,1
1506029991,22008984,39.41,1.00000000,1
1506029989,22008981,39.51,1.00000000,1
1506029962,22008948,39.60,0.90000000,1
1506029957,22008944,39.55,2.11900000,1
1506029915,22008931,39.56,10.66388711,1
1506029809,22008868,39.71,20.77000000,0
1506029807,22008866,39.71,1.90800000,1
1506029745,22008811,39.85,0.30000000,1
1506029715,22008792,39.99,2.97000000,1
1506029714,22008791,39.99,17.02000000,1
1506029714,22008790,39.99,0.75872300,1
1506029713,22008789,39.99,2.98800000,1
1506029709,22008786,39.99,0.23327700,1
1506029709,22008785,39.99,3.98000000,1
1506029709,22008784,39.99,12.55683952,1
1506029708,22008781,39.99,0.23327700,1
1506029706,22008778,39.99,3.97988348,1
1506029704,22008776,39.99,3.99743276,1
1506029703,22008771,39.99,16.77256724,1
1506029702,22008769,40.00,16.47000000,0
1506029702,22008766,40.00,8.42862525,1
1506029702,22008765,40.00,19.55399975,1
1506029702,22008764,40.00,3.99737500,1
1506029700,22008759,40.00,1.00000000,1
1506029696,22008752,40.00,1.00000000,1
1506029695,22008751,40.00,4.50016000,1
1506029693,22008745,40.01,1.43124000,1
1506029692,22008743,40.01,40.74524800,0
1506029691,22008741,40.03,5.06519900,1
1506029687,22008735,40.00,1.00000000,1
1506029679,22008716,39.99,1.00000000,1
1506029677,22008713,40.01,0.00199000,0
1506029634,22008612,40.07,2.84000000,1
1506029616,22008599,40.11,0.99999978,1
1506029614,22008596,40.12,17.97854800,1
1506029614,22008594,40.20,0.00000022,1
1506029607,22008583,40.20,3.54294800,1
1506029591,22008563,40.35,9.88847584,0
1506029388,22008320,40.40,9.93525896,0
1506029357,22008280,40.30,0.15213465,0
1506029203,22008187,40.37,0.00000038,0
1506029203,22008186,40.37,4.27390300,1
1506029201,22008181,40.36,19.70438895,0
1506029121,22008092,40.40,19.49752475,1
1506029082,22008070,40.21,10.00000000,1
1506029062,22008045,40.16,2.11763000,1
1506029042,22008038,40.19,3.59139000,1
1506028956,22007918,40.43,18.11189661,1
1506028954,22007913,40.43,13.53810339,1
1506028952,22007902,40.50,0.00001679,1
1506028951,22007901,40.50,13.38640000,1
1506028950,22007896,40.51,13.38640000,1
1506028950,22007895,40.51,5.00000000,0
1506028905,22007749,40.50,2.14093000,1
1506028891,22007726,40.67,10.00000000,0
1506028819,22007592,40.50,0.21037903,1
1506028813,22007585,40.50,0.21037903,1
1506028808,22007579,40.50,0.21037903,1
1506028803,22007570,40.50,0.21037903,1
1506028798,22007559,40.50,0.21037903,1
1506028797,22007558,40.67,24.50355000,0
1506028793,22007554,40.50,0.21037903,1
1506028787,22007544,40.50,0.21037903,1
1506028775,22007538,40.50,3.00000000,1
1506028773,22007537,40.67,1.42316204,0
1506028771,22007536,40.51,10.00000000,1
1506028767,22007528,40.67,4.65994591,0
1506028728,22007456,40.69,136.85377242,0
1506028727,22007453,40.68,4.17000000,0
1506028707,22007383,40.68,10.85012536,1
1506028704,22007375,40.68,4.95000000,0
1506028669,22007249,40.47,5.89000000,1
1506028657,22007242,40.44,6.99000000,0
1506028639,22007169,40.43,34.92818730,0
1506028639,22007166,40.42,4.72561970,0
1506028632,22007128,40.41,13.60950261,1
1506028632,22007125,40.42,4.39438030,0
1506028627,22007085,40.42,4.33568284,0
1506028622,22007053,40.42,5.11257462,0
1506028606,22006903,40.42,1.49400000,0
1506028599,22006851,40.42,5.11446258,0
1506028585,22006772,40.43,0.41194000,0
1506028585,22006771,40.43,35.90910000,0
1506028585,22006770,40.43,28.62561700,0
1506028585,22006768,40.42,13.05000000,0
1506028548,22006712,40.43,7.28348300,0
1506028537,22006696,40.45,7.49635962,1
1506028536,22006694,40.45,1.44963000,1
1506028535,22006687,40.45,15.00000000,1
1506028534,22006684,40.45,2.16482794,1
1506028533,22006681,40.45,2.16822430,1
1506028532,22006678,40.45,7.63009692,1
1506028532,22006677,40.43,29.82000000,0
1506028524,22006652,40.45,5.61997400,0
1506028508,22006607,40.30,50.00000000,0
1506028508,22006604,40.27,17.99000000,0
1506028497,22006575,40.16,3.00000000,0
1506028481,22006545,39.98,0.22299895,1
1506028464,22006483,40.15,8.46491147,0
1506028464,22006482,40.07,1.53508853,0
1506028461,22006477,40.07,0.47190200,1
1506028460,22006474,40.07,29.94809800,1
1506028456,22006448,40.67,13.09884435,0
1506028456,22006446,40.65,2.80000000,0
1506028455,22006445,40.65,48.44922900,1
1506028455,22006443,40.50,1.00000000,0
1506028455,22006442,40.49,71.31143624,1
1506028455,22006440,40.30,28.00000000,0
1506028454,22006437,40.29,3.22000000,0
1506028454,22006434,40.25,0.71351691,0
1506028454,22006433,40.24,16.11000000,0
1506028452,22006432,40.16,4.00000000,0
1506028452,22006431,40.16,21.00000000,0
1506028425,22006374,40.03,0.66809049,1
1506028370,22006317,40.00,49.88000000,0
1506028258,22006215,39.95,0.28524078,1
1506028252,22006199,39.95,0.22000000,1
1506028245,22006194,39.95,5.27400000,1
1506028244,22006192,39.95,19.14000000,0
1506027891,22005943,39.76,2.00000000,1
1506027883,22005940,39.76,2.00000000,1
1506027852,22005854,39.81,0.30203000,0
1506027818,22005784,39.76,21.00000000,1
1506027614,22005612,39.76,0.47000000,0
1506027575,22005564,39.70,3.60000000,0
1506027536,22005519,39.68,0.44000000,0
1506027530,22005512,39.71,3.96000000,0
1506027433,22005452,39.85,0.10054752,1
1506027433,22005451,39.85,4.05000000,0
1506027433,22005450,39.85,20.25000000,0
1506027334,22005365,39.61,1.00000000,1
1506027328,22005362,39.71,1.00000000,1
1506027252,22005332,39.78,1.00023000,0
1506027191,22005298,39.52,20.06692617,1
1506027004,22005049,39.65,1.75075846,1
1506026989,22005034,39.65,11.00000000,1
1506026970,22005010,39.66,6.00000000,1
1506026963,22004989,39.65,1.75000000,1
1506026963,22004988,39.67,11.25000000,1
1506026931,22004904,39.65,47.63561400,1
1506026931,22004903,39.66,10.94000000,1
1506026930,22004898,39.67,21.49093302,1
1506026930,22004896,39.68,46.56649800,1
1506026925,22004873,39.69,7.00000000,1
1506026921,22004865,39.69,0.28504438,0
1506026919,22004861,39.69,24.71495562,1
1506026899,22004844,39.75,1.31000000,1
1506026899,22004843,39.75,3.69000000,1
1506026895,22004834,39.75,8.00000000,1
1506026892,22004832,39.76,16.00000000,1
1506026889,22004829,39.78,53.92000000,0
1506026878,22004810,40.16,8.20525896,1
1506026878,22004809,40.16,1.73000000,0
1506026859,22004792,40.19,2.72704652,1
1506026858,22004791,40.00,1.06000000,1
1506026858,22004790,40.19,3.45925533,1
1506026857,22004789,40.00,3.63902783,0
1506026855,22004788,40.22,32.50969666,1
1506026855,22004787,40.00,15.98670465,0
1506026855,22004786,40.00,1.00000000,0
1506026854,22004785,39.99,2.14000000,0
1506026854,22004783,39.92,10.69000000,0
1506026854,22004782,39.92,15.16468600,1
1506026854,22004781,39.89,22.24372600,1
1506026743,22004702,39.67,11.25676885,1
1506026740,22004698,39.60,44.24988000,1
1506026653,22004578,39.42,38.38846314,0
1506026653,22004576,39.50,0.22153686,1
1506026651,22004575,39.51,11.39000000,1
1506026620,22004542,39.58,3.39000000,1
1506026620,22004539,39.58,13.58000000,0
1506026620,22004538,39.58,3.39000000,0
1506026619,22004534,39.57,9.92531324,0
1506026486,22004417,39.68,8.00000000,0
1506026464,22004360,39.33,9.92531324,1
1506026464,22004359,39.33,58.59018900,0
1506026464,22004358,39.35,78.12439100,0
1506026464,22004357,39.35,67.86010676,0
1506026462,22004349,39.50,2.50000000,1
1506026429,22004127,39.87,2.79093439,0
1506026429,22004125,39.66,2.83811000,0
1506026417,22004043,39.67,4.55210700,0
1506026410,22004025,39.64,1.06200000,0
1506026395,22004007,39.64,2.97900000,0
1506026387,22003991,39.64,0.19900000,0
1506026365,22003939,39.71,0.80100000,0
1506026363,22003901,39.71,3.01000000,1
1506026363,22003896,39.71,15.10000000,1
1506026357,22003845,39.84,10.00000000,1
1506026294,22003617,39.93,5.00000000,0
1506026223,22003439,39.76,57.42806841,1
1506026223,22003437,39.66,77.04261221,1
1506026221,22003431,39.66,15.02000000,0
1506026221,22003430,39.65,66.77468548,0
1506026174,22003342,39.97,16.93059779,0
1506026174,22003340,39.45,15.00000000,0
1506026145,22003241,39.24,1.00000000,0
1506026111,22003110,39.23,2.21983000,1
1506026110,22003097,39.14,2.22061000,0
1506026105,22003080,39.20,23.77316200,1
1506026104,22003076,39.20,22.65264200,1
1506026104,22003074,39.20,11.24364100,1
1506026103,22003071,39.20,50.38974900,1
1506026101,22003065,39.19,13.91742300,0
1506026101,22003064,39.19,8.93876500,0
1506026101,22003063,39.19,1.21251800,0
1506026100,22003055,39.21,10.00000000,1
1506026100,22003050,39.19,3.43528100,1
1506026099,22003047,39.19,16.19000000,1
1506026089,22002992,39.18,8.75802000,1
1506026089,22002991,39.20,16.00000000,1
1506026088,22002990,39.20,0.83000000,1
1506026088,22002989,39.21,16.00000000,1
1506026088,22002988,39.21,1.00000000,1
1506026086,22002987,39.21,1.00000000,0
1506026080,22002977,39.21,25.54678472,0
1506025990,22002870,39.13,5.79278328,0
1506025985,22002865,39.10,0.57927833,1
1506025880,22002765,39.15,22.66167264,0
1506025880,22002764,39.13,20.00000000,0
1506025880,22002762,38.99,5.14730000,0
1506025880,22002761,38.99,5.14730000,0
1506025879,22002760,38.99,5.14730000,0
1506025879,22002759,38.99,5.14730000,0
1506025879,22002757,38.98,5.14730000,0
1506025879,22002756,38.98,5.14730000,0
1506025879,22002755,38.98,5.14730000,0
1506025879,22002754,38.98,5.14730000,0
1506025878,22002753,38.97,3.40000000,0
1506025878,22002752,38.95,17.02000000,0
1506025878,22002751,38.92,10.93767400,1
1506025876,22002750,38.92,7.83210275,0
1506025847,22002727,38.91,1.00000000,1
1506025785,22002626,38.90,8.98670465,1
1506025784,22002625,39.01,0.01329535,1
1506025782,22002624,39.01,0.98670465,1
1506025773,22002602,38.90,7.00000000,1
1506025769,22002595,39.16,0.25485188,1
1506025768,22002592,39.17,3.97820198,0
1506025767,22002590,38.91,1.00000000,1
1506025767,22002589,38.93,2.49137773,1
1506025756,22002575,38.93,9.42000000,1
1506025756,22002574,38.94,2.58000000,1
1506025747,22002552,38.93,19.02927498,1
1506025747,22002551,38.93,4.97072502,1
1506025731,22002520,38.93,0.37000000,1
1506025731,22002519,38.93,2.63000000,1
1506025730,22002518,39.01,1.00000000,1
1506025597,22002241,39.15,10.14999500,0
1506025569,22002166,39.03,0.51443022,1
1506025568,22002165,39.05,0.48556978,1
1506025566,22002162,39.05,20.51443022,0
1506025542,22002132,39.05,0.25556978,0
1506025476,22002045,38.81,10.18400617,0
1506025471,22002033,38.79,9.99845321,1
1506025469,22002030,38.79,18.21964424,0
1506025467,22002026,38.72,1.98598000,1
1506025439,22001957,38.63,16.28000000,0
1506025436,22001953,38.62,16.15419600,0
1506025436,22001951,38.62,0.12361888,1
1506025435,22001949,38.62,20.77000000,0
1506025434,22001948,38.61,12.10638112,0
1506025308,22001749,38.62,14.00000000,0
1506025285,22001730,38.44,1.00000000,1
1506025261,22001694,38.51,10.15182000,0
1506025260,22001692,38.51,1.00000000,1
1506025258,22001688,38.58,0.25868326,0
1506025230,22001658,38.47,3.24772500,0
1506025209,22001642,38.68,5.00000000,1
1506025207,22001641,38.47,5.00000000,0
1506025207,22001640,38.47,20.00000000,0
1506025055,22001441,38.47,1.29685469,1
1506025047,22001433,38.43,5.00000000,0
1506024973,22001349,38.40,0.25982817,0
1506024953,22001339,38.36,3.90250260,1
1506024951,22001338,38.30,2.60229919,0
1506024859,22001178,38.36,17.23227320,1
1506024859,22001177,38.35,55.25000000,1
1506024859,22001176,38.26,3.55000000,0
1506024859,22001175,38.26,0.00010193,0
1506024858,22001174,38.24,17.76000000,0
1506024858,22001172,38.21,0.40000000,0
1506024857,22001168,38.18,9.96075320,0
1506024826,22001098,38.22,0.40000000,1
1506024759,22000876,38.02,30.94221133,1
1506024758,22000875,38.02,102.83742500,1
1506024758,22000874,38.03,67.90178600,1
1506024758,22000873,38.04,12.30000000,1
1506024758,22000871,38.04,5.46000000,1
1506024757,22000867,38.11,1.00000000,1
1506024757,22000866,38.12,2.45000000,1
1506024757,22000865,38.12,2.60857767,0
1506024756,22000864,38.21,0.50000000,0
1506024755,22000860,38.21,1.00000000,1
1506024754,22000859,38.26,3.00564794,1
1506024731,22000788,38.46,3.54247249,0
1506024684,22000662,38.38,5.40681050,0
1506024663,22000607,38.38,0.26003127,0
1506024637,22000536,38.31,3.35000000,1
1506024637,22000535,38.31,8.96000000,1
1506024637,22000534,38.31,5.00000000,1
1506024633,22000525,38.00,1.77233301,1
1506024633,22000524,38.00,1.00000000,1
1506024633,22000523,38.00,4.00000000,1
1506024632,22000522,38.01,0.50000000,1
1506024632,22000521,38.01,1.00000000,1
1506024632,22000520,38.10,1.94086413,1
1506024632,22000519,38.10,1.00000000,1
1506024632,22000518,38.11,1.00000000,1
1506024632,22000517,38.15,0.30000000,1
1506024632,22000515,38.15,1.00000000,1
1506024632,22000513,38.21,1.00000000,1
1506024632,22000512,38.31,18.34000000,1
1506024631,22000510,38.31,1.00000000,1
1506024629,22000501,38.42,2.34745000,0
1506024625,22000491,38.41,0.50000000,1
1506024588,22000285,38.41,0.50000000,1
1506024588,22000283,38.47,0.50000000,1
1506024584,22000246,38.50,3.42532498,1
1506024584,22000241,38.50,1.57467502,1
1506024584,22000240,38.50,15.79045598,1
1506024579,22000232,38.50,5.07000781,1
1506024579,22000230,38.50,28.24730172,1
1506024573,22000218,38.50,1.75269828,1
1506024573,22000217,38.51,1.00000000,1
1506024573,22000216,38.55,0.67262672,1
1506024562,22000177,38.56,0.13374300,1
1506024552,22000158,38.55,4.49737328,1
1506024532,22000087,38.60,3.79173900,1
1506024532,22000085,38.60,0.20826100,1
1506024532,22000084,38.61,1.00000000,1
1506024532,22000083,38.65,1.81183000,1
1506024532,22000082,38.67,2.14990900,1
1506024531,22000077,38.67,10.07652200,1
1506024531,22000076,38.67,1.81183000,1
1506024531,22000075,38.67,1.00000000,1
1506024528,22000052,38.67,1.00000000,1
1506024526,22000043,38.67,3.96173900,1
1506024526,22000042,38.71,1.00000000,1
1506024520,22000021,38.73,1.06067000,1
1506024520,22000019,38.73,1.70759100,1
1506024519,22000012,38.73,0.23838700,1
1506024517,22000003,38.73,0.24102100,1
1506024516,21999996,38.73,10.76633500,1
1506024516,21999991,38.73,6.22793365,1
1506024516,21999988,38.79,0.00012835,1
1506024512,21999976,38.79,26.13962465,1
1506024511,21999974,38.80,0.00005180,1
1506024510,21999970,38.80,47.53994820,0
1506024508,21999969,38.79,24.36024700,1
1506024508,21999967,38.81,25.41000000,1
1506024490,21999935,38.81,3.20224795,1
1506024487,21999928,38.81,28.29968700,1
1506024451,21999863,39.08,24.78466080,0
1506024392,21999806,38.81,0.00036065,0
1506024281,21999704,38.81,16.31895206,1
1506024276,21999699,38.81,2.24020065,1
1506024275,21999698,38.91,0.51272167,0
1506024273,21999695,38.81,6.98763201,1
1506024273,21999693,38.81,1.00000000,1
1506024273,21999691,38.91,0.00000005,1
1506024245,21999652,38.91,0.99999995,1
1506024245,21999650,38.92,11.46839405,1
1506024221,21999625,38.92,11.67403700,1
1506024219,21999620,38.92,6.48039400,1
1506024217,21999617,38.92,5.98800000,1
1506024133,21999545,39.08,10.20982600,0
1506024123,21999527,39.09,7.00023000,0
1506024083,21999476,39.24,47.00000000,1
1506024082,21999474,39.24,15.00000000,1
1506024082,21999472,39.16,18.34000000,1
1506024082,21999470,39.16,49.73452735,1
1506024081,21999468,39.14,15.00000000,1
1506024039,21999442,39.11,5.10099718,0
1506023950,21999355,38.92,13.36757195,1
1506023950,21999354,39.00,0.00000005,1
1506023948,21999353,39.01,1.00000000,1
1506023945,21999352,39.06,0.25550435,0
1506023934,21999342,39.00,3.09834200,1
1506023932,21999339,39.00,42.00000000,1
1506023930,21999336,39.00,4.90165795,1
1506023911,21999315,38.93,5.87000000,1
1506023900,21999291,38.93,9.00000000,1
1506023868,21999278,39.05,12.77208707,0
1506023827,21999268,39.08,4.95037094,0
1506023790,21999246,39.01,1.00000000,1
1506023590,21998975,39.26,0.25420275,0
1506023563,21998934,39.26,15.51319714,1
1506023562,21998931,39.26,18.34000000,0
1506023550,21998918,39.25,3.43798569,1
1506023547,21998916,39.25,7.38622900,1
1506023546,21998908,39.25,10.07240394,1
1506023545,21998903,39.25,4.90580100,1
1506023543,21998897,39.25,6.81999500,1
1506023537,21998889,39.25,11.72042500,1
1506023531,21998880,39.25,14.01254574,1
1506023530,21998877,39.26,6.38197179,0
1506023530,21998875,39.26,3.78104400,0
1506023472,21998824,39.28,6.23417686,0
1506023468,21998821,39.08,0.50000000,1
1506023461,21998809,39.05,2.22685000,1
1506023456,21998793,39.08,1.25325000,1
1506023435,21998742,39.10,3.00000000,1
1506023431,21998735,39.10,17.94940000,1
1506023380,21998613,39.15,2.00023000,0
1506023378,21998611,38.98,0.50000000,1
1506023375,21998610,38.98,1.07000000,1
1506023308,21998544,38.65,2.61784000,1
1506023285,21998529,38.65,0.50000000,1
1506023264,21998452,38.82,2.51370603,0
1506023231,21998432,38.65,1.79701000,1
1506023230,21998431,38.65,1.79701000,1
1506023214,21998416,38.65,2.22581000,1
1506023214,21998415,38.65,3.12600000,1
1506023161,21998344,38.73,0.12858249,0
1506023140,21998319,38.66,1.50000000,1
1506023119,21998289,38.79,2.57164948,0
1506023054,21998213,38.84,0.99511000,0
1506023052,21998211,38.83,7.00512000,0
1506022924,21998047,38.60,0.50000000,1
1506022815,21997965,38.79,1.00023000,0
1506022790,21997938,38.79,5.01443671,0
1506022717,21997871,38.52,2.33524000,1
1506022703,21997837,38.53,2.33494000,1
1506022689,21997794,38.53,1.33494000,1
1506022689,21997792,38.61,1.00000000,1
1506022643,21997732,38.77,6.04616972,0
1506022542,21997608,38.71,1.00000000,1
1506022522,21997573,38.61,0.50000000,1
1506022521,21997567,38.90,0.25648933,0
1506022408,21997387,38.78,0.50000000,1
1506022404,21997381,39.11,18.43562751,1
1506022404,21997379,39.11,5.30150900,1
1506022403,21997376,39.11,2.84224000,1
1506022400,21997371,38.98,3.42062349,0
1506022396,21997363,39.00,18.07030953,1
1506022395,21997353,38.99,15.24700000,0
1506022370,21997314,38.83,14.05790000,1
1506022370,21997313,38.83,14.05790000,1
1506022368,21997311,38.83,14.05790000,1
1506022350,21997295,38.97,2.04772902,0
1506022345,21997290,38.99,10.00000000,0
1506022327,21997265,38.88,0.50000000,1
1506022244,21997105,38.70,2.00000000,0
1506022241,21997098,38.69,2.91684207,0
1506022240,21997097,38.69,5.00007806,0
1506022240,21997096,38.69,7.02994849,0
1506022103,21996767,38.52,11.91024522,1
1506022101,21996765,38.52,1.25000000,1
1506022052,21996701,38.51,3.72526167,1
1506022051,21996700,38.52,0.72473833,1
1506022038,21996686,38.51,17.51590826,1
1506022038,21996685,38.51,1.00000000,1
1506022037,21996684,38.52,5.44065174,1
1506022028,21996661,38.59,0.15000000,0
1506021990,21996592,38.59,1.00000000,0
1506021987,21996591,38.59,1.00000000,1
1506021980,21996586,38.69,0.25794779,0
1506021964,21996571,38.60,10.00000000,1
1506021943,21996506,38.61,1.00000000,1
1506021890,21996312,38.69,0.31369786,1
1506021890,21996310,38.69,5.00000000,1
1506021888,21996302,38.69,1.97930014,1
1506021875,21996277,38.69,4.00000000,1
1506021871,21996270,38.69,1.00000000,1
1506021851,21996218,38.69,37.98885500,1
1506021847,21996207,38.69,18.60000000,1
1506021835,21996169,38.69,1.11814700,1
1506021831,21996165,38.71,1.28829760,1
1506021831,21996163,38.71,0.03406164,1
1506021831,21996160,38.73,0.00025300,1
1506021820,21996121,38.73,0.36135040,1
1506021808,21996093,38.74,15.00000000,1
1506021776,21996031,38.74,0.55869996,1
1506021776,21996030,38.74,0.00000104,1
1506021776,21996029,38.75,12.83480000,1
1506021699,21995813,38.75,2.72390000,1
1506021699,21995811,38.75,15.55870000,1
1506021699,21995809,38.75,15.55870000,1
1506021699,21995806,38.75,15.55870000,1
1506021699,21995804,38.76,0.60000000,1
1506021681,21995750,38.73,15.55869896,0
1506021675,21995731,38.91,1.00123000,0
1506021674,21995730,38.92,2.00023000,0
1506021663,21995709,38.72,9.57000000,1
1506021661,21995708,38.86,2.50617602,0
1506021538,21995474,38.71,0.75684612,1
1506021527,21995458,38.71,0.20909224,1
1506021482,21995397,38.80,2.68000000,1
1506021430,21995304,38.80,2.32000000,1
1506021429,21995300,38.81,1.00000000,1
1506021424,21995286,38.88,10.00000000,1
1506021424,21995285,38.90,2.31773135,1
1506021423,21995282,38.90,2.68226865,1
1506021423,21995281,38.91,0.00000235,1
1506021423,21995273,38.91,0.99999765,1
1506021422,21995269,38.99,1.00000000,1
1506021422,21995265,39.00,2.50000000,1
1506021422,21995261,39.00,0.32058235,1
1506021421,21995244,39.00,1.00000000,1
1506021415,21995222,39.02,1.00000000,0
1506021409,21995211,39.02,1.00000000,0
1506021392,21995162,39.00,5.16966300,1
1506021376,21995144,39.00,2.67000000,1
1506021376,21995143,39.00,0.83975465,1
1506021376,21995142,39.00,1.31082735,1
1506021372,21995135,39.00,0.68917265,1
1506021372,21995134,39.00,1.00000000,1
1506021372,21995133,39.00,7.30107235,1
1506021363,21995119,39.00,0.41277154,1
1506021362,21995117,39.00,1.00000000,1
1506021359,21995113,39.00,13.81073524,1
1506021359,21995111,39.01,0.00009176,1
1506021355,21995101,39.01,18.33990824,1
1506021351,21995081,39.00,24.21384400,1
1506021339,21995057,39.00,30.26157687,1
1506021339,21995055,39.00,6.39794930,1
1506021339,21995054,39.00,1.36505283,1
1506021315,21994973,39.27,6.09676598,0
1506021309,21994963,39.00,3.95392409,1
1506021309,21994962,39.00,2.00000000,1
1506021309,21994961,39.00,4.00000000,1
1506021309,21994960,39.01,0.27817591,1
1506021282,21994905,39.01,0.72182409,1
1506021157,21994581,39.02,2.82472890,1
1506021157,21994580,39.02,0.87931082,1
1506021147,21994535,39.02,0.63867867,1
1506021090,21994376,39.10,1.00000000,1
1506021062,21994280,39.25,1.00000000,1
1506021038,21994207,39.38,0.71310000,0
1506021030,21994192,39.40,7.59517766,0
1506021022,21994178,39.18,0.40030237,1
1506021022,21994177,39.19,2.59969763,1
1506021012,21994161,39.23,2.00000000,1
1506021009,21994140,39.23,14.00000000,1
1506021004,21994131,39.25,9.00000000,1
1506020977,21994018,39.58,12.60106114,0
1506020967,21993971,39.44,1.79960838,1
1506020962,21993965,39.49,0.99897025,0
1506020962,21993964,39.49,0.49399975,0
1506020961,21993959,39.14,2.00000000,0
1506020960,21993958,39.03,18.76004223,0
1506020959,21993956,39.11,1.00000000,1
1506020959,21993955,39.14,4.82643203,1
1506020959,21993950,39.16,1.00000000,1
1506020958,21993948,39.21,1.00000000,1
1506020958,21993946,39.21,18.34000000,0
1506020958,21993945,39.22,4.20577856,1
1506020957,21993943,39.31,1.00000000,1
1506020955,21993937,39.41,0.10000000,1
1506020951,21993928,39.41,0.90000000,1
1506020945,21993919,39.49,1.00000025,1
1506020944,21993916,39.49,1.99999975,1
1506020940,21993905,39.50,1.99979392,1
1506020940,21993903,39.50,48.53826816,1
1506020940,21993901,39.50,2.99999975,1
1506020937,21993887,39.50,25.31974659,1
1506020933,21993881,39.50,5.14198550,1
1506020911,21993799,39.51,0.66000000,1
1506020911,21993798,39.53,18.34000000,1
1506020899,21993733,39.54,3.94156312,1
1506020897,21993728,39.54,6.04626758,0
1506020889,21993702,39.54,1.00000000,1
1506020885,21993672,39.50,18.00000000,1
1506020885,21993670,39.51,1.00000000,1
1506020885,21993668,39.52,1.00000000,1
1506020880,21993652,39.56,1.99000000,1
1506020878,21993639,39.56,2.00000000,1
1506020874,21993616,39.55,2.00000000,1
1506020871,21993594,39.54,13.00000000,1
1506020864,21993532,39.62,6.00000000,1
1506020845,21993451,39.71,1.32729000,0
1506020844,21993449,39.71,13.61610000,0
1506020842,21993442,39.70,1.80936000,0
1506020841,21993436,39.71,2.11788000,0
1506020840,21993434,39.58,6.00000000,1
1506020821,21993382,39.55,10.60529572,0
1506020801,21993309,39.64,2.00000000,0
1506020789,21993275,39.59,1.00000000,1
1506020789,21993274,39.61,2.00000000,1
1506020789,21993273,39.61,1.00000000,1
1506020785,21993262,39.66,4.25340000,1
1506020785,21993261,39.76,7.74660000,1
1506020780,21993230,39.69,7.25882100,0
1506020754,21993127,39.74,2.39825493,0
1506020754,21993124,39.74,5.00000000,0
1506020750,21993112,39.74,20.43054300,0
1506020741,21993097,39.72,5.52845822,0
1506020740,21993096,39.72,21.47154178,1
1506020737,21993094,39.76,23.00000000,1
1506020728,21993087,39.90,1.00000000,0
1506020697,21993077,39.81,1.00000000,1
1506020623,21992973,39.84,0.50000000,1
1506020482,21992882,39.93,15.67665700,0
1506020406,21992856,39.88,2.00000000,1
1506020378,21992834,39.95,0.24981227,0
1506020339,21992814,39.83,7.00000000,1
1506020336,21992806,39.83,6.00000000,1
1506020324,21992799,39.82,11.34702966,1
1506020318,21992798,39.84,8.00000000,1
1506020116,21992656,39.95,24.36343669,0
1506020062,21992635,39.79,0.52626288,0
1506019902,21992565,39.71,1.00000000,1
1506019831,21992518,39.79,0.15000000,1
1506019811,21992506,39.79,0.15000000,1
1506019782,21992480,39.79,0.15000000,1
1506019770,21992471,39.79,0.15000000,1
1506019636,21992383,39.91,3.27330000,0
1506019621,21992369,39.77,1.00000000,1
1506019615,21992365,39.94,2.01731000,0
1506019576,21992328,39.80,5.45300000,1
1506019567,21992322,39.82,21.00000000,1
1506019565,21992319,39.95,1.00000000,0
1506019563,21992315,39.83,16.00000000,1
1506019542,21992280,40.00,1.31000000,1
1506019540,21992277,40.00,54.14000000,1
1506019539,21992274,40.01,1.00149963,0
1506019538,21992273,40.00,3.00000000,1
1506019521,21992213,40.00,17.55000000,1
1506019519,21992194,40.00,5.00000000,1
1506019502,21992161,39.95,29.00000000,1
1506019502,21992160,39.96,1.00000000,1
1506019502,21992159,39.98,2.00000000,1
1506019464,21992093,40.02,2.60279000,0
1506019460,21992088,39.95,11.00000000,1
1506019460,21992087,39.96,1.00000000,1
1506019440,21992068,39.95,1.00000000,1
1506019437,21992061,39.95,7.00000000,1
1506019426,21992050,39.96,2.00000000,1
1506019423,21992047,39.96,3.00000000,1
1506019420,21992045,39.96,18.00000000,1
1506019413,21992023,39.96,5.00000000,1
1506019400,21992016,39.98,2.21000000,0
1506019399,21992015,39.98,0.64000000,1
1506019396,21992013,39.98,1.00000000,1
1506018999,21991825,39.92,0.23225282,1
1506018996,21991823,39.93,1.00000000,1
1506018986,21991821,39.92,11.00000000,1
1506018986,21991820,39.93,1.00000000,1
1506018981,21991818,39.92,7.00000000,1
1506018961,21991774,39.92,29.00000000,1
1506018923,21991761,39.92,3.00000000,1
1506018907,21991756,40.04,0.20000000,1
1506018899,21991753,39.90,0.36000000,1
1506018899,21991752,39.91,19.64000000,1
1506018840,21991675,40.13,6.26389235,0
1506018809,21991664,40.01,1.00000000,1
1506018743,21991624,40.12,1.20688397,0
1506018724,21991571,39.77,29.04538993,1
1506018723,21991570,39.78,0.90000000,1
1506018723,21991569,39.79,15.55869896,1
1506018723,21991567,39.81,1.00000000,1
1506018723,21991566,39.83,8.96000000,1
1506018722,21991564,39.91,1.00000000,1
1506018722,21991561,39.93,44.76000000,1
1506018722,21991559,39.95,21.49093302,1
1506018722,21991558,39.95,4.53108914,0
1506018720,21991555,40.00,1.00000000,1
1506018644,21991513,40.10,2.00000000,1
1506018643,21991510,40.11,27.52000000,0
1506018592,21991440,40.01,0.25934083,1
1506018565,21991405,40.14,1.99000000,0
1506018565,21991404,40.14,9.94000000,0
1506018565,21991403,40.10,9.64133872,0
1506018522,21991353,40.05,20.03277832,1
1506018520,21991347,40.05,17.55096100,1
1506018406,21991182,40.00,5.00000000,1
1506018399,21991167,40.04,10.00023000,0
1506018380,21991161,40.00,5.00000000,1
1506018339,21991112,40.07,1.20898720,0
1506018332,21991107,39.99,1.00000000,1
1506018332,21991106,40.01,1.00000000,1
1506018320,21991089,40.06,8.26999500,1
1506017989,21990882,40.08,14.01981100,0
1506017985,21990876,40.07,18.34000000,1
1506017983,21990822,40.08,2.78018400,0
1506017961,21990796,40.10,0.24887781,0
1506017932,21990766,39.97,18.34000000,0
1506017918,21990756,39.98,15.00000000,0
1506017914,21990753,40.00,6.00000000,1
1506017903,21990741,40.01,5.89000000,0
1506017886,21990730,40.01,5.00000000,0
1506017875,21990725,40.00,5.00000000,0
1506017827,21990670,39.78,69.99463935,0
1506017826,21990661,39.78,16.50768865,0
1506017825,21990657,39.81,1.00000000,1
1506017825,21990656,39.83,124.00000000,1
1506017824,21990654,39.84,20.58000000,1
1506017810,21990640,39.90,5.00000000,0
1506017809,21990635,39.83,19.38965400,1
1506017809,21990634,39.83,1.00000000,1
1506017808,21990631,39.83,32.21273900,1
1506017808,21990630,39.83,38.14245600,1
1506017808,21990629,39.83,33.25515100,1
1506017778,21990574,39.91,1.00000000,1
1506017757,21990558,40.04,0.24900100,0
1506017754,21990554,40.06,0.24912631,0
1506017742,21990541,39.86,58.39175056,0
1506017734,21990531,39.86,0.25012544,0
1506017545,21990363,39.83,0.25056490,0
1506017416,21990300,39.81,0.25069078,0
1506017369,21990274,39.66,35.01100000,0
1506017367,21990268,39.71,1.00000000,1
1506017322,21990229,39.99,0.24956239,0
1506017272,21990175,39.70,42.56074400,0
1506017271,21990174,39.70,20.10064000,0
1506017271,21990173,39.69,14.89000000,0
1506017255,21990165,39.70,46.12378200,0
1506017255,21990163,39.69,17.69000000,0
1506017246,21990151,39.69,21.02000000,0
1506017236,21990129,39.70,15.75149300,0
1506017233,21990123,39.70,1.27966700,0
1506017231,21990119,39.70,81.13644000,0
1506017227,21990114,39.70,24.35559900,0
1506017225,21990111,39.70,27.98916100,0
1506017225,21990108,39.70,48.59770600,0
1506017221,21990103,39.70,2.71615000,0
1506017220,21990099,39.70,2.51629000,0
1506017218,21990095,39.71,2.79000000,1
1506017218,21990094,39.71,1.00000000,1
1506017218,21990093,39.81,1.00000000,1
1506017195,21990007,39.84,3.12331513,1
1506017195,21990006,39.92,3.56000000,1
1506017195,21990003,39.92,9.34000000,1
1506017191,21990000,39.92,8.00000000,1
1506017186,21989994,39.92,0.50000000,1
1506017126,21989940,39.88,0.50000000,1
1506017080,21989919,40.06,0.87053519,0
1506017063,21989911,39.91,0.50000000,1
1506016981,21989842,39.91,0.50000000,1
1506016957,21989828,40.01,0.13318423,1
1506016925,21989817,40.01,0.00233284,1
1506016925,21989816,40.01,0.49766716,1
1506016859,21989779,40.01,0.50000000,1
1506016841,21989770,40.01,0.00233284,1
1506016841,21989769,40.02,1.98479000,1
1506016841,21989768,40.02,1.34986716,1
1506016826,21989761,40.02,5.26582000,1
1506016718,21989698,40.06,0.50690929,1
1506016718,21989697,40.14,2.15283071,1
1506016717,21989696,40.14,0.82948120,0
1506016654,21989678,40.08,0.50000000,1
1506016647,21989671,40.13,3.10935601,1
1506016623,21989648,40.12,38.21674357,0
1506016622,21989646,40.12,1.67397806,0
1506016619,21989641,40.12,7.45887300,0
1506016598,21989629,40.12,1.53842000,0
1506016590,21989622,40.12,20.67000000,0
1506016581,21989609,40.14,41.64456300,0
1506016581,21989608,40.13,5.00051900,0
1506016578,21989606,40.13,0.82948100,0
1506016571,21989596,40.14,1.21139989,0
1506016566,21989594,40.14,0.46053000,0
1506016528,21989547,40.14,9.56402591,0
1506016507,21989537,40.13,3.05432344,0
1506016482,21989507,40.02,0.50000000,1
1506016430,21989376,40.03,6.61569200,0
1506016428,21989367,40.03,1.88430284,0
1506016428,21989366,40.02,6.61569216,0
1506016428,21989364,40.02,53.38430784,0
1506016408,21989331,39.91,12.48662962,0
1506016406,21989324,39.85,0.50000000,1
1506016352,21989260,39.84,5.15973000,1
1506016348,21989255,39.84,1.06327000,1
1506016348,21989254,39.91,0.50000000,1
1506016343,21989244,39.91,0.50000000,1
1506016328,21989225,39.95,0.24981227,0
1506016273,21989186,39.85,14.20000000,1
1506016241,21989167,39.85,1.16709000,1
1506016163,21989080,39.85,3.17655100,1
1506016130,21989052,39.99,9.35939850,0
1506016120,21989049,39.85,0.50000000,1
1506016113,21989048,40.02,2.43532854,0
1506016035,21988988,39.92,0.82439880,0
1506016005,21988971,39.67,0.50000000,0
1506015975,21988958,40.09,27.46420553,1
1506015975,21988956,39.89,2.51000000,0
1506015974,21988955,39.86,12.53000000,0
1506015891,21988903,39.60,35.55000000,1
1506015889,21988902,39.61,14.45000000,1
1506015768,21988795,39.54,14.53505080,0
1506015768,21988793,39.54,4.02000000,1
1506015760,21988788,39.52,4.00000000,0
1506015760,21988787,39.53,15.00000000,0
1506015758,21988786,39.61,1.00000000,1
1506015735,21988766,39.85,0.00003160,1
1506015735,21988765,39.77,5.00019840,1
1506015720,21988737,39.77,2.13236000,1
1506015710,21988697,39.74,1.00000000,1
1506015710,21988696,39.74,1.00000000,1
1506015707,21988647,39.74,1.00000000,1
1506015707,21988646,39.74,1.00000000,1
1506015707,21988644,39.74,1.00000000,1
1506015707,21988641,39.74,0.99546284,1
1506015667,21988535,39.75,2.00000000,0
1506015666,21988523,39.71,0.00453716,0
1506015665,21988513,39.71,0.99546284,0
1506015663,21988491,39.70,1.00000000,1
1506015662,21988488,39.71,1.00000000,1
1506015662,21988487,39.75,2.00000000,1
1506015662,21988484,39.76,6.12000000,1
1506015662,21988481,39.81,1.00000000,1
1506015662,21988479,39.83,30.57000000,1
1506015662,21988476,39.90,3.98085000,1
1506015661,21988475,39.91,0.84602000,1
1506015641,21988391,40.04,0.60927910,1
1506015639,21988390,40.05,53.68988740,0
1506015633,21988384,40.16,24.00023000,0
1506015339,21988070,40.17,4.83525882,0
1506015329,21988058,40.17,1.24147374,0
1506015312,21988050,40.18,1.20898720,0
1506015287,21988025,39.91,0.15398000,1
1506015286,21988024,39.92,6.84602000,1
1506015286,21988023,40.01,1.00000000,1
1506015286,21988022,40.01,1.00000000,1
1506015284,21988020,40.04,1.00000000,1
1506015145,21987908,40.21,0.50012435,0
1506015062,21987783,40.25,4.00000000,1
1506015000,21987726,40.44,1.23117748,0
1506014761,21987426,40.53,35.23959254,1
1506014733,21987400,40.52,9.79025311,1
1506014695,21987351,40.74,2.44869907,0
1506014663,21987325,40.52,18.82000000,0
1506014607,21987272,40.64,7.08233476,0
1506014591,21987264,40.71,2.45025792,0
1506014577,21987258,40.34,8.00000000,1
1506014471,21987181,40.52,1.07750552,0
1506014433,21987146,40.50,1.00000000,1
1506014409,21987135,40.50,3.70808000,0
1506014400,21987117,40.52,11.74228143,1
1506014399,21987116,40.53,12.00000000,1
1506014397,21987114,40.52,0.25771857,0
1506014205,21987001,40.52,2.31946713,0
1506014192,21986968,40.52,0.95120426,0
1506014192,21986962,40.51,1.78053574,0
1506014160,21986926,40.47,0.22171277,0
1506014155,21986915,40.47,1.99541479,0
1506014151,21986913,40.47,3.58151220,1
1506014127,21986877,40.47,3.59789697,0
1506014115,21986863,40.52,0.17607502,0
1506014115,21986862,40.52,1.06970498,0
1506014111,21986858,40.41,0.45222510,0
1506014109,21986854,40.52,2.63476000,0
1506014103,21986844,40.49,1.43579000,0
1506014091,21986838,40.51,3.00000000,0
1506014077,21986826,40.45,0.90000000,0
1506014072,21986823,40.49,1.29582000,1
1506014072,21986822,40.50,21.00000000,1
1506014072,21986821,40.52,3.70705824,1
1506014071,21986813,40.53,10.42243039,1
1506014069,21986808,40.50,29.00000000,1
1506014065,21986802,40.58,4.50000000,0
1506014064,21986800,40.58,1.70000000,1
1506014060,21986797,40.68,1.39223000,0
1506014035,21986755,40.61,2.98800000,1
1506014035,21986754,40.63,16.79000000,1
1506014032,21986749,40.63,4.00000000,1
1506014029,21986743,40.62,2.20000000,1
1506014029,21986742,40.62,20.80000000,1
1506014026,21986738,40.64,18.34000000,1
1506014024,21986736,40.65,9.49000000,1
1506014024,21986734,40.81,3.30415000,0
1506014021,21986726,40.79,18.34000000,0
1506014020,21986725,40.80,18.34000000,0
1506014019,21986721,40.80,18.34000000,1
1506014019,21986720,40.87,4.27488747,1
1506014019,21986719,40.87,1.82665400,1
1506014011,21986685,40.79,0.00003947,1
1506014010,21986681,40.79,4.66996053,1
1506014010,21986680,40.79,17.37000000,1
1506014007,21986669,40.79,6.00000000,1
1506014001,21986661,40.77,0.36000000,1
1506014001,21986660,40.79,3.42676400,1
1506013996,21986655,41.13,10.28868904,0
1506013996,21986654,40.97,0.09902825,0
1506013996,21986653,40.94,1.14000000,0
1506013996,21986652,40.94,5.70000000,0
1506013995,21986648,40.92,2.77251271,1
1506013986,21986629,40.94,2.10899000,0
1506013984,21986627,40.91,0.26661790,0
1506013984,21986626,40.80,0.98576210,0
1506013966,21986562,40.81,0.98394861,1
1506013964,21986548,40.97,0.89125421,0
1506013959,21986515,41.02,9.00000000,1
1506013955,21986492,40.82,4.00600000,0
1506013955,21986490,40.82,1.13400000,1
1506013955,21986489,40.83,15.00000000,1
1506013937,21986455,40.86,10.10000000,1
1506013849,21986330,41.21,17.00000000,1
1506013846,21986329,41.21,0.36000000,1
1506013845,21986327,41.18,16.49680000,0
1506013842,21986313,41.21,22.23450000,0
1506013842,21986311,41.12,12.44550000,0
1506013841,21986307,41.21,50.00000000,1
1506013840,21986306,41.22,6.05000000,0
1506013840,21986305,41.22,12.29026686,0
1506013821,21986269,41.22,6.04973314,0
1506013818,21986261,41.21,27.88182479,0
1506013802,21986222,41.15,4.85126792,1
1506013745,21986077,41.15,2.59935601,1
1506013743,21986074,41.15,0.51000000,0
1506013739,21986052,41.00,1.00000000,0
1506013739,21986050,41.00,0.52000000,0
1506013739,21986048,41.00,0.52000000,0
1506013697,21985968,41.00,32.30222468,1
1506013697,21985967,41.00,46.54606800,1
1506013697,21985965,40.97,170.77000000,0
1506013696,21985963,40.96,40.99000000,0
1506013651,21985916,40.84,2.75302000,1
1506013626,21985829,40.95,0.98100000,0
1506013620,21985800,40.95,0.17101245,0
1506013612,21985777,40.82,1.26000000,0
1506013610,21985773,40.81,1.93276900,0
1506013608,21985762,40.81,1.49400000,0
1506013590,21985714,40.74,0.29600000,0
1506013583,21985694,40.74,1.49400000,0
1506013578,21985682,40.81,0.77463910,0
1506013575,21985671,40.81,4.07162087,0
1506013570,21985652,40.81,5.86329761,0
1506013569,21985647,40.77,0.55000000,1
1506013569,21985644,40.74,2.74000000,1
1506013569,21985642,40.70,2.00000000,0
1506013567,21985638,40.65,8.34584900,0
1506013548,21985605,40.65,6.65415100,0
1506013548,21985604,40.62,4.03000000,0
1506013505,21985540,40.62,12.27966519,0
1506013495,21985528,40.64,0.19340551,1
1506013495,21985527,40.63,0.99000000,0
1506013493,21985525,40.50,4.97000000,0
1506013408,21985356,40.57,0.73749076,0
1506013383,21985321,40.63,2.45508245,0
1506013311,21985262,40.40,8.83382000,1
1506013249,21985203,40.52,5.00000000,1
1506013229,21985192,40.39,3.19181460,1
1506013227,21985187,40.53,1.00912904,0
1506013167,21985130,40.39,1.98000000,1
1506013124,21985072,40.39,0.02630000,1
1506013124,21985070,40.40,5.36000000,1
1506013124,21985069,40.40,5.36000000,1
1506013124,21985068,40.40,5.36000000,1
1506013123,21985067,40.40,5.36000000,1
1506013123,21985066,40.40,5.36000000,1
1506013123,21985065,40.40,5.36000000,1
1506013123,21985063,40.40,5.36000000,1
1506013092,21985014,40.61,5.00023000,0
1506013073,21984959,40.57,2.00000000,1
1506012974,21984802,40.56,1.20808492,0
1506012945,21984790,40.56,3.19181460,0
1506012890,21984696,40.34,0.00403800,0
1506012889,21984695,40.34,5.35596200,0
1506012889,21984694,40.34,7.08000000,0
1506012889,21984693,40.34,5.90203800,0
1506012883,21984681,40.34,5.35796200,0
1506012883,21984680,40.34,7.07796200,0
1506012879,21984673,40.34,0.92203800,0
1506012879,21984672,40.34,10.34000000,0
1506012878,21984669,40.25,17.30000000,1
1506012823,21984600,40.34,8.00000000,0
1506012766,21984530,40.19,6.27000000,0
1506012762,21984516,40.21,2.59000000,0
1506012755,21984507,40.15,12.97000000,0
1506012741,21984467,40.06,15.41000000,0
1506012731,21984442,40.07,9.00000000,0
1506012727,21984401,39.99,2.01736000,1
1506012719,21984389,40.06,2.33890266,1
1506012716,21984388,40.06,0.71156734,1
1506012716,21984387,40.06,1.70633790,1
1506012716,21984386,40.07,6.58209476,1
1506012713,21984382,40.07,2.00000000,1
1506012706,21984370,40.08,1.89593100,1
1506012706,21984369,40.08,6.35406900,1
1506012705,21984367,40.06,16.00000000,0
1506012697,21984345,40.08,1.83000000,1
1506012697,21984344,40.11,1.17000000,1
1506012687,21984334,40.09,29.68000000,1
1506012687,21984333,40.10,9.32000000,1
1506012625,21984140,39.98,4.23429542,1
1506012624,21984138,40.11,32.00095500,0
1506012624,21984137,40.11,10.76879000,0
1506012617,21984118,40.10,5.00023000,0
1506012616,21984117,40.10,23.94160938,0
1506012599,21984082,40.01,7.62216000,1
1506012599,21984081,40.01,1.00000000,1
1506012583,21984033,40.11,4.95759100,1
1506012577,21984020,40.11,18.04240900,1
1506012475,21983828,39.90,0.01915000,1
1506012475,21983827,39.91,27.34865000,1
1506012431,21983753,40.36,8.00540713,0
1506012431,21983752,40.35,43.17874800,0
1506012430,21983751,40.34,4.25959487,1
1506012430,21983750,40.19,2.55000000,0
1506012430,21983749,40.19,12.75000000,0
1506012430,21983748,40.01,1.37720891,1
1506012428,21983747,40.00,29.25625000,0
1506012407,21983725,40.00,8.25000000,0
1506012389,21983707,40.00,2.49375000,0
1506012380,21983688,39.86,1.46726000,1
1506012357,21983657,39.99,9.41057190,0
1506012357,21983656,39.99,0.58942810,0
1506012344,21983638,39.99,14.96624156,0
1506012264,21983502,39.74,10.10000000,0
1506012264,21983498,39.74,1.32191800,0
1506012195,21983374,39.65,2.15969400,1
1506012193,21983369,39.89,7.69566307,1
1506012191,21983361,39.73,17.38000000,0
1506012134,21983285,39.72,1.25553877,0
1506012124,21983269,39.73,0.22577397,0
1506012121,21983263,39.72,7.20000000,1
1506012120,21983260,39.73,1.00000000,0
1506012070,21983188,39.74,0.39406140,0
1506012038,21983156,39.65,8.60000000,1
1506012038,21983155,39.70,0.50000000,1
1506012038,21983154,39.74,0.90000000,1
1506011991,21983067,39.59,5.13497860,1
1506011991,21983066,39.61,1.00000000,1
1506011991,21983065,39.62,3.86502140,1
1506011988,21983056,39.72,18.34000000,1
1506011976,21983019,39.76,36.56780000,1
1506011975,21983016,39.74,17.41000000,0
1506011963,21982990,39.71,27.67655421,1
1506011962,21982989,39.71,0.05483243,1
1506011930,21982928,39.72,4.53000000,0
1506011898,21982825,39.80,1.45915000,0
1506011896,21982821,39.71,0.94516757,1
1506011896,21982819,39.86,2.00023000,0
1506011886,21982799,39.88,3.01000000,1
1506011836,21982693,39.96,15.55566966,1
1506011814,21982637,40.01,1.05289000,1
1506011813,21982633,40.00,2.30000000,0
1506011813,21982632,39.95,1.70577000,0
1506011792,21982559,39.94,4.00577000,0
1506011788,21982549,39.95,1.19347000,0
1506011749,21982502,39.95,2.10076000,0
1506011731,21982477,39.82,29.00000000,1
1506011704,21982408,39.82,18.50600000,1
1506011702,21982405,39.95,1.49400000,1
1506011668,21982277,39.96,18.69000000,1
1506011646,21982212,40.02,14.53818991,0
1506011645,21982207,40.02,4.87981009,1
1506011644,21982205,40.10,1.31440039,0
1506011644,21982204,40.10,1.27946961,0
1506011640,21982187,40.10,2.09659000,0
1506011638,21982174,39.96,1.42934160,1
1506011632,21982157,40.02,19.22484300,1
1506011629,21982149,40.03,6.04000000,0
1506011629,21982148,40.03,6.04000000,0
1506011629,21982147,40.03,6.04000000,0
1506011629,21982146,40.03,1.10613100,0
1506011629,21982145,40.03,2.57484900,0
1506011628,21982144,40.02,19.22613100,0
1506011616,21982087,40.02,19.00000000,0
1506011613,21982070,40.00,19.00000000,0
1506011598,21981952,39.89,31.95746300,1
1506011598,21981951,39.89,26.93079500,1
1506011598,21981948,39.90,18.34000000,1
1506011591,21981896,40.03,2.35902000,0
1506011588,21981894,39.91,16.43454300,0
1506011586,21981888,39.92,4.00000000,1
1506011584,21981876,39.82,3.23622222,1
1506011574,21981830,39.74,1.95000000,1
1506011574,21981829,39.74,29.00000000,1
1506011574,21981828,39.74,32.00000000,1
1506011573,21981825,39.81,1.00000000,1
1506011573,21981820,39.90,7.00000000,1
1506011573,21981812,39.91,1.00000000,1
1506011570,21981793,39.92,9.77000000,0
1506011569,21981789,39.92,8.31263800,1
1506011569,21981788,39.92,10.57786900,1
1506011569,21981787,39.92,35.00000000,1
1506011569,21981785,39.92,6.52861700,1
1506011569,21981784,39.92,8.00000000,1
1506011568,21981782,39.92,6.04000000,1
1506011567,21981781,39.92,30.97085000,1
1506011567,21981780,39.92,131.76130500,1
1506011567,21981779,39.92,168.45857300,1
1506011567,21981778,39.92,82.56998520,1
1506011567,21981777,40.00,32.33001480,1
1506011567,21981776,40.00,3.66998520,1
1506011567,21981774,40.00,5.00000000,1
1506011567,21981773,40.00,2.49400000,1
1506011567,21981772,40.00,1.00000000,1
1506011566,21981770,40.00,2.00000000,1
1506011566,21981769,40.00,3.00000000,1
1506011566,21981768,40.00,2.10000000,1
1506011566,21981767,40.00,1.34412000,1
1506011566,21981765,40.00,1.00000000,1
1506011566,21981764,40.00,0.50000000,1
1506011566,21981763,40.00,5.00000000,1
1506011566,21981761,40.00,10.00000000,1
1506011566,21981760,40.00,4.98765580,1
1506011565,21981758,40.00,0.41000000,1
1506011565,21981755,40.00,1.00000000,1
1506011565,21981754,40.00,2.00000000,1
1506011565,21981753,40.00,10.00000000,1
1506011565,21981751,40.00,8.00000000,1
1506011565,21981750,40.00,1.00000000,1
1506011565,21981749,40.00,6.00000000,1
1506011565,21981746,40.00,3.39351100,1
1506011565,21981744,40.00,1.00000000,1
1506011564,21981743,40.00,5.60648900,1
1506011564,21981741,40.00,0.52000000,1
1506011564,21981738,40.00,0.52000000,1
1506011564,21981735,40.00,0.35351100,1
1506011563,21981730,40.00,2.14148900,1
1506011563,21981728,40.00,1.00000000,1
1506011563,21981723,40.00,5.00000000,1
1506011563,21981721,40.00,0.40000000,1
1506011563,21981720,40.00,8.00000000,1
1506011563,21981719,40.00,13.00000000,1
1506011562,21981713,40.01,0.17990700,1
1506011562,21981710,40.01,1.00000000,1
1506011562,21981707,40.04,6.04000000,1
1506011526,21981558,40.05,15.98093600,1
1506011526,21981557,40.07,14.81657290,1
1506011526,21981556,40.10,18.34000000,1
1506011525,21981555,40.10,3.37600024,1
1506011517,21981533,40.10,2.62399976,1
1506011517,21981532,40.11,0.90000000,1
1506011517,21981531,40.20,0.52000000,1
1506011516,21981530,40.20,7.45600024,1
1506011515,21981525,40.20,8.94999976,1
1506011501,21981488,40.22,28.00000000,1
1506011473,21981398,40.52,0.23997996,0
1506011471,21981396,40.50,0.00003117,0
1506011453,21981365,40.50,9.99824019,1
1506011453,21981361,40.50,17.91671087,1
1506011451,21981357,40.50,4.98950795,1
1506011450,21981354,40.50,38.21777754,1
1506011449,21981349,40.50,7.11865331,1
1506011433,21981331,40.50,36.64469112,1
1506011425,21981315,40.50,3.12516000,1
1506011416,21981299,40.50,9.79925902,1
1506011395,21981264,40.50,18.34000000,1
1506011372,21981199,40.50,18.34000000,1
1506011300,21981091,40.50,32.00000000,0
1506011300,21981090,40.49,3.51000000,0
1506011283,21981069,40.49,1.00987898,0
1506011252,21981042,40.49,12.34372375,0
1506011170,21980928,40.63,0.50000000,1
1506011170,21980927,40.63,0.74922000,1
1506011170,21980926,40.63,4.21634000,1
1506011161,21980910,40.63,3.00000000,1
1506011155,21980901,40.63,2.38101000,1
1506011153,21980898,40.63,40.40265000,1
1506011153,21980897,40.63,50.00000000,1
1506011153,21980896,40.63,43.59735000,1
1506011149,21980867,40.63,6.40265000,1
1506011149,21980863,40.63,4.59735000,1
1506011135,21980845,40.63,3.00000000,1
1506011126,21980836,40.68,46.23017700,1
1506011119,21980825,40.68,2.44453400,1
1506011110,21980809,40.68,1.21103000,1
1506011103,21980795,40.69,3.49311506,0
1506011103,21980794,40.69,2.50074092,0
1506011067,21980754,40.68,7.12922400,1
1506011067,21980752,40.68,0.50000000,1
1506011065,21980747,40.68,36.48503500,1
1506010989,21980631,40.68,6.00000000,1
1506010954,21980545,40.69,4.82845908,0
1506010952,21980540,40.68,7.33382088,0
1506010948,21980534,40.63,42.40265000,1
1506010948,21980533,40.63,23.20065000,1
1506010946,21980528,40.63,3.50000000,1
1506010938,21980517,40.63,15.74200000,1
1506010924,21980507,40.63,3.45729000,1
1506010918,21980497,40.63,4.08916000,1
1506010916,21980494,40.63,0.01090000,1
1506010916,21980493,40.64,15.61000000,1
1506010897,21980459,40.64,5.00000000,1
1506010891,21980431,40.69,11.00000000,0
1506010870,21980372,40.62,60.94716676,0
1506010832,21980288,40.62,3.15484982,0
1506010800,21980202,40.51,15.04145485,1
1506010677,21979998,40.64,31.62830000,0
1506010665,21979974,40.64,1.58027000,0
1506010650,21979910,40.64,3.21933670,0
1506010650,21979908,40.61,7.26096330,0
1506010649,21979900,40.47,0.33295026,0
1506010649,21979898,40.47,6.22932642,0
1506010649,21979894,40.47,5.58561004,0
1506010647,21979888,40.61,1.66467000,0
1506010626,21979819,40.63,1.03993000,0
1506010619,21979801,40.49,10.52000000,1
1506010619,21979800,40.50,19.48000000,1
1506010612,21979784,40.51,1.50000000,1
1506010600,21979739,40.68,2.76570000,0
1506010600,21979738,40.65,16.25000000,0
1506010599,21979735,40.65,1.28553000,0
1506010590,21979715,40.66,2.80552000,0
1506010580,21979697,40.67,1.79841000,0
1506010571,21979678,40.40,42.76843239,1
1506010571,21979676,40.40,45.75447600,1
1506010568,21979665,40.64,1.08922800,0
1506010567,21979658,40.31,10.00000000,0
1506010560,21979642,40.28,55.53958329,1
1506010560,21979640,40.30,2.85383995,1
1506010560,21979639,40.36,128.00000000,1
1506010560,21979637,40.50,2.81751123,1
1506010559,21979636,40.50,10.00000000,1
1506010559,21979635,40.50,0.49357777,1
1506010559,21979633,40.50,0.15000000,1
1506010559,21979631,40.50,12.34567900,1
1506010559,21979629,40.50,24.65000000,1
1506010559,21979628,40.50,0.12400000,1
1506010559,21979627,40.50,0.52000000,1
1506010559,21979626,40.60,4.15240086,1
1506010558,21979625,40.62,43.51105890,0
1506010557,21979624,40.62,10.70234900,1
1506010548,21979597,40.69,10.64080800,1
1506010531,21979548,40.76,0.40000000,0
1506010530,21979545,40.75,17.00790000,0
1506010518,21979448,40.76,8.92751706,1
1506010516,21979433,40.79,0.42265518,1
1506010516,21979431,40.80,16.42945810,1
1506010516,21979429,40.80,0.42054190,1
1506010514,21979422,40.79,5.15911265,1
1506010493,21979272,40.81,14.12635486,0
1506010490,21979253,40.96,15.00000000,0
1506010439,21978981,40.82,4.37180424,1
1506010428,21978954,40.99,1.78030000,0
1506010423,21978937,40.98,20.25000000,1
1506010393,21978848,40.98,11.30000000,1
1506010351,21978650,41.28,0.00290568,1
1506010318,21978504,41.35,18.34000000,0
1506010318,21978501,41.35,18.34000000,0
1506010317,21978500,41.35,0.89241964,1
1506010317,21978499,41.36,18.34000000,1
1506010306,21978476,41.35,1.43885968,1
1506010275,21978432,41.39,12.00000000,1
1506010142,21978286,41.31,4.14978000,1
1506010141,21978285,41.31,2.06965000,1
1506010123,21978277,41.29,0.46076382,0
1506010005,21978218,41.19,4.14687432,0
1506009986,21978197,41.44,0.39889588,0
1506009986,21978196,41.40,0.59916058,0
1506009901,21978034,41.40,0.00041971,1
1506009896,21978028,41.40,0.59958029,1
1506009881,21978002,41.70,2.63353243,0
1506009881,21978001,41.43,13.47567971,0
1506009881,21978000,41.42,0.28773088,0
1506009879,21977998,41.41,7.66617912,0
1506009853,21977961,41.42,0.90000000,0
1506009848,21977942,41.42,6.14609000,0
1506009798,21977837,41.48,0.14976300,1
1506009798,21977836,41.48,22.62023700,1
1506009791,21977828,41.42,6.04716791,1
1506009790,21977827,41.42,0.40314453,1
1506009780,21977806,41.57,1.95934568,1
1506009779,21977803,41.58,2.05237000,1
1506009777,21977793,41.58,9.90000000,1
1506009775,21977786,41.61,2.37246827,1
1506009769,21977768,41.61,2.06556000,1
1506009761,21977726,41.61,1.96298943,0
1506009754,21977707,41.61,22.40000000,1
1506009750,21977693,41.61,20.43691500,0
1506009718,21977616,41.69,4.24000000,1
1506009717,21977612,41.86,3.73238069,0
1506009717,21977611,41.86,1.03040000,0
1506009716,21977607,41.85,1.91000000,0
1506009704,21977582,41.69,1.42243000,1
1506009691,21977529,41.68,0.50000000,1
1506009677,21977485,41.57,1.41000000,1
1506009676,21977482,42.20,2.46609418,1
1506009676,21977478,42.20,2.21304563,1
1506009676,21977477,42.20,1.03035437,1
1506009675,21977472,42.20,2.21304383,1
1506009674,21977469,42.20,28.63000000,0
1506009650,21977390,42.49,440.88055661,0
1506009650,21977388,42.37,3.83586744,0
1506009650,21977387,42.33,2.65000000,1
1506009649,21977385,42.20,0.18318717,0
1506009649,21977383,42.20,0.33681283,0
1506009649,21977380,42.00,0.52000000,0
1506009649,21977379,42.00,1.00000000,0
1506009649,21977376,42.00,0.52000000,0
1506009649,21977375,42.00,0.52000000,0
1506009649,21977374,42.00,1.39000000,1
1506009648,21977371,41.79,111.00000000,0
1506009648,21977368,41.72,62.00000000,0
1506009648,21977367,41.72,249.00000000,1
1506009648,21977366,41.69,6.96000000,1
1506009646,21977356,41.69,66.16554739,0
1506009616,21977233,41.67,4.78761699,0
1506009606,21977213,41.68,23.94433800,0
1506009534,21977071,41.50,2.04068000,0
1506009512,21977043,41.50,2.00000000,0
1506009508,21977034,41.50,11.76361446,0
1506009507,21977033,41.50,0.52000000,0
1506009465,21976997,41.33,0.00000186,0
1506009462,21976992,41.33,3.57636000,0
1506009460,21976984,41.33,1.42363814,1
1506009410,21976922,41.44,1.10437600,1
1506009378,21976862,41.33,0.28818093,1
1506009373,21976856,41.33,0.28818093,1
1506009319,21976815,41.26,57.50701096,1
1506009288,21976773,41.38,12.05292412,0
1506009234,21976697,41.40,0.78647342,0
1506009232,21976694,41.36,0.18000000,0
1506009221,21976686,41.19,0.47395093,1
1506009220,21976685,41.20,7.64000000,1
1506009197,21976644,41.19,0.50000000,1
1506009183,21976616,41.36,5.00000000,1
1506009179,21976609,41.18,1.41721000,1
1506009166,21976591,41.18,3.87970000,1
1506009166,21976590,41.18,7.46000000,1
1506009148,21976543,41.24,8.59966600,1
1506009117,21976469,41.19,0.50000000,1
1506009116,21976468,41.19,5.01000000,0
1506009074,21976429,41.06,5.29997786,1
1506009055,21976397,40.98,2.97900000,1
1506009053,21976396,40.99,0.59581900,1
1506009052,21976391,41.15,5.54094100,0
1506009051,21976390,40.99,7.40418100,0
1506009048,21976374,40.98,1.48500000,0
1506009047,21976370,40.99,17.49751700,0
1506009046,21976364,40.98,2.40339600,0
1506009042,21976360,40.99,17.76104500,0
1506009042,21976359,40.91,0.50000000,1
1506009041,21976357,40.99,32.43555900,0
1506009038,21976352,40.99,7.40418100,0
1506009034,21976345,40.99,17.49751700,0
1506009020,21976329,40.88,2.00000000,1
1506009012,21976319,40.95,0.00000020,0
1506009012,21976317,40.95,12.96854200,0
1506009011,21976316,40.95,1.02926000,0
1506009009,21976301,40.95,9.76000000,1
1506009009,21976300,40.95,4.23797413,1
1506008994,21976271,41.00,58.70327473,1
1506008980,21976256,40.99,57.90074926,1
1506008964,21976217,41.00,1.74000000,0
1506008959,21976181,41.00,8.26000000,1
1506008957,21976171,41.00,10.00000000,1
1506008946,21976155,40.96,6.57271128,0
1506008946,21976154,40.99,11.76728872,1
1506008925,21976132,40.89,18.34000000,1
1506008915,21976124,40.99,1.75944900,0
1506008895,21976069,40.89,14.47180525,1
1506008893,21976050,40.93,0.25000000,1
1506008893,21976049,40.94,3.35271128,1
1506008893,21976048,40.94,1.92525647,1
1506008879,21976025,40.92,2.22000000,0
1506008877,21976024,40.92,7.78000000,1
1506008876,21976022,40.97,1.98921053,1
1506008875,21976021,40.97,7.36587747,1
1506008826,21975982,41.03,15.30084800,1
1506008820,21975978,41.03,0.26505865,1
1506008815,21975973,41.03,2.38552784,1
1506008815,21975972,41.03,27.04206007,0
1506008815,21975971,41.02,18.34000000,0
1506008800,21975958,40.97,2.58587307,1
1506008800,21975957,40.97,2.58587307,1
1506008787,21975918,40.97,2.58587307,0
1506008786,21975913,40.97,6.92268293,0
1506008785,21975912,40.97,6.73614840,0
1506008785,21975910,40.97,2.81073172,0
1506008750,21975856,40.98,7.81846028,0
1506008750,21975855,40.98,16.52512196,0
1506008750,21975853,40.98,1.81487804,0
1506008710,21975764,41.00,1.05024388,0
1506008710,21975763,41.00,2.81073172,0
1506008707,21975761,40.89,2.17987374,1
1506008704,21975739,41.00,5.14048780,0
1506008684,21975704,40.90,0.50000000,1
1506008639,21975644,41.00,10.38878048,0
1506008637,21975641,40.88,14.04160000,1
1506008634,21975635,40.85,0.50000000,1
1506008602,21975599,41.01,1.45940015,0
1506008599,21975593,40.83,8.30700000,0
1506008576,21975574,40.83,4.49425546,1
1506008556,21975555,40.86,0.50000000,1
1506008471,21975371,40.98,0.15000000,0
1506008429,21975287,40.84,8.54645149,1
1506008429,21975286,40.84,15.75487413,1
1506008429,21975285,40.84,5.31567438,1
1506008329,21975103,40.84,10.43919975,0
1506008327,21975101,40.84,5.31300000,0
1506008326,21975099,40.83,25.57331600,0
1506008325,21975097,40.83,10.72000000,0
1506008325,21975096,40.83,16.43668400,0
1506008321,21975094,40.92,14.51780025,1
1506008321,21975093,40.93,52.73000000,1
1506008319,21975090,40.92,0.57219975,1
1506008314,21975082,40.90,5.72199750,1
1506008310,21975078,40.91,9.00000000,1
1506008297,21975058,40.90,4.82502000,1
1506008292,21975038,41.04,1.51816000,1
1506008278,21975017,41.04,1.49366000,1
1506008266,21975002,41.02,10.97668000,0
1506008266,21975001,40.92,0.01150000,0
1506008259,21974990,41.02,16.44000000,1
1506008209,21974912,41.10,2.01832000,1
1506008205,21974902,41.04,16.34000000,0
1506008205,21974901,41.03,11.58000000,0
1506008191,21974880,41.00,4.70185000,1
1506008190,21974876,41.00,2.10006000,1
1506008184,21974865,41.00,0.95224790,1
1506008175,21974832,41.07,1.44427640,0
1506008167,21974791,40.90,2.32875176,0
1506008166,21974785,40.89,34.00000000,1
1506008155,21974742,40.82,11.58120000,1
1506008132,21974650,40.69,8.75612079,1
1506008132,21974649,40.69,4.22182280,0
1506008132,21974648,40.69,0.86468344,1
1506008131,21974642,40.75,14.27000000,1
1506008121,21974550,40.80,76.47845888,0
1506008116,21974542,40.80,6.73900000,0
1506008110,21974533,40.80,1.28702962,0
1506008110,21974531,40.69,0.96075938,0
1506008093,21974492,40.80,0.50000000,0
1506008063,21974431,40.62,9.29765100,1
1506008063,21974429,40.68,1.00000000,1
1506008063,21974428,40.68,2.70000000,0
1506008063,21974427,40.70,36.48234900,1
1506008061,21974424,40.80,0.52000000,1
1506008000,21974227,41.05,0.50000000,1
1506007987,21974193,41.06,1.05622000,0
1506007984,21974169,41.06,2.18765921,1
1506007976,21974132,41.06,4.69256500,1
1506007974,21974127,41.06,2.18765900,1
1506007963,21974101,41.16,6.82704000,0
1506007962,21974097,41.15,2.19121000,0
1506007961,21974095,41.14,4.21633000,0
1506007954,21974093,41.23,8.20320000,0
1506007918,21974013,41.19,6.00000000,1
1506007917,21974002,41.19,13.02832144,1
1506007873,21973898,41.44,0.07215250,1
1506007872,21973897,41.43,0.64996379,1
1506007763,21973678,41.48,1.35180410,0
1506007757,21973644,41.13,6.94117044,1
1506007757,21973643,41.13,2.12092551,1
1506007757,21973641,41.13,2.12092551,1
1506007757,21973639,41.13,1.52697854,1
1506007757,21973636,41.20,15.45000000,1
1506007756,21973624,41.22,3.09000000,1
1506007707,21973508,41.39,1.07917000,0
1506007661,21973363,41.24,3.10760000,1
1506007656,21973332,41.31,9.00000000,1
1506007648,21973297,41.24,1.65284000,1
1506007619,21973127,41.28,9.08709494,0
1506007614,21973105,41.28,7.09589536,0
1506007614,21973103,41.28,9.08000000,0
1506007613,21973098,41.29,0.00080699,0
1506007613,21973097,41.29,1.49755127,0
1506007611,21973086,41.20,0.61000000,0
1506007609,21973075,41.13,7.86831305,1
1506007608,21973065,41.13,1.50950041,1
1506007606,21973056,41.13,9.00000000,1
1506007599,21972998,41.28,3.10218000,0
1506007589,21972937,41.20,1.25884798,1
1506007584,21972880,41.13,2.11674002,0
1506007584,21972871,41.13,2.50905998,0
1506007583,21972869,41.13,4.62580000,0
1506007583,21972868,41.13,1.65319702,0
1506007583,21972865,41.13,2.97260298,0
1506007583,21972864,41.13,4.62580000,0
1506007583,21972863,41.13,4.62580000,0
1506007583,21972862,41.13,0.13171498,0
1506007581,21972851,41.12,4.51999980,1
1506007579,21972837,41.13,4.49408502,0
1506007579,21972834,41.12,4.52000000,0
1506007579,21972833,41.12,0.00000020,0
1506007579,21972829,41.09,3.88510224,0
1506007578,21972824,41.09,18.72489776,0
1506007575,21972789,41.10,9.02066485,1
1506007575,21972786,41.11,5.53534161,1
1506007574,21972770,41.11,0.51665800,0
1506007573,21972764,41.11,2.14984085,1
1506007573,21972757,41.12,3.90290800,0
1506007572,21972747,41.11,9.01288060,0
1506007554,21972618,41.00,12.60008171,1
1506007554,21972610,40.83,12.60000000,0
1506007551,21972595,40.82,32.86292564,1
1506007551,21972593,40.87,1.00000000,1
1506007550,21972592,40.90,10.00000000,1
1506007550,21972590,40.90,5.00000000,1
1506007550,21972586,40.90,0.52000000,1
1506007550,21972582,41.00,10.00000000,1
1506007550,21972578,41.00,1.22270000,1
1506007549,21972574,41.00,1.00000000,1
1506007549,21972572,41.00,10.00000000,1
1506007549,21972570,41.00,1.00000000,1
1506007549,21972568,41.00,1.00000000,1
1506007549,21972566,41.00,0.18000000,1
1506007549,21972563,41.00,0.50000000,1
1506007549,21972560,41.00,2.12443170,1
1506007549,21972559,41.00,0.52000000,1
1506007548,21972548,41.02,4.48000000,0
1506007548,21972545,41.02,7.20000000,1
1506007547,21972544,41.02,1.00000000,1
1506007547,21972536,41.12,0.72289180,0
1506007547,21972535,41.12,4.62580000,0
1506007546,21972534,41.12,0.00550820,0
1506007546,21972529,41.11,1.00000000,1
1506007544,21972516,41.13,4.62029180,1
1506007536,21972492,41.13,23.39675400,1
1506007536,21972490,41.14,0.81680000,1
1506007523,21972394,41.18,0.20325200,0
1506007507,21972329,41.21,3.00622000,0
1506007486,21972175,41.14,0.18320000,1
1506007486,21972174,41.15,17.31500000,1
1506007485,21972170,41.21,1.75492500,0
1506007485,21972169,41.20,3.72363012,0
1506007484,21972160,41.20,0.18318717,1
1506007482,21972131,41.20,0.33681283,1
1506007481,21972129,41.20,1.31187165,1
1506007481,21972120,41.21,4.24987500,0
1506007472,21972090,41.28,5.92260000,0
1506007471,21972079,41.21,9.00000000,1
1506007466,21972060,41.20,9.00000000,1
1506007465,21972056,41.29,2.81682000,0
1506007463,21972053,41.20,9.68812835,1
1506007463,21972050,41.21,2.15500000,1
1506007463,21972047,41.24,0.14488421,1
1506007461,21972034,41.29,4.79374586,1
1506007456,21972011,41.31,9.00000000,1
1506007407,21971794,41.49,2.03985000,0
1506007383,21971567,41.34,23.04000000,1
1506007330,21971299,41.58,1.57057000,0
1506007301,21971138,41.30,65.30000000,1
1506007301,21971137,41.30,2.00000000,1
1506007298,21971126,41.29,7.20625414,1
1506007297,21971124,41.32,3.62500000,1
1506007297,21971122,41.33,35.72946800,1
1506007297,21971121,41.33,8.10671428,0
1506007297,21971119,41.34,18.15000000,1
1506007295,21971114,41.38,18.34000000,1
1506007295,21971113,41.38,3.63000000,1
1506007284,21971064,41.44,16.00000000,1
1506007276,21971051,41.50,0.50000000,1
1506007255,21971005,41.50,0.52000000,1
1506007255,21971004,41.50,0.52000000,1
1506007250,21970989,41.72,0.00700000,0
1506007250,21970988,41.60,10.00000000,0
1506007241,21970970,41.77,0.00560000,0
1506007240,21970969,41.69,8.00000000,0
1506007216,21970908,41.64,9.00000000,1
1506007216,21970906,41.65,5.46000000,1
1506007216,21970905,41.69,7.00000000,1
1506007210,21970875,41.71,0.18000000,1
1506007210,21970874,41.72,0.00000019,1
1506007208,21970851,41.72,27.19002100,1
1506007206,21970840,41.72,0.08997881,0
1506007204,21970835,41.71,48.82000000,1
1506007170,21970716,41.72,0.80980926,0
1506007165,21970696,41.72,8.09809256,0
1506007152,21970655,41.69,2.00000000,1
1506007139,21970613,41.85,9.00000000,0
1506007134,21970582,41.69,49.12900000,0
1506007133,21970574,41.69,6.35777300,0
1506007131,21970562,41.67,26.90544100,0
1506007129,21970555,41.67,7.87103122,1
1506007129,21970554,41.72,1.00000000,1
1506007128,21970552,41.81,2.85696450,0
1506007123,21970537,41.81,9.00000000,0
1506007122,21970536,41.81,16.24963200,0
1506007121,21970535,41.81,23.63511000,0
1506007121,21970534,41.77,15.13516136,1
1506007120,21970533,41.81,1.66072000,0
1506007120,21970531,41.77,9.00000000,1
1506007120,21970529,41.81,13.28013300,0
1506007117,21970514,41.81,9.00000000,0
1506007115,21970511,41.77,7.54700000,1
1506007115,21970510,41.78,29.45300000,1
1506007112,21970487,41.87,0.60193784,0
1506007110,21970473,41.87,0.59541438,0
1506007108,21970461,41.87,2.66230000,0
1506007106,21970441,41.87,0.32000000,0
1506007106,21970438,41.76,7.28296300,0
1506007105,21970431,41.77,27.80947700,1
1506007105,21970428,41.83,3.53063000,1
1506007105,21970426,41.83,5.37693000,1
1506007102,21970404,41.75,9.53364500,0
1506007101,21970402,41.75,13.41339800,0
1506007101,21970399,41.76,6.01937844,0
1506007099,21970391,41.76,5.00000000,1
1506007099,21970390,41.80,0.68751807,1
1506007094,21970370,41.80,0.73947896,0
1506007091,21970339,41.80,0.52000000,1
1506007091,21970337,41.90,41.71609103,1
1506007083,21970277,42.00,0.20000000,1
1506007082,21970271,41.91,32.87592000,1
1506007080,21970256,42.00,0.50000000,1
1506007058,21970100,42.31,3.57386000,1
1506007054,21970070,42.31,5.00000000,0
1506007050,21970043,42.05,6.80000000,1
1506007048,21970034,42.16,0.20000000,1
1506007040,21969993,42.21,18.54810300,0
1506007034,21969948,42.21,7.73300000,1
1506007026,21969924,42.20,21.45694000,1
1506007026,21969923,42.26,3.54306000,1
1506007023,21969917,42.21,12.62848400,0
1506007020,21969898,42.21,17.07867800,1
1506007020,21969894,42.22,31.31598700,0
1506007018,21969890,42.21,6.92200000,1
1506007018,21969889,42.22,18.07800000,1
1506007003,21969827,42.28,15.68373500,0
1506007003,21969826,42.28,21.46608200,0
1506007002,21969825,42.28,32.94937300,0
1506006980,21969747,42.37,4.95232475,1
1506006978,21969726,42.36,1.00000000,0
1506006975,21969703,42.42,0.32131070,1
1506006974,21969694,42.36,5.00000000,0
1506006945,21969564,42.45,6.00000000,0
1506006917,21969517,42.44,1.00023000,0
1506006749,21969338,42.48,1.24000000,0
1506006624,21969111,42.33,41.07146800,1
1506006605,21969091,42.25,0.93027970,1
1506006605,21969090,42.25,50.00000000,0
1506006603,21969083,42.31,20.67687800,1
1506006484,21968902,42.37,4.90000000,1
1506006480,21968897,42.41,0.75205539,1
1506006472,21968890,42.42,5.51853200,0
1506006387,21968828,42.40,10.00000000,0
1506006385,21968827,42.50,2.34705882,0
1506006338,21968792,42.50,1.62799550,1
1506006334,21968778,42.52,2.72671100,1
1506006333,21968776,42.52,21.54000000,1
1506006317,21968736,42.52,1.57949200,0
1506006317,21968734,42.52,1.09945400,0
1506006281,21968696,42.46,6.02264515,0
1506006280,21968695,42.50,0.40150968,0
1506006280,21968693,42.50,37.08282352,1
1506006279,21968689,42.51,1.62987317,0
1506006187,21968498,42.41,1.13774000,0
1506006165,21968449,42.30,1.18000000,1
1506006165,21968448,42.30,1.18000000,1
1506006165,21968446,42.31,18.34000000,1
1506006148,21968411,42.64,0.61428000,0
1506006148,21968410,42.50,0.09829000,0
1506006147,21968407,42.00,0.05348656,0
1506006146,21968405,42.00,1.12651344,0
1506006143,21968397,41.90,12.93258554,1
1506006143,21968396,41.90,4.35132343,1
1506006142,21968395,41.90,11.91024522,1
1506006142,21968394,41.90,0.52000000,1
1506006142,21968392,41.97,120.00000000,0
1506006142,21968391,41.99,5.00000000,1
1506006141,21968390,42.00,12.58738095,1
1506006141,21968389,42.00,16.78175842,1
1506006141,21968388,42.00,94.78743642,1
1506006141,21968387,42.00,1.00000000,1
1506006141,21968386,42.00,2.37500000,1
1506006141,21968385,42.00,1.00000000,1
1506006141,21968384,42.00,0.50000000,1
1506006141,21968383,42.00,4.77280000,1
1506006141,21968382,42.00,1.00000000,1
1506006140,21968381,42.00,4.82125000,1
1506006140,21968380,42.00,24.00000000,1
1506006140,21968379,42.00,2.00000000,1
1506006140,21968378,42.00,0.90000000,0
1506006140,21968377,42.04,102.00000000,1
1506006140,21968376,42.04,2.00000000,1
1506006140,21968375,42.04,3.62500000,1
1506006139,21968373,42.06,2.62000000,1
1506006139,21968371,42.06,5.53160556,0
1506006139,21968368,42.10,0.12000000,1
1506006139,21968367,42.11,104.00000000,1
1506006138,21968366,42.12,5.00000000,1
1506006138,21968364,42.12,1.00000000,1
1506006138,21968362,42.19,104.00000000,1
1506006138,21968361,42.26,107.00000000,1
1506006138,21968360,42.26,6.18000000,0
1506006137,21968359,42.30,20.00000000,1
1506006137,21968358,42.32,102.00000000,1
1506006137,21968357,42.32,30.89000000,0
1506006137,21968356,42.33,6.18000000,1
1506006136,21968355,42.38,1.00000000,1
1506006136,21968352,42.42,8.99000000,1
1506006136,21968348,42.46,5.00000000,1
1506006134,21968345,42.47,16.52620000,0
1506006134,21968344,42.47,7.03000000,1
1506006132,21968339,42.50,8.00171000,1
1506006117,21968324,42.50,1.99829000,1
1506006117,21968322,42.50,5.02662000,1
1506006041,21968200,42.67,7.00000000,0
1506005998,21968035,42.50,2.70000000,1
1506005991,21968016,42.50,0.02338000,1
1506005991,21968015,42.50,1.95000000,1
1506005954,21967958,42.72,27.04230700,0
1506005864,21967766,42.80,12.00000000,1
1506005864,21967764,42.80,20.00000000,1
1506005849,21967687,42.80,24.00000000,1
1506005845,21967660,42.80,32.00000000,1
1506005838,21967612,42.80,18.00000000,1
1506005821,21967451,42.80,26.00000000,1
1506005789,21967203,42.83,26.00000000,1
1506005507,21966680,42.80,83.20527727,1
1506005507,21966679,42.81,0.50000000,1
1506005507,21966678,42.84,46.29472273,1
1506005506,21966677,42.95,9.00000000,0
1506005506,21966676,42.84,26.11219288,1
1506005506,21966675,42.86,105.00000000,1
1506005505,21966674,42.90,2.25658216,1
1506005505,21966673,42.91,49.17000000,0
1506005505,21966672,42.92,12.72600039,1
1506005505,21966671,42.92,10.70693302,0
1506005504,21966670,43.00,1.00000000,1
1506005504,21966669,43.00,5.00000000,1
1506005504,21966668,43.00,0.61000000,1
1506005504,21966667,43.08,8.91829155,1
1506005500,21966666,43.10,28.05836133,0
1506005500,21966665,43.11,35.83000000,1
1506005500,21966664,43.13,12.14351903,1
1506005268,21966219,43.21,40.00000000,1
1506004962,21965867,43.30,0.00000008,1
1506004931,21965858,43.32,1.78738837,0
1506004856,21965782,43.30,2.29999992,1
1506004856,21965781,43.36,0.00000008,1
1506004712,21965667,43.36,0.99999992,1
1506004712,21965666,43.37,0.00000008,1
1506004711,21965662,43.37,1.90067500,1
1506004674,21965601,43.46,0.82000000,1
1506004546,21965355,43.53,2.00045950,1
1506004546,21965354,43.53,29.69457631,1
1506004520,21965328,43.54,7.20083461,1
1506004518,21965322,43.54,5.20165343,1
1506004517,21965319,43.54,4.54928000,1
1506004517,21965317,43.54,8.12831602,1
1506004517,21965316,43.54,9.29198232,1
1506004508,21965299,43.53,9.97988500,1
1506004497,21965291,43.53,17.42021600,1
1506004492,21965286,43.53,5.17977900,1
1506004492,21965285,43.53,17.42021600,1
1506004490,21965283,43.53,9.29189500,1
1506004487,21965277,43.53,31.06166900,1
1506004197,21965098,43.64,8.01664453,0
1506004196,21965096,43.63,0.12000000,0
1506004100,21965035,43.54,14.70184993,1
1506004100,21965034,43.58,0.00000007,1
1506004100,21965033,43.58,6.97042600,1
1506004086,21965027,43.64,0.00000226,1
1506004085,21965026,43.64,0.36090000,1
1506004057,21965008,43.67,1.20932331,0
1506004057,21965007,43.64,0.12000000,0
1506003530,21964846,43.58,3.05463659,0
1506003529,21964845,43.58,6.94536341,0
1506003266,21964761,43.51,2.00000000,1
1506002300,21964349,43.51,16.93290000,1
1506002259,21964325,43.52,0.39754000,1
1506002258,21964324,43.52,10.60246000,1
1506002258,21964323,43.67,11.30089306,1
1506002257,21964321,43.64,0.12000000,0
1506002255,21964319,43.52,7.84754000,1
1506002191,21964306,43.50,10.86816043,1
1506002167,21964302,43.51,6.45450000,1
1506002019,21964219,43.57,4.35385243,1
1506001495,21964045,43.63,1.08370332,1
1506001495,21964044,43.75,0.01600068,1
1506001452,21964022,43.76,22.12519000,0
1506001428,21964007,43.77,0.28833952,0
1506001255,21963899,43.78,1.50000000,0
1506001108,21963847,43.80,28.63000000,0
1506001107,21963846,43.77,6.89000000,1
1506001106,21963840,44.07,34.88268663,1
1506001105,21963839,44.06,1.42000000,0
1506001105,21963838,44.06,38.48826078,1
1506001105,21963837,43.99,0.12000000,0
1506001105,21963836,43.97,2.62000000,0
1506001105,21963835,43.97,7.10000000,0
1506001105,21963834,43.97,42.08094400,1
1506001104,21963833,43.89,0.12000000,0
1506001104,21963832,43.87,1.09778870,0
1506001104,21963830,43.82,42.08079700,1
1506001102,21963828,43.79,0.12000000,0
1506001024,21963803,43.99,18.30759718,1
1506001024,21963802,43.99,2.00000000,1
1506001024,21963801,43.99,0.12000000,1
1506001023,21963800,43.97,8.76000000,0
1506001023,21963799,43.97,22.01000000,1
1506001023,21963798,43.97,33.14817600,1
1506001023,21963797,43.97,3.10000000,1
1506001023,21963796,43.97,8.19961800,1
1506001023,21963795,43.97,43.51056600,1
1506001022,21963794,43.96,1.75000000,0
1506001022,21963793,43.88,9.12857327,0
1506001022,21963792,43.88,10.55016899,0
1506001021,21963791,43.86,43.50804300,1
1506001020,21963790,43.85,22.96554852,0
1506000957,21963762,43.75,7.10857120,1
1506000922,21963753,43.75,11.16205692,1
1506000913,21963742,43.75,11.71337120,1
1506000836,21963709,43.88,21.25118704,1
1506000835,21963708,43.88,4.84677000,1
1506000835,21963707,43.89,13.38508900,1
1506000835,21963706,43.89,1.01052500,1
1506000833,21963705,43.87,19.66495596,0
1506000833,21963704,43.86,44.11708700,0
1506000833,21963703,43.79,0.12000000,0
1506000799,21963687,43.93,6.77554691,0
1506000798,21963686,43.89,0.12000000,0
1506000798,21963683,43.87,10.07067200,1
1506000798,21963682,43.87,49.23638100,1
1506000798,21963681,43.87,9.81202400,1
1506000797,21963680,43.87,38.41221405,1
1506000796,21963679,43.87,44.72727800,0
1506000674,21963637,43.74,5.00100000,1
1506000491,21963515,43.75,7.61237628,1
1506000419,21963498,43.79,2.49977852,1
1506000401,21963487,43.79,0.12000000,0
1505999722,21963149,43.95,11.07268439,1
1505999722,21963148,43.94,9.86000000,1
1505999722,21963147,43.88,0.12000000,0
1505999720,21963146,43.78,0.91000000,0
1505999720,21963145,43.78,0.12000000,0
1505999387,21963042,43.77,0.22801005,0
1505999311,21963017,43.71,17.96454852,1
1505999310,21963013,43.77,0.50000000,0
1505998575,21962740,43.75,0.18370000,1
1505998556,21962733,43.71,0.18000000,0
1505998318,21962612,43.60,1.65330000,1
1505998150,21962575,43.56,0.00043889,0
1505997998,21962531,43.56,10.99956111,0
1505997995,21962527,43.97,86.00407095,1
1505997995,21962526,43.97,47.30000000,1
1505997994,21962525,43.94,55.79203844,1
1505997994,21962524,43.89,0.12000000,0
1505997994,21962523,43.89,66.00000000,1
1505997994,21962522,43.79,0.12000000,0
1505997993,21962521,43.78,2.34000000,1
1505997993,21962520,43.71,11.70000000,1
1505997993,21962519,43.66,1.85577505,0
1505997992,21962518,43.59,0.97000000,0
1505997382,21962145,43.52,66.00000000,0
1505997377,21962144,43.51,0.77000000,0
1505997374,21962141,43.51,24.23000000,1
1505997345,21962129,43.52,6.06000000,1
1505996984,21962001,43.60,0.55000000,0
1505996981,21961996,43.60,18.45000000,1
1505996981,21961995,43.60,2.00000000,1
1505996976,21961994,43.63,1.46700000,0
1505996859,21961933,43.77,0.68357322,0
1505996505,21961852,43.80,1.60660300,0
1505996505,21961851,43.79,0.12000000,0
1505996425,21961826,43.78,2.04000000,0
1505996319,21961785,43.76,51.13571700,0
1505996310,21961781,43.76,2.11951554,0
1505996255,21961762,43.78,0.00135000,1
1505996253,21961761,43.75,4.98241000,0
1505996252,21961760,43.75,3.12759000,0
1505996214,21961743,43.82,6.35806000,0
1505996213,21961742,43.82,0.94826500,0
1505996213,21961741,43.79,0.12000000,0
1505996145,21961677,43.70,0.00000028,1
1505996145,21961676,43.70,3.10969900,0
1505996143,21961674,43.71,15.00000000,1
1505996086,21961653,43.74,0.00042094,1
1505996085,21961652,43.75,3.88460763,0
1505996084,21961651,43.75,0.11497143,1
1505995799,21961559,43.90,9.62999500,0
1505995780,21961548,43.91,2.27169210,0
1505995211,21961334,43.96,2.00000000,1
1505995107,21961297,43.87,2.04750000,1
1505995107,21961296,43.88,15.00000000,1
1505995107,21961295,43.89,0.04029864,0
1505995103,21961293,44.00,57.58410136,1
1505994892,21961216,44.00,3.92206300,1
1505994838,21961171,44.18,0.02987777,1
1505994838,21961170,44.09,0.12000000,0
1505994837,21961168,44.08,8.45000000,0
1505994775,21961144,44.00,160.90017700,1
1505994765,21961138,44.01,6.06262000,1
1505994646,21961074,44.12,0.88000000,0
1505994644,21961073,44.09,0.12000000,0
1505994496,21961046,44.08,6.78947368,0
1505994402,21961003,44.01,7.04035000,1
1505994027,21960858,44.05,14.99992032,1
1505993858,21960766,44.25,2.13446327,0
1505993856,21960765,44.19,0.12000000,0
1505993694,21960723,44.25,15.00000000,0
1505993587,21960636,44.17,6.00000000,1
1505993514,21960602,44.19,2.91142761,1
1505993494,21960596,44.10,5.28500000,1
1505993293,21960506,44.30,0.09963651,1
1505993291,21960505,44.28,0.12000000,0
1505993158,21960442,44.01,1.00000000,1
1505993135,21960428,44.02,1.47518707,1
1505993135,21960427,44.02,15.00000000,1
1505992938,21960367,44.06,3.96175826,1
1505992936,21960364,44.20,0.57686494,1
1505992632,21960186,44.24,1.85410996,1
1505992608,21960175,44.29,1.00023000,0
1505992599,21960172,44.29,1.74337692,0
1505992598,21960171,44.29,0.12000000,0
1505992576,21960164,44.20,0.58712752,0
1505992576,21960163,44.20,1.87794248,0
1505992576,21960162,44.19,0.12000000,0
1505992509,21960129,44.09,0.12000000,0
1505992499,21960113,44.08,15.00000000,1
1505992454,21960087,44.05,3.97200000,0
1505992318,21959998,44.00,30.00000000,0
1505992318,21959997,44.00,3.79489087,0
1505992311,21959995,44.00,0.87614636,0
1505992311,21959994,44.00,1.00000000,0
1505992306,21959993,43.99,1.88698048,0
1505992306,21959991,43.99,0.12000000,0
1505992298,21959989,43.95,1.88883707,0
1505992114,21959869,43.94,1.87806909,0
1505992112,21959863,43.90,50.00000000,0
1505992112,21959862,43.89,50.66000000,0
1505992112,21959861,43.89,0.12000000,0
1505992112,21959859,43.89,1.89127867,0
1505992111,21959857,43.88,13.77000000,0
1505992111,21959855,43.79,0.12000000,0
1505992111,21959854,43.78,0.59760000,0
1505992074,21959843,43.65,12.11359500,1
1505992074,21959842,43.66,11.28000000,1
1505992074,21959841,43.66,16.60640500,1
1505991941,21959780,43.66,8.72792276,1
1505991885,21959732,43.64,11.00000000,0
1505991861,21959717,43.64,16.00000000,1
1505991829,21959706,43.65,16.00000000,1
1505991804,21959688,43.70,8.50000000,1
1505991797,21959683,43.70,0.07587972,0
1505991790,21959668,43.68,10.00000000,1
1505991728,21959612,43.70,0.11497143,0
1505991717,21959595,43.71,1.71766027,1
1505991713,21959592,43.71,1.65149900,0
1505991712,21959591,43.71,17.34850100,1
1505991696,21959573,43.70,2.70000000,1
1505991688,21959570,43.68,8.00000000,1
1505991683,21959564,43.68,9.00000000,1
1505991673,21959559,43.70,10.00000000,1
1505991657,21959521,43.67,17.00000000,1
1505991625,21959514,43.69,14.15890000,1
1505991621,21959510,43.68,9.00000000,1
1505991602,21959499,43.65,18.00000000,1
1505991580,21959489,43.65,18.00000000,1
1505991579,21959488,43.66,0.22712024,0
1505991564,21959484,43.65,20.00000000,1
1505991506,21959464,43.75,0.11497143,1
1505991221,21959336,43.75,1.81197000,0
1505991220,21959335,43.62,1.84599952,0
1505991219,21959332,43.62,3.94702000,0
1505991209,21959325,43.62,1.88698048,0
1505991203,21959316,43.80,6.86817400,1
1505991203,21959312,43.81,1.98884000,1
1505991202,21959306,43.81,16.73430178,1
1505991202,21959304,43.81,24.50400000,1
1505991201,21959302,43.81,5.97600000,1
1505991200,21959300,43.81,19.52000000,1
1505991199,21959299,43.79,0.12000000,0
1505991199,21959298,43.79,0.85560643,0
1505991199,21959297,43.79,1.04000000,0
1505991199,21959296,43.78,1.90000000,0
1505991198,21959295,43.71,9.00000000,0
1505991198,21959294,43.63,36.46900000,0
1505991198,21959293,43.63,50.00000000,0
1505991198,21959292,43.63,50.00000000,0
1505991197,21959291,43.63,40.52000000,0
1505991197,21959290,43.62,9.48000000,0
1505991196,21959288,43.62,7.84388416,0
1505991196,21959287,43.61,42.15611584,0
1505991086,21959259,43.63,0.22851249,1
1505990954,21959224,43.55,4.27889262,0
1505990953,21959223,43.53,0.18000000,1
1505990891,21959157,43.50,25.40219099,0
1505990720,21959098,43.33,0.00000026,0
1505990647,21959015,43.33,20.64412700,0
1505990501,21958954,43.31,3.01708612,1
1505990388,21958909,43.29,23.04227304,0
1505990383,21958908,43.17,1.99900000,1
1505990307,21958896,43.33,1.35564274,0
1505990171,21958873,43.33,28.00023000,0
1505990076,21958797,43.37,0.11589862,0
1505990036,21958743,43.40,7.21382488,0
1505990036,21958742,43.34,0.90000000,1
1505990034,21958741,43.34,11.90000000,0
1505989948,21958688,43.23,9.00000000,1
1505989930,21958669,43.22,0.80785824,1
1505989905,21958639,43.21,0.05577397,0
1505989901,21958633,43.19,8.07858240,1
1505989873,21958602,43.13,0.00315000,0
1505989839,21958592,43.17,4.35360000,1
1505989838,21958591,43.17,18.26320000,1
1505989837,21958590,43.17,18.26320000,1
1505989820,21958586,43.21,0.10000000,1
1505989798,21958561,43.34,5.75449931,0
1505989730,21958509,43.34,3.65418614,0
1505989729,21958508,43.33,12.43612486,0
1505989558,21958460,43.21,0.90000000,1
1505989503,21958452,43.32,0.11507664,0
1505989479,21958446,43.33,0.11568537,0
1505989454,21958431,43.32,0.11584523,0
1505989266,21958361,43.29,0.11526912,0
1505989175,21958334,43.08,16.43435294,1
1505989123,21958318,43.33,0.11516270,0
1505988990,21958198,43.04,3.03609735,0
1505988989,21958197,43.07,10.96390265,1
1505988925,21958167,43.22,0.11545581,0
1505988911,21958161,43.02,0.60000000,1
1505988476,21957804,43.01,0.41838100,1
1505988302,21957727,43.02,1.02502000,1
1505988256,21957691,43.01,0.58161900,1
1505988234,21957674,43.08,0.11583101,0
1505987780,21957409,43.01,1.00000000,1
1505987708,21957376,43.16,0.11561631,0
1505987635,21957348,42.96,1.25579000,0
1505987634,21957347,43.01,1.00000000,1
1505987369,21957254,43.16,11.55699722,0
1505987343,21957245,42.76,8.09000000,1
1505987343,21957244,42.80,0.91000000,1
1505987342,21957243,42.81,1.00000000,1
1505987342,21957242,42.88,8.00000000,1
1505987342,21957241,42.91,1.00000000,1
1505987340,21957240,43.01,1.00000000,1
1505987280,21957212,43.06,1.22758941,0
1505986972,21956950,43.21,5.83945400,0
1505986972,21956949,43.21,10.31133400,0
1505986877,21956914,43.19,0.11553600,0
1505986812,21956885,43.18,0.11553600,0
1505986648,21956820,43.13,0.23139346,0
1505986462,21956745,43.03,5.97953000,1
1505986451,21956739,43.24,0.67413591,0
1505986435,21956724,43.21,0.23096505,0
1505986263,21956590,43.19,0.23101852,0
1505985998,21956452,43.07,0.99465986,0
1505985940,21956389,42.89,11.58735620,1
1505985938,21956385,42.90,10.41264380,1
1505985924,21956381,42.89,2.75837000,1
1505985923,21956380,42.90,2.75837000,1
1505985922,21956379,42.89,1.75837000,1
1505985922,21956378,42.91,1.00000000,1
1505985789,21956198,42.91,2.46900312,0
1505985789,21956196,42.96,10.99544379,1
1505985788,21956193,43.01,0.07548597,1
1505985748,21956115,43.01,0.67962199,1
1505985743,21956105,43.01,5.79621994,1
1505985743,21956104,43.01,1.00000000,1
1505985479,21955938,43.10,33.71165000,1
1505985430,21955921,43.11,1.00000000,1
1505985365,21955906,43.19,0.23107201,0
1505984988,21955631,43.10,3.93000000,1
1505984707,21955553,43.10,27.38881700,1
1505984644,21955518,43.10,20.16627600,1
1505984644,21955517,43.11,4.15000000,1
1505984641,21955514,43.10,9.40325700,1
1505984592,21955491,43.10,0.90000000,1
1505984587,21955489,43.10,0.90000000,1
1505984579,21955488,43.11,30.07584200,1
1505984573,21955486,43.10,3.60000000,1
1505984563,21955479,43.11,1.00000000,1
1505984521,21955467,43.12,5.61356600,1
1505984260,21955370,43.21,0.10000000,1
1505984195,21955274,43.21,0.90000000,1
1505984138,21955240,43.30,0.15000000,0
1505983921,21955050,43.23,8.15419000,1
1505983919,21955045,43.23,1.72144800,1
1505983919,21955044,43.23,0.12436200,1
1505983919,21955043,43.25,8.15419000,1
1505983918,21955037,43.25,0.90000000,1
1505983901,21955009,43.25,0.90000000,1
1505983886,21954990,43.29,10.00000000,0
1505983554,21954659,43.25,5.04581000,1
1505983420,21954557,43.23,12.18020000,1
1505983420,21954556,43.31,1.00000000,1
1505983305,21954462,43.45,2.29597238,0
1505983261,21954378,43.38,1.00023000,0
1505982918,21954183,43.22,0.23091161,0
1505982745,21954087,43.22,13.47300000,0
1505982589,21953865,43.21,1.00000000,1
1505982144,21953719,43.32,0.23037858,0
1505982137,21953716,43.30,0.23048499,0
1505982130,21953714,43.30,0.11524249,0
1505982101,21953701,43.31,1.00000000,1
1505982099,21953700,43.32,1.00000000,0
1505982099,21953699,43.32,31.54000000,1
1505982068,21953695,43.39,0.11497696,0
1505982066,21953693,43.40,1.00000000,0
1505981965,21953667,43.33,2.42306700,1
1505981895,21953654,43.41,1.00000000,1
1505981868,21953632,43.46,0.11481822,0
1505981866,21953629,43.34,32.09000000,1
1505981842,21953616,43.33,7.11962100,1
1505981811,21953602,43.41,1.00000000,1
1505981701,21953561,43.48,0.11473902,0
1505981672,21953537,43.34,3.68188334,1
1505981671,21953532,43.41,1.00000000,1
1505981652,21953529,43.53,7.30023000,0
1505981403,21953406,43.39,14.44285600,1
1505981400,21953403,43.39,7.56437300,1
1505981400,21953402,43.41,0.50000000,1
1505981337,21953384,43.44,44.90035200,1
1505981325,21953380,43.41,0.50000000,1
1505981322,21953378,43.58,21.00000000,0
1505980809,21953156,43.41,1.00000000,1
1505980698,21953128,43.43,2.00000000,0
1505980249,21952961,43.65,16.91424081,0
1505980249,21952960,43.65,28.79000000,0
1505980061,21952879,43.44,9.26452293,1
1505980042,21952788,43.44,18.32402800,1
1505979458,21952467,43.50,2.01175000,1
1505979190,21952167,43.40,22.35359763,0
1505978817,21951958,43.33,5.31766249,0
1505978816,21951957,43.33,5.31806698,0
1505978815,21951956,43.35,8.08643302,1
1505978814,21951955,43.35,13.40450000,1
1505978742,21951875,43.36,26.12420000,1
1505978741,21951874,43.35,39.44950000,1
1505978708,21951857,43.38,34.81510000,1
1505978708,21951856,43.41,1.00000000,1
1505978480,21951729,43.50,12.76283092,1
1505978478,21951728,43.50,19.93320206,0
1505978478,21951727,43.47,67.30396702,0
1505978412,21951699,43.40,29.00000000,1
1505978412,21951698,43.41,1.00000000,1
1505978384,21951685,43.55,0.50907003,1
1505978384,21951684,43.41,0.99930048,0
1505978384,21951683,43.41,0.23514067,0
1505978382,21951682,43.40,2.85350417,0
1505978079,21951565,43.40,0.22995392,0
1505977956,21951514,43.32,0.23037858,0
1505977939,21951509,43.31,0.99533300,1
1505977921,21951501,43.32,0.00002817,1
1505977717,21951391,43.39,0.23000691,0
1505977584,21951341,43.32,8.99997183,1
1505977583,21951339,43.33,0.00002794,1
1505977583,21951336,43.33,1.48811424,1
1505977504,21951286,43.41,1.00000000,1
1505977501,21951280,43.44,0.11487109,0
1505977427,21951252,43.41,1.00000000,1
1505977386,21951237,43.46,0.22963645,0
1505977239,21951127,43.41,1.00000000,1
1505977228,21951124,43.45,0.22968930,0
1505977149,21951099,43.41,1.00000000,1
1505977140,21951092,43.43,0.22979507,0
1505977126,21951083,43.34,6.24850868,1
1505977050,21951067,43.33,1.09800000,0
1505976814,21950987,43.38,0.23005994,0
1505976700,21950919,43.31,0.00466700,1
1505976700,21950918,43.33,6.66526300,1
1505976698,21950914,43.33,1.96441000,1
1505976674,21950907,43.41,1.00000000,1
1505976662,21950900,43.52,0.22931985,1
1505976602,21950881,43.41,1.00000000,1
1505976591,21950876,43.42,0.22984800,0
1505976557,21950862,43.41,1.00000000,1
1505976553,21950859,43.47,0.22958362,0
1505976501,21950755,43.41,1.00000000,1
1505976497,21950747,43.49,0.22947804,0
1505976359,21950680,43.41,1.00000000,1
1505976201,21950642,43.57,0.03511590,1
1505976200,21950641,43.41,0.76939954,0
1505976189,21950638,43.41,0.22990094,0
1505976072,21950617,43.40,0.22995392,0
1505975988,21950577,43.39,0.23000691,0
1505975893,21950552,43.32,0.23037858,0
1505975887,21950549,43.31,2.73908953,1
1505975703,21950430,43.21,1.01869178,1
1505975703,21950429,43.21,1.00000000,1
1505975702,21950428,43.31,1.00000000,1
1505975702,21950426,43.31,0.23000000,0
1505975663,21950421,43.36,0.23016605,0
1505975653,21950408,43.38,0.23005994,0
1505975649,21950396,43.31,1.00000000,1
1505975630,21950388,43.32,16.12678971,1
1505975627,21950383,43.41,4.36899000,1
1505975627,21950382,43.41,46.00101000,0
1505975626,21950380,43.41,1.00000000,1
1505975520,21950365,43.45,0.00015558,1
1505975517,21950362,43.45,19.99984442,1
1505975475,21950349,43.41,21.49090049,1
1505975475,21950348,43.41,1.00000000,1
1505975368,21950261,43.51,1.00000000,1
1505975266,21950111,43.51,1.00000000,1
1505974643,21949884,43.56,5.00023000,0
1505974638,21949873,43.62,1.08938614,0
1505974590,21949865,43.70,1.88883707,0
1505974584,21949863,43.73,11.12668648,1
1505974584,21949862,43.72,2.57000000,0
1505974584,21949860,43.71,7.00000000,1
1505974583,21949855,43.64,1.90215999,0
1505974583,21949854,43.56,19.91000000,0
1505974583,21949853,43.56,1.61643376,1
1505974582,21949852,43.55,1.61643376,0
1505974562,21949850,43.56,8.56680440,1
1505974560,21949849,43.47,37.33225760,0
1505974207,21949719,43.53,9.10000000,0
1505974021,21949637,43.49,9.25671600,0
1505974020,21949636,43.49,20.29268300,1
1505973720,21949554,43.37,0.45046504,0
1505973720,21949553,43.37,0.45048034,0
1505973498,21949471,43.22,14.76363016,1
1505973498,21949470,43.22,33.81612569,1
1505973293,21949423,43.28,21.49093302,1
1505973170,21949385,43.26,5.70627028,1
1505973153,21949379,43.27,22.82800000,1
1505973048,21949357,43.15,1.94889201,1
1505971878,21948902,43.32,9.21144968,0
1505971849,21948898,43.31,20.73054722,0
1505971831,21948890,43.33,23.02330949,1
1505971791,21948873,43.36,9.20295203,0
1505971715,21948866,43.35,4.83252595,0
1505971665,21948858,43.36,11.50369004,0
1505971636,21948853,43.35,11.50369004,0
1505971609,21948851,43.35,11.50634371,0
1505971454,21948815,43.36,23.00738007,0
1505971371,21948777,43.22,25.00000000,1
1505971367,21948775,43.19,13.85876360,0
1505971289,21948734,43.35,29.69000000,0
1505971284,21948728,43.59,17.83390685,1
1505971284,21948727,43.55,2.65000000,0
1505971284,21948726,43.55,31.62952500,1
1505971283,21948724,43.41,9.00000000,0
1505971283,21948722,43.37,2.54000000,0
1505971282,21948721,43.29,50.17000000,1
1505971281,21948719,43.29,12.69000000,0
1505971206,21948697,43.57,10.39224236,1
1505971205,21948696,43.41,2.77000000,0
1505971205,21948695,43.32,3.13000000,0
1505971203,21948694,43.27,15.67000000,0
1505970567,21948556,43.00,30.00000000,1
1505970551,21948550,43.10,15.00000000,1
1505970500,21948533,43.11,21.48000000,1
1505970500,21948532,43.13,6.35000000,1
1505970493,21948516,43.13,13.65000000,0
1505970493,21948515,43.11,8.52000000,1
1505970493,21948514,43.12,21.48000000,1
1505970487,21948505,43.06,23.00000000,1
1505970480,21948494,43.08,32.30000000,1
1505970432,21948462,43.21,6.39273316,0
1505969858,21948260,43.13,2.01205657,0
1505969838,21948254,43.14,0.77087400,0
1505969813,21948221,43.11,15.71112400,0
1505969784,21948212,43.12,33.94000000,0
1505969523,21948140,43.01,2.46629139,0
1505969510,21948130,43.07,16.84370000,1
1505969506,21948123,43.03,6.25450000,1
1505969481,21948076,43.07,21.21760000,1
1505969480,21948075,43.08,32.07000000,1
1505969449,21948031,43.21,97.00000000,0
1505969337,21947967,43.25,5.63300091,0
1505969337,21947966,43.17,17.36699909,0
1505969029,21947811,43.11,10.44000000,1
1505969026,21947810,43.11,9.56000000,0
1505968862,21947743,43.13,3.82935311,0
1505968379,21947642,43.05,10.02124200,0
1505968191,21947617,43.20,62.39097222,0
1505968108,21947579,43.08,0.50000000,1
1505968048,21947554,43.05,0.50000000,1
1505968042,21947551,43.13,3.00000000,1
1505968041,21947550,43.28,2.35981524,0
1505968023,21947530,43.26,5.46255201,0
1505968017,21947525,43.26,1.43226900,0
1505967987,21947517,43.09,0.50000000,1
1505967971,21947507,43.04,3.00000000,1
1505967962,21947501,43.09,6.92055348,0
1505967961,21947500,43.09,6.57000000,0
1505967961,21947499,43.09,2.21194652,0
1505967944,21947494,43.09,1.05987468,0
1505967941,21947490,42.98,3.00000000,1
1505967925,21947440,42.95,0.50000000,1
1505967922,21947432,43.09,8.57156800,0
1505967918,21947423,42.97,3.00000000,1
1505967914,21947398,43.09,6.57661080,0
1505967866,21947341,42.88,0.50000000,1
1505967802,21947295,42.86,0.50000000,1
1505967760,21947269,42.85,0.50000000,1
1505967745,21947253,42.85,3.00000000,1
1505967719,21947230,42.87,0.50000000,1
1505967718,21947229,42.87,3.00000000,1
1505967690,21947219,42.81,3.00000000,1
1505967670,21947203,42.84,3.00000000,1
1505967665,21947200,42.84,0.50000000,1
1505967654,21947192,42.83,1.97391000,1
1505967646,21947177,42.79,3.00000000,1
1505967602,21947135,42.85,3.00000000,1
1505967597,21947134,42.89,0.50000000,1
1505967571,21947114,42.80,3.00000000,1
1505967526,21947079,42.78,11.40000000,1
1505967520,21947076,42.73,3.00000000,1
1505967466,21947025,42.67,0.50000000,1
1505967310,21946942,42.44,0.50000000,1
1505967264,21946895,42.45,0.50000000,1
1505967259,21946891,42.44,7.33190000,1
1505967251,21946890,42.44,0.01714800,1
1505967251,21946889,42.45,24.46895200,1
1505967211,21946877,42.45,1.10000000,1
1505967184,21946854,42.53,0.50000000,1
1505967171,21946850,42.60,28.90036760,1
1505967168,21946845,42.60,1.09963240,1
1505966972,21946719,42.64,0.60000000,0
1505966970,21946717,42.64,33.40000000,1
1505966913,21946654,42.71,4.67103723,1
1505966912,21946653,42.73,2.50000000,1
1505966844,21946593,42.76,52.43063800,0
1505966836,21946587,42.75,50.75063800,0
1505966835,21946586,42.75,1.56936200,0
1505966833,21946585,42.75,49.68000000,1
1505966820,21946572,42.73,0.50000000,1
1505966814,21946566,42.81,19.50500000,0
1505966814,21946565,42.80,0.72000000,0
1505966806,21946559,42.75,109.00000000,0
1505966769,21946535,42.74,1.00000000,1
1505966688,21946496,42.81,5.86892300,0
1505966681,21946484,42.82,9.99961510,0
1505966656,21946474,42.81,0.50000000,1
1505966538,21946391,42.84,0.50000000,1
1505966494,21946376,42.82,0.50000000,1
1505966385,21946315,42.94,11.93417191,0
1505966216,21946220,42.94,0.50000000,1
1505966170,21946203,43.02,0.50000000,1
1505966121,21946190,43.06,29.00000000,0
1505965955,21946126,42.91,23.07686715,1
1505965943,21946119,43.18,7.29458082,1
1505965943,21946118,43.17,0.85000000,1
1505965943,21946117,43.17,33.50000000,0
1505965941,21946116,43.09,1.01000000,0
1505965817,21946067,42.88,10.87087400,0
1505965817,21946066,42.86,1.20000000,0
1505965802,21946061,42.87,1.43000000,0
1505965601,21946005,42.84,1.69996041,0
1505965585,21945998,42.85,2.01603000,0
1505965579,21945997,42.84,1.53840000,1
1505965579,21945996,42.88,50.00000000,1
1505965521,21945965,43.02,1.53840000,0
1505965505,21945923,42.99,21.49093302,1
1505965504,21945921,43.00,25.36148800,1
1505965480,21945894,43.15,0.01857000,1
1505965479,21945890,43.13,2.02000000,0
1505965478,21945885,43.12,3.52881000,0
1505965473,21945879,43.12,1.85111317,0
1505965457,21945862,43.03,1.30183101,0
1505965457,21945861,43.03,24.27816899,0
1505965456,21945860,43.03,8.42000000,0
1505965123,21945767,43.19,8.39223500,0
1505964809,21945689,43.21,49.74000000,0
1505964759,21945672,43.26,53.53074349,0
1505964689,21945659,43.39,10.76826000,0
1505964629,21945650,43.38,2.02000000,1
1505964588,21945638,43.49,5.49356300,0
1505963991,21945494,43.37,1.80326000,0
1505963297,21945372,43.50,7.98665600,0
1505963275,21945362,43.51,0.50000000,0
1505963146,21945309,43.53,0.85560643,1
1505962781,21945205,43.57,10.00000000,0
1505962534,21945157,43.54,0.50000000,1
1505962454,21945119,43.53,1.04000000,1
1505962452,21945118,43.54,1.04902778,0
1505962227,21945016,43.62,1.89127867,0
1505962217,21945010,43.50,0.91990637,0
1505960708,21944653,43.45,5.89479400,0
1505960274,21944573,43.47,7.66788200,0
1505960144,21944542,43.44,2.73819000,0
1505960143,21944541,43.41,0.25000000,0
1505959846,21944381,43.40,1.90215999,0
1505959840,21944377,43.26,0.01390900,0
1505959840,21944376,43.26,0.98518500,0
1505959498,21944241,43.13,0.25000000,1
1505959395,21944178,43.08,0.25000000,1
1505959349,21944099,43.00,171.78000000,0
1505959333,21944061,43.00,192.22000000,0
1505959333,21944060,42.99,4.78000000,0
1505959316,21944039,42.99,1.04000930,0
1505959313,21944036,42.99,0.31000000,1
1505959312,21944033,42.99,5.69000000,0
1505959312,21944032,42.99,18.00000000,0
1505959274,21944004,42.99,0.40000000,0
1505959274,21944003,42.99,2.36124869,0
1505959274,21944002,42.97,2.74526800,0
1505959239,21943972,42.91,24.12000000,0
1505958793,21943840,42.90,9.61072261,0
1505957290,21943304,42.70,3.08760980,1
1505957241,21943262,42.71,1.93446000,1
1505957240,21943261,42.71,1.93446000,1
1505957239,21943260,42.71,1.93446000,1
1505956550,21942981,42.57,1.87455955,0
1505956359,21942896,42.50,2.32875176,1
1505956359,21942895,42.50,16.43435294,1
1505956272,21942862,42.55,1.70078000,1
1505956086,21942714,42.67,1.42600000,1
1505955888,21942609,42.76,3.62500000,1
1505955881,21942606,42.80,1.31797542,1
1505955872,21942594,42.81,9.00000000,0
1505955869,21942591,42.78,0.81900000,1
1505955866,21942585,42.77,15.00000000,1
1505955864,21942582,42.78,15.00000000,0
1505955863,21942580,42.78,1.00000000,1
1505955863,21942579,42.80,27.09000000,1
1505955853,21942574,42.80,7.99955837,1
1505955852,21942573,42.87,9.00000000,0
1505955847,21942568,42.88,0.28837642,0
1505955845,21942566,42.81,18.00000000,1
1505955810,21942558,42.98,18.00000000,1
1505955808,21942557,42.98,18.00000000,1
1505955686,21942490,43.18,3.49093302,0
1505955685,21942488,43.18,18.00000000,0
1505955388,21942285,43.00,1.00000000,1
1505955388,21942284,43.00,1.25000000,1
1505955388,21942282,43.00,1.20000000,1
1505955388,21942280,43.00,1.00000000,1
1505955388,21942278,43.00,7.00000000,1
1505955388,21942277,43.00,0.69000000,1
1505955388,21942276,43.00,18.44333579,1
1505955386,21942268,43.00,4.75433863,1
1505955386,21942267,43.01,16.96000000,1
1505955386,21942265,43.02,0.93381537,1
1505955385,21942259,43.03,25.45000000,1
1505955192,21941943,43.04,0.98520000,1
1505955191,21941941,43.04,0.98520000,1
1505955191,21941939,43.05,0.98520000,1
1505955191,21941937,43.05,0.98520000,1
