date,tid,price,amount,type
1506038130,22014325,45.63,27.53717920,1
1506038130,22014324,45.80,25.00512716,1
1506038130,22014323,45.82,3.00000000,1
1506038130,22014322,45.90,74.05175960,1
1506038130,22014321,46.00,5.00000000,1
1506038129,22014320,46.02,3.00000000,1
1506038129,22014319,46.13,106.00000000,1
1506038129,22014318,46.15,2.88000000,1
1506038129,22014317,46.18,10.00000000,1
1506038129,22014316,46.19,114.00000000,1
1506038129,22014315,46.20,176.45600000,1
1506038129,22014313,46.27,108.00000000,1
1506038129,22014312,46.34,94.00000000,1
1506038129,22014311,46.40,105.00000000,1
1506038042,22014291,46.57,6.20392183,1
1506038032,22014285,46.57,17.31000000,1
1506038031,22014284,46.57,17.31000000,0
1506037838,22014198,46.62,6.41956241,1
1506037684,22014129,46.42,10.00000000,0
1506037678,22014123,46.34,13.00000000,1
1506037678,22014122,46.41,117.00000000,1
1506037676,22014121,46.50,10.00000000,1
1506037638,22014103,46.42,58.78636790,1
1506037638,22014102,46.42,23.46000000,1
1506037637,22014101,46.43,15.00000000,1
1506037637,22014100,46.43,2.99000000,1
1506037193,22013931,46.70,25.00000000,0
1506037168,22013908,46.68,17.00000000,0
1506037168,22013907,46.68,0.31000000,0
1506037165,22013906,46.68,17.00000000,1
1506037160,22013904,46.69,0.69000000,1
1506037159,22013903,46.69,17.31000000,1
1506037115,22013874,46.58,12.22121560,1
1506037101,22013869,46.69,0.75602592,0
1506036834,22013666,46.41,0.13056262,1
1506036780,22013640,46.42,0.85197000,1
1506036766,22013629,46.53,190.87000000,0
1506036765,22013628,46.52,17.13000000,0
1506036762,22013627,46.49,6.49257000,1
1506036761,22013626,46.49,2.17181000,1
1506036760,22013625,46.49,2.21386000,1
1506036681,22013597,46.42,6.30407200,1
1506036179,22013343,46.22,3.00000000,1
1506036082,22013239,46.30,22.00000000,1
1506035825,22013095,46.42,3.77800738,1
1506035749,22013028,46.23,17.42026059,0
1506035746,22013026,46.23,17.31000000,0
1506035722,22012988,46.51,0.77631016,0
1506035722,22012987,46.51,2.09000000,0
1506035718,22012979,46.39,17.31000000,1
1506035708,22012952,46.40,0.00000008,1
1506035708,22012951,46.40,2.09003000,1
1506035683,22012885,46.63,50.00000000,1
1506035652,22012838,46.65,17.31000000,1
1506035626,22012802,46.76,17.31000000,1
1506035615,22012777,46.75,17.31000000,0
1506035614,22012776,46.76,17.31000000,1
1506035267,22012509,46.78,0.25000000,0
1506035152,22012446,46.86,5.00000000,1
1506035027,22012342,46.86,2.30000000,1
1506035027,22012341,46.86,2.30000000,1
1506034650,22011899,46.69,2.11645212,1
1506034634,22011882,46.76,37.40949188,1
1506034634,22011881,46.76,50.21320659,0
1506034632,22011878,46.84,36.00000000,1
1506034592,22011805,47.07,4.34326000,1
1506034588,22011795,46.95,4.34326000,0
1506034559,22011760,47.00,33.62600246,0
1506034557,22011757,47.02,15.00000000,1
1506034536,22011742,47.09,99.83886888,1
1506034536,22011741,47.09,17.99000000,1
1506034536,22011740,47.10,3.60000000,1
1506034536,22011739,47.11,8.57113112,1
1506034164,22011591,47.68,1.28019271,0
1506034060,22011544,47.53,20.76934147,1
1506034050,22011536,47.47,10.00000000,0
1506034044,22011530,47.40,15.89000000,1
1506034042,22011528,47.41,24.11000000,1
1506033904,22011451,47.41,25.56790691,1
1506033902,22011445,47.39,46.35130300,0
1506033892,22011421,47.19,2.41787000,1
1506033718,22011382,47.21,1.49644184,1
1506033258,22011171,46.84,13.15238257,0
1506033219,22011152,46.88,5.10665529,0
1506032208,22010606,46.78,9.92000000,1
1506032208,22010604,46.90,0.66000000,1
1506032010,22010523,47.01,2.87526000,0
1506032009,22010521,47.01,2.87526000,0
1506032009,22010520,47.00,7.00000000,1
1506032002,22010511,47.05,2.87526000,1
1506032000,22010505,47.03,2.87526000,0
1506031826,22010390,47.11,6.71500000,1
1506031824,22010387,47.12,2.47000000,1
1506031785,22010359,47.30,3.56174841,0
1506031552,22010201,47.13,102.00000000,1
1506031524,22010155,47.22,4.46145680,1
1506031521,22010146,47.22,16.30850800,1
1506031515,22010136,47.22,4.46148700,1
1506031509,22010129,47.22,20.75342122,1
1506031486,22010114,47.13,1.64064600,1
1506031483,22010106,47.13,5.86501000,1
1506031478,22010104,47.12,17.31000000,0
1506031430,22010016,46.88,6.27081000,1
1506031417,22010001,46.86,17.31000000,1
1506031415,22010000,46.86,17.31000000,1
1506031415,22009999,46.86,2.29089000,1
1506031414,22009998,46.86,17.31000000,1
1506031410,22009994,46.85,17.31000000,0
1506031074,22009838,46.70,10.00068613,1
1506031057,22009822,46.71,57.25957570,1
1506031017,22009805,46.70,3.73325589,1
1506030890,22009715,46.93,1.61602386,1
1506030889,22009713,46.92,3.83000000,0
1506030889,22009712,46.78,0.50000000,0
1506030887,22009711,46.70,19.15000000,0
1506030834,22009668,46.58,0.65000000,1
1506030781,22009631,46.59,4.00000000,0
1506030771,22009625,46.56,10.00000000,0
1506030740,22009613,46.35,0.89409800,1
1506030740,22009612,46.42,3.00000000,1
1506030739,22009611,46.61,0.00004710,1
1506030739,22009610,46.61,10.44320000,1
1506030735,22009609,46.53,19.55675290,0
1506030730,22009606,46.53,21.44852783,0
1506030716,22009579,46.53,1.76427090,1
1506030658,22009471,46.62,3.00000000,1
1506030654,22009464,46.66,100.00000000,1
1506030654,22009463,46.70,0.15235851,1
1506030527,22009412,46.80,0.50000000,0
1506030520,22009404,46.70,49.84764149,1
1506030520,22009403,46.70,48.15235851,1
1506030495,22009395,46.70,1.84764149,1
1506030495,22009394,46.71,29.15791300,1
1506030242,22009259,46.72,4.33701600,0
1506030241,22009257,46.72,20.51991400,0
1506030233,22009254,46.72,0.19774000,0
1506030218,22009224,46.72,2.37733000,0
1506030188,22009195,46.75,6.30000000,1
1506030171,22009186,46.82,3.00000000,1
1506030117,22009099,46.96,27.70833300,1
1506030081,22009076,46.98,2.84501062,0
1506030069,22009067,46.83,28.55540068,0
1506030043,22009046,47.00,24.23492274,1
1506030042,22009044,47.00,32.54932126,1
1506030042,22009043,47.01,17.45067874,1
1506030042,22009042,47.00,5.94106700,1
1506030041,22009040,47.00,48.27208500,1
1506030025,22009011,47.00,9.00260400,1
1506030025,22009010,47.00,143.57092900,1
1506029975,22008971,47.00,6.27955800,1
1506029971,22008959,47.00,36.26152300,1
1506029871,22008921,47.00,1.17233000,1
1506029871,22008920,47.01,0.15000000,1
1506029798,22008863,47.00,179.90000000,1
1506029798,22008862,47.01,17.31000000,1
1506029798,22008861,47.01,5.83000000,1
1506029798,22008860,47.01,65.96000000,1
1506029789,22008852,47.26,40.00000000,0
1506029780,22008847,47.00,238.56000000,1
1506029779,22008846,47.01,6.44000000,1
1506029773,22008840,47.00,252.57000000,1
1506029773,22008839,47.01,7.12000000,1
1506029773,22008838,47.03,17.31000000,1
1506029727,22008796,47.30,1.44958000,0
1506029709,22008783,47.33,16.77011652,0
1506029707,22008780,47.33,3.98035487,0
1506029700,22008758,47.34,23.64727235,0
1506029700,22008757,47.32,0.01230192,0
1506029699,22008756,47.31,40.59000000,0
1506029697,22008754,47.32,73.98769808,1
1506029693,22008746,47.37,4.50016000,0
1506029691,22008742,47.37,1.43124000,0
1506029680,22008724,47.21,0.29978210,1
1506029680,22008723,47.22,30.91778240,1
1506029678,22008715,47.43,1.52200000,0
1506029669,22008693,47.21,8.78243550,1
1506029648,22008659,47.47,16.93000000,1
1506029647,22008658,47.47,0.38000000,0
1506029646,22008655,47.47,17.31000000,1
1506029646,22008651,47.47,127.31000000,1
1506029614,22008597,47.47,22.69000000,1
1506029614,22008595,47.49,17.31000000,1
1506029535,22008519,47.66,60.00000000,0
1506029469,22008446,47.89,41.00528073,0
1506029375,22008298,47.97,21.68500753,1
1506029374,22008296,47.97,7.52177570,0
1506029364,22008288,47.74,8.37000000,1
1506029324,22008251,47.96,8.37000000,0
1506029263,22008220,47.71,6.94960354,1
1506029177,22008151,47.62,7.52177570,0
1506029175,22008147,47.66,2.16822430,1
1506029175,22008145,47.67,15.00000000,1
1506029161,22008124,47.59,32.58899104,1
1506029160,22008123,47.65,15.00000000,1
1506029160,22008122,47.66,65.22000000,1
1506029037,22008034,47.68,11.15598917,1
1506029019,22008012,47.90,0.07141962,1
1506029018,22008011,47.90,24.37000000,0
1506029018,22008010,47.90,7.84000000,0
1506028967,22007954,47.71,24.37806800,1
1506028964,22007951,47.90,0.21037903,1
1506028963,22007950,47.90,0.21037903,1
1506028955,22007917,47.94,5.41524116,0
1506028954,22007906,47.96,8.13939246,0
1506028953,22007905,47.95,13.53810339,0
1506028930,22007843,47.90,0.15848388,1
1506028930,22007842,47.90,0.21037903,1
1506028929,22007841,47.90,0.21037903,1
1506028929,22007839,47.90,0.21037903,1
1506028929,22007837,47.90,0.21037903,1
1506028870,22007705,48.21,0.12000000,0
1506028803,22007569,47.95,0.63157896,1
1506028788,22007546,48.16,5.00000000,0
1506028786,22007543,47.90,0.21052632,0
1506028756,22007501,48.30,19.70414079,0
1506028752,22007495,48.25,73.38882500,1
1506028752,22007494,48.25,262.00000000,1
1506028751,22007493,48.25,8.43400000,1
1506028749,22007491,48.25,106.17717500,1
1506028724,22007442,48.23,1.01877267,0
1506028721,22007432,48.36,3.15122733,1
1506028720,22007427,48.36,4.24265000,1
1506028716,22007412,48.36,53.39889192,1
1506028716,22007410,48.32,3.00000000,0
1506028716,22007409,48.25,7.08530800,0
1506028682,22007300,48.25,37.91469200,0
1506028624,22007071,48.12,3.00000000,0
1506028549,22006714,48.00,25.00000000,0
1506028549,22006713,48.00,1.84257000,0
1506028543,22006704,48.00,3.15743000,0
1506028533,22006679,47.82,2.16822430,0
1506028508,22006605,47.96,14.50311400,0
1506028502,22006590,47.92,10.21904500,0
1506028501,22006586,47.99,35.49385600,0
1506028499,22006583,47.97,126.00000000,0
1506028499,22006582,47.92,3.00000000,0
1506028492,22006572,47.84,3.72000000,0
1506028486,22006551,47.75,0.84976200,0
1506028482,22006548,47.74,15.05569000,1
1506028481,22006544,47.75,15.03681400,0
1506028480,22006543,47.52,69.18585562,1
1506028480,22006541,47.52,2.38102157,1
1506028480,22006540,47.66,11.18667690,1
1506028480,22006537,47.66,3.81332310,1
1506028479,22006535,47.67,11.18646709,1
1506028478,22006525,47.67,5.14753291,1
1506028463,22006481,47.75,3.16025800,0
1506028461,22006478,47.75,25.71200000,0
1506028448,22006423,47.75,15.88657600,0
1506028442,22006413,47.65,7.31949000,1
1506028439,22006412,47.75,14.35459000,0
1506028439,22006411,47.72,3.00000000,0
1506028412,22006360,47.50,4.89007000,1
1506028411,22006358,47.50,1.44655000,1
1506028332,22006288,47.49,5.35493000,1
1506028326,22006284,47.52,3.00000000,0
1506028326,22006283,47.50,75.00000000,0
1506028305,22006264,47.47,4.68000788,1
1506028305,22006263,47.47,0.78343212,1
1506028302,22006260,47.47,169.21656788,0
1506028294,22006251,47.47,9.18369497,0
1506028270,22006229,47.40,2.00000000,0
1506028225,22006183,47.30,21.85621871,0
1506028191,22006160,47.30,29.81588374,0
1506028181,22006151,47.30,12.78244300,0
1506028167,22006135,47.25,3.98220000,1
1506027933,22005987,47.02,4.97984090,1
1506027922,22005977,47.00,138.54263100,1
1506027922,22005976,47.01,21.71000000,1
1506027922,22005975,47.10,109.74736900,1
1506027915,22005969,47.24,1.00000000,1
1506027912,22005959,47.25,23.85025500,1
1506027912,22005958,47.25,29.14974500,1
1506027909,22005957,47.11,47.30338753,1
1506027905,22005951,47.25,5.00000000,1
1506027891,22005944,47.25,5.00000000,0
1506027881,22005936,47.26,5.00000000,0
1506027871,22005905,47.27,5.00000000,0
1506027870,22005880,47.28,22.55976311,0
1506027869,22005879,47.27,59.73000000,0
1506027861,22005863,47.25,5.00000000,0
1506027855,22005855,47.26,5.00000000,0
1506027848,22005852,47.27,0.42000000,0
1506027838,22005847,47.27,0.20000000,0
1506027819,22005786,47.27,0.39000000,0
1506027731,22005711,47.30,10.54545455,0
1506027470,22005465,47.34,26.00000000,0
1506027342,22005371,47.12,10.00000000,0
1506027176,22005292,47.15,0.01004000,0
1506027164,22005274,47.15,14.96580000,0
1506027162,22005271,47.15,2.99966000,0
1506027161,22005269,47.15,16.33450000,0
1506027109,22005192,47.02,0.72100000,1
1506027041,22005090,47.00,3.14302900,1
1506027034,22005074,47.01,9.96716400,1
1506027013,22005058,47.02,14.38200000,1
1506026999,22005044,47.04,1.00000000,0
1506026979,22005023,47.03,0.21505376,1
1506026964,22004991,47.01,49.71000000,1
1506026962,22004985,47.02,6.62000000,1
1506026962,22004984,47.02,15.77160900,1
1506026962,22004983,47.11,15.00000000,1
1506026957,22004977,47.03,20.61214000,1
1506026957,22004975,47.02,17.33839100,1
1506026956,22004974,47.11,2.00000000,1
1506026953,22004959,47.13,9.93533600,1
1506026930,22004894,47.16,15.43280000,0
1506026929,22004892,47.19,1.82090000,1
1506026929,22004891,47.19,1.82090000,1
1506026929,22004888,47.19,1.82090000,1
1506026929,22004887,47.19,1.82090000,1
1506026929,22004886,47.19,1.82090000,1
1506026929,22004885,47.19,1.82090000,1
1506026929,22004884,47.19,1.82089705,1
1506026929,22004883,47.20,15.00000000,1
1506026921,22004867,47.18,0.00000295,0
1506026921,22004866,47.18,1.82090000,0
1506026913,22004851,47.19,15.00000000,0
1506026895,22004833,47.30,23.11331924,0
1506026846,22004775,47.46,21.02380451,0
1506026814,22004758,47.32,3.00000000,0
1506026744,22004705,47.24,11.26000000,0
1506026704,22004631,47.00,0.38334360,1
1506026677,22004593,46.92,50.11998576,1
1506026620,22004540,47.03,16.97000000,0
1506026518,22004442,46.92,0.00000034,1
1506026486,22004416,46.99,34.30000000,0
1506026479,22004406,46.92,1.03014700,1
1506026455,22004324,46.92,0.69939230,1
1506026455,22004322,47.03,0.90292170,1
1506026212,22003411,46.98,8.83904208,1
1506026205,22003401,46.96,2.37236000,1
1506026202,22003399,46.98,2.42202000,1
1506026183,22003365,47.30,55.00846974,0
1506026183,22003364,47.30,15.00000000,0
1506026183,22003363,47.29,60.46000000,1
1506026183,22003361,47.29,44.45751491,1
1506026182,22003360,47.12,3.00000000,0
1506026182,22003359,47.11,3.39000000,0
1506026182,22003357,46.99,16.95000000,0
1506026180,22003354,46.92,1.73401535,0
1506026177,22003350,46.92,1.26598465,0
1506026169,22003325,46.80,48.06900000,1
1506026168,22003323,46.81,16.42100000,1
1506026145,22003244,46.80,7.15226800,0
1506026141,22003229,46.80,5.93386600,0
1506026061,22002949,46.56,10.04483000,1
1506026036,22002923,46.78,1.53528440,0
1506026009,22002899,46.85,0.71334044,0
1506026007,22002896,46.72,3.00000000,0
1506025980,22002857,46.50,26.81477804,0
1506025961,22002850,46.41,9.14489311,1
1506025953,22002848,46.40,4.78250000,1
1506025952,22002847,46.41,2.64945000,1
1506025946,22002843,46.50,47.34910205,0
1506025946,22002842,46.49,10.14999500,0
1506025946,22002841,46.47,0.68000000,0
1506025886,22002773,46.41,0.98670465,0
1506025822,22002691,46.04,1.76000000,1
1506025782,22002622,46.00,29.90000000,0
1506025782,22002621,46.00,25.00000000,1
1506025777,22002611,46.25,11.06120000,0
1506025776,22002610,46.25,11.06120000,0
1506025767,22002587,45.89,43.80680726,0
1506025747,22002553,46.27,8.02240000,0
1506025718,22002501,46.23,1.82090295,1
1506025717,22002498,46.23,52.33467705,0
1506025717,22002496,46.23,5.84442000,0
1506025697,22002452,46.39,4.41980000,1
1506025550,22002148,46.39,0.58020000,1
1506025550,22002147,46.44,1.92000000,1
1506025542,22002135,46.44,27.50000000,1
1506025541,22002131,46.45,2.50020000,1
1506025535,22002121,46.39,3.00000000,1
1506025517,22002098,46.40,8.00560000,1
1506025502,22002069,46.26,11.93790000,1
1506025494,22002067,46.20,0.21786500,1
1506025491,22002064,46.26,5.10320000,0
1506025491,22002063,46.26,94.79680000,1
1506025490,22002062,46.50,10.51000000,0
1506025490,22002061,46.47,14.49000000,0
1506025490,22002060,46.39,15.00000000,0
1506025489,22002059,46.26,11.94320000,1
1506025485,22002052,46.26,49.26000000,1
1506025484,22002051,46.40,16.63720643,0
1506025480,22002050,46.40,1.56000000,0
1506025473,22002043,46.08,11.97480000,1
1506025472,22002042,46.08,20.14759602,0
1506025472,22002039,46.08,12.50000000,0
1506025471,22002032,45.94,11.97610000,1
1506025463,22002021,46.08,46.59260888,0
1506025453,22001993,46.06,15.26818100,0
1506025452,22001992,46.06,2.27181900,0
1506025449,22001980,46.04,1.98741000,1
1506025448,22001977,46.03,17.31000000,0
1506025417,22001927,45.99,44.36869300,1
1506025417,22001926,45.99,13.46489300,1
1506025416,22001925,45.99,11.97880000,1
1506025404,22001912,45.99,20.84000000,0
1506025346,22001842,45.92,8.65453600,1
1506025316,22001762,45.92,15.99830000,1
1506025315,22001761,45.92,23.43476900,1
1506025315,22001760,45.92,30.24925295,1
1506025312,22001753,45.92,21.66314200,0
1506025308,22001748,45.68,29.75074705,0
1506025289,22001736,45.66,15.41000000,0
1506025287,22001735,45.70,13.01835000,1
1506025286,22001733,46.01,8.70221760,0
1506025286,22001732,45.94,73.98778240,0
1506025286,22001731,45.77,17.31000000,0
1506025283,22001727,45.70,2.63165000,1
1506025283,22001726,46.08,13.27702256,1
1506025283,22001725,46.08,17.31000000,1
1506025282,22001723,45.77,17.31000000,1
1506025281,22001721,45.77,17.31000000,0
1506025266,22001699,45.69,16.20390000,1
1506025255,22001687,45.69,54.36520000,1
1506025248,22001678,45.69,80.92358801,1
1506025248,22001677,45.77,53.41735399,1
1506025230,22001657,45.60,3.24772500,1
1506025147,22001586,45.55,3.23707000,1
1506025147,22001585,45.60,0.60000000,1
1506025052,22001439,45.46,133.91189855,1
1506025052,22001438,45.47,14.72000000,1
1506025052,22001437,45.54,58.17909705,1
1506025052,22001436,45.55,43.18900440,1
1506025051,22001435,45.60,22.50368286,0
1506025050,22001434,45.55,65.01355014,0
1506024885,22001251,45.28,0.44399100,1
1506024835,22001110,45.11,16.95352060,1
1506024823,22001089,45.40,43.48000000,0
1506024822,22001087,45.11,1.82000000,1
1506024822,22001086,45.12,4.18000000,0
1506024820,22001084,45.20,6.41657300,1
1506024814,22001079,45.19,61.72000000,0
1506024812,22001024,45.19,0.21370000,1
1506024812,22001023,45.20,0.12000000,1
1506024812,22001021,45.22,3.00000000,1
1506024806,22000991,45.40,20.00000000,0
1506024794,22000960,45.42,0.61600000,0
1506024792,22000954,45.26,61.71298600,1
1506024791,22000951,45.25,6.98461100,1
1506024786,22000929,45.24,10.00000000,1
1506024785,22000927,45.39,70.50500000,0
1506024776,22000901,45.42,22.77700000,0
1506024768,22000896,45.47,70.72600000,0
1506024756,22000863,45.56,18.16124906,0
1506024756,22000862,45.25,41.83875094,0
1506024753,22000857,45.25,5.60804906,0
1506024751,22000848,45.26,12.01000000,1
1506024751,22000847,45.27,0.54320000,1
1506024750,22000844,45.42,3.00000000,1
1506024726,22000778,45.56,2.37000000,0
1506024715,22000725,45.43,60.00000000,0
1506024695,22000673,45.51,16.17000000,1
1506024685,22000664,45.56,2.26500000,0
1506024682,22000660,45.49,4.61538462,0
1506024677,22000645,45.57,37.46170726,0
1506024677,22000643,45.56,4.08000000,0
1506024676,22000640,45.47,2.26510000,0
1506024671,22000634,45.47,18.13490000,0
1506024662,22000602,45.48,8.99000000,0
1506024643,22000542,45.46,15.25000000,0
1506024631,22000507,45.48,108.11100000,0
1506024631,22000505,45.47,50.58000000,0
1506024623,22000481,45.47,15.00000000,0
1506024621,22000476,45.47,63.26170000,0
1506024617,22000468,45.45,60.51295676,1
1506024597,22000380,45.45,16.31992000,1
1506024591,22000324,45.45,1.29167100,1
1506024585,22000260,45.50,1.80203000,0
1506024583,22000238,45.57,30.28730415,0
1506024583,22000237,45.48,0.50262672,0
1506024583,22000235,45.48,4.49737328,1
1506024551,22000157,45.45,7.50000000,1
1506024542,22000133,45.45,14.37545224,1
1506024542,22000131,45.45,0.54100000,1
1506024541,22000130,45.47,1.00000000,1
1506024541,22000128,45.47,73.98778240,0
1506024541,22000126,45.50,14.70000000,1
1506024541,22000125,45.50,3.00000000,1
1506024540,22000122,45.51,65.58000000,0
1506024540,22000121,45.56,0.21200000,1
1506024539,22000119,45.60,10.00000000,1
1506024539,22000118,45.62,3.00000000,1
1506024539,22000116,45.70,13.60376536,1
1506024536,22000106,45.77,10.80081000,0
1506024533,22000093,45.78,3.40171000,0
1506024533,22000091,45.70,8.92554700,1
1506024531,22000078,45.76,2.07653857,1
1506024530,22000068,45.76,0.13357145,1
1506024519,22000011,45.76,22.77349208,1
1506024517,22000000,45.86,10.18400617,1
1506024514,21999981,45.86,26.14285714,0
1506024508,21999968,45.92,51.92675621,0
1506024508,21999966,45.91,71.52326628,0
1506024504,21999963,45.76,39.09509705,1
1506024504,21999962,45.77,18.38400000,1
1506024504,21999961,45.88,0.70000000,1
1506024385,21999798,46.22,10.21118069,0
1506024374,21999790,46.00,85.08518094,0
1506024371,21999789,46.00,14.41570000,0
1506024369,21999785,46.00,14.69962500,0
1506024369,21999784,46.00,64.98500000,0
1506024368,21999783,46.00,8.06219100,0
1506024368,21999782,46.00,177.70000000,0
1506024368,21999781,46.00,22.18065300,0
1506024360,21999767,46.00,47.96791636,0
1506024356,21999766,46.00,26.97658300,0
1506024356,21999765,45.99,16.21000000,0
1506024341,21999743,45.99,5.40315200,0
1506024307,21999723,45.91,75.60835523,0
1506024295,21999714,45.91,20.01500000,0
1506024281,21999707,45.91,15.00000000,0
1506024281,21999705,45.91,16.31931271,0
1506024273,21999690,45.91,50.06970000,0
1506024272,21999688,45.91,7.98763206,0
1506024270,21999684,45.92,15.00000000,1
1506024264,21999675,46.10,26.33737470,1
1506024263,21999674,46.11,7.68577600,1
1506024147,21999572,46.11,1.00000000,1
1506024084,21999488,46.32,12.02157522,0
1506024083,21999487,46.31,0.37436605,0
1506024083,21999483,46.31,8.92563395,0
1506024083,21999479,46.30,0.37436605,0
1506024082,21999475,46.30,28.07429804,0
1506023933,21999341,46.22,2.06112000,0
1506023930,21999333,46.19,4.90165795,0
1506023739,21999169,46.50,2.46451612,0
1506023737,21999166,46.40,29.80925707,0
1506023680,21999113,46.48,3.03659148,1
1506023595,21998979,46.50,10.52498400,0
1506023593,21998978,46.50,21.36924700,0
1506023592,21998977,46.50,14.13239803,0
1506023588,21998974,46.50,7.38622900,1
1506023588,21998972,46.50,2.68616962,1
1506023546,21998906,46.50,7.38623432,0
1506023545,21998902,46.50,4.90580100,0
1506023543,21998898,46.50,6.81999500,0
1506023538,21998890,46.50,11.72042500,0
1506023532,21998882,46.50,14.01333333,0
1506023525,21998870,46.50,1.64581116,0
1506023522,21998864,46.50,10.71772900,0
1506023513,21998857,46.50,36.94718260,0
1506023473,21998827,46.50,2.00000000,0
1506023460,21998805,46.50,2.22685000,0
1506023460,21998801,46.50,222.00000000,0
1506023459,21998797,46.50,0.15000000,0
1506023457,21998795,46.50,0.15000000,0
1506023456,21998792,46.50,0.15000000,1
1506023436,21998746,46.50,6.00000000,1
1506023435,21998744,46.50,2.51186000,1
1506023395,21998665,46.46,0.15000000,0
1506023395,21998663,46.45,0.15000000,0
1506023395,21998661,46.44,0.15000000,0
1506023390,21998637,46.42,10.29638000,1
1506023387,21998627,46.42,0.21881900,1
1506023348,21998582,46.25,198.56555466,0
1506023343,21998575,46.21,2.99000000,0
1506023335,21998567,46.11,6.71719000,1
1506023335,21998566,46.12,8.25281000,1
1506023328,21998552,46.09,10.53596000,0
1506023327,21998551,46.09,7.25404000,0
1506023285,21998530,45.93,0.90000000,1
1506023240,21998439,45.98,10.84710744,0
1506023213,21998414,45.99,5.35181000,0
1506023189,21998368,46.02,30.13189917,0
1506023145,21998324,45.78,10.00000000,1
1506023116,21998274,46.00,4.00000000,1
1506023068,21998239,46.10,200.00000000,0
1506023030,21998182,45.85,114.77040000,1
1506023030,21998181,45.93,130.00000000,1
1506023028,21998176,45.94,15.00000000,1
1506023028,21998174,45.94,0.22960000,1
1506022835,21997986,45.79,4.21368119,1
1506022730,21997888,45.96,2.90100000,0
1506022726,21997881,45.65,2.90058000,1
1506022725,21997878,45.71,0.89942000,1
1506022721,21997875,45.91,2.00000000,0
1506022715,21997866,45.63,56.84841214,1
1506022715,21997863,45.64,0.53880000,1
1506022715,21997862,45.64,0.43715139,1
1506022714,21997853,45.71,18.80160840,1
1506022640,21997728,45.71,60.00000000,1
1506022578,21997633,45.72,11.84521000,1
1506022536,21997597,45.81,3.08187000,0
1506022535,21997595,45.81,10.99230000,0
1506022534,21997590,45.81,7.07695000,0
1506022533,21997585,45.81,7.00367000,0
1506022530,21997578,46.00,2.60294157,1
1506022522,21997572,46.00,2.17581949,1
1506022522,21997571,46.01,19.31423409,1
1506022521,21997570,46.01,9.13443000,1
1506022520,21997566,46.05,1.00000000,1
1506022391,21997346,46.22,8.17684015,1
1506022391,21997345,46.24,7.82315985,1
1506022351,21997300,46.38,3.50582147,0
1506022347,21997294,46.32,0.21929825,0
1506022347,21997292,46.32,0.21929825,0
1506022341,21997287,46.31,0.21929825,1
1506022338,21997285,46.33,8.05394261,1
1506022335,21997283,46.31,0.21929825,1
1506022300,21997234,46.14,10.59720000,1
1506022284,21997203,46.08,0.08735000,0
1506022282,21997195,46.13,124.83565000,1
1506022272,21997168,46.32,2.00259067,1
1506022270,21997164,46.13,7.16435000,1
1506022269,21997162,46.14,6.68568000,1
1506022225,21997077,46.01,27.18062265,0
1506022207,21997046,46.01,35.00000000,1
1506022195,21997020,46.05,0.19849890,1
1506022195,21997019,46.05,0.22075055,1
1506022194,21997017,46.05,0.20000000,1
1506022194,21997016,46.05,0.22075055,1
1506022188,21997009,46.00,0.22123894,1
1506022175,21996980,46.00,23.44321564,1
1506022175,21996976,46.00,0.22075055,1
1506022170,21996970,46.00,28.38179487,1
1506022169,21996969,46.01,4.09000802,1
1506022169,21996968,46.01,0.22075055,1
1506022168,21996967,46.01,2.65901300,1
1506022166,21996961,46.01,0.22123894,1
1506022165,21996959,46.01,0.22075055,1
1506022164,21996958,46.01,1.13700000,1
1506022164,21996951,46.01,0.22123894,1
1506022163,21996949,46.02,0.22123894,1
1506022158,21996935,46.00,40.00000000,1
1506022155,21996929,46.00,1.45074800,1
1506022155,21996927,46.01,5.00000000,1
1506022152,21996912,46.00,12.13024937,1
1506022152,21996909,46.01,9.76380530,1
1506022151,21996906,46.01,0.22123894,1
1506022150,21996900,46.01,0.22123894,1
1506022149,21996898,46.01,0.22123894,1
1506022148,21996895,46.01,0.22123894,1
1506022148,21996894,46.01,0.22123894,1
1506022147,21996890,46.00,0.22123894,1
1506022146,21996889,46.01,0.22123894,1
1506022145,21996885,46.01,0.22123894,1
1506022139,21996874,46.01,0.22123894,1
1506022131,21996864,46.00,0.51500000,1
1506022129,21996860,46.01,52.97343900,1
1506022128,21996859,46.02,5.60656100,1
1506022126,21996857,46.00,15.44927000,0
1506022126,21996856,46.00,50.00000000,0
1506022126,21996855,46.00,12.95017050,0
1506022126,21996854,45.99,50.00000000,0
1506022125,21996852,45.99,50.00000000,0
1506022125,21996851,45.99,50.00000000,0
1506022125,21996849,45.99,50.00000000,0
1506022125,21996847,45.99,50.00000000,0
1506022125,21996846,45.99,36.20284730,0
1506022125,21996845,45.98,17.52000000,0
1506022125,21996844,45.96,17.01020000,0
1506022125,21996843,45.96,15.33787624,0
1506022068,21996718,45.96,1.67232376,0
1506022041,21996687,45.80,6.20630634,1
1506022007,21996624,45.79,0.22172949,0
1506022007,21996622,45.78,14.70000000,0
1506021993,21996604,45.99,0.29573935,0
1506021993,21996601,45.99,13.50141335,0
1506021992,21996599,45.96,3.50000000,0
1506021992,21996598,45.94,64.86000000,1
1506021992,21996597,45.90,17.48000000,0
1506021991,21996594,45.89,26.54095200,1
1506021990,21996593,45.89,73.98778240,0
1506021924,21996424,45.88,0.00002947,0
1506021923,21996422,45.76,29.37397053,0
1506021904,21996356,45.92,2.47413889,0
1506021904,21996355,45.77,0.44247788,0
1506021903,21996354,45.76,7.66238323,0
1506021899,21996340,45.75,29.20077470,1
1506021898,21996337,45.76,2.91684207,0
1506021897,21996332,45.76,0.22000000,0
1506021893,21996317,45.81,7.28789628,0
1506021889,21996309,45.81,5.31377592,0
1506021888,21996306,45.81,4.45400000,0
1506021887,21996301,45.81,1.97930014,0
1506021883,21996294,45.81,0.91470000,1
1506021883,21996293,45.82,3.00000000,1
1506021883,21996292,45.82,0.53670000,1
1506021883,21996291,45.89,5.47544976,1
1506021882,21996289,45.89,0.22172949,1
1506021881,21996287,45.93,0.21030000,1
1506021879,21996283,45.94,0.55752212,1
1506021879,21996282,45.94,0.22123894,1
1506021874,21996276,45.94,0.22123894,1
1506021872,21996274,46.00,37.04982950,1
1506021872,21996273,46.00,50.00000000,1
1506021872,21996272,46.00,50.00000000,1
1506021872,21996271,46.00,50.00000000,1
1506021869,21996263,46.00,0.75000000,1
1506021866,21996259,46.00,53.42097398,1
1506021863,21996251,46.00,50.00000000,1
1506021862,21996250,46.00,50.00000000,1
1506021862,21996249,46.00,50.00000000,1
1506021862,21996248,46.00,50.00000000,1
1506021860,21996246,46.00,1.66509400,1
1506021860,21996245,46.00,200.00000000,1
1506021860,21996244,46.00,78.62247800,1
1506021858,21996237,46.00,101.28263500,1
1506021857,21996231,46.00,22.62476100,1
1506021857,21996230,46.00,23.00000000,1
1506021857,21996229,46.00,7.38200000,1
1506021856,21996228,46.00,131.91530500,1
1506021856,21996227,46.00,25.89848300,1
1506021856,21996225,46.00,244.00000000,1
1506021852,21996221,46.00,9.85223900,1
1506021851,21996219,46.00,15.31814500,1
1506021850,21996216,46.01,2.16822430,0
1506021847,21996208,46.00,13.81800000,1
1506021847,21996206,46.00,33.00000000,1
1506021847,21996205,46.00,1.78000000,1
1506021846,21996204,46.00,41.03452900,1
1506021843,21996194,46.00,23.36181766,1
1506021841,21996187,46.00,10.21632313,1
1506021841,21996184,46.00,7.73199800,1
1506021839,21996180,46.00,0.22075055,1
1506021839,21996179,46.00,0.22123894,1
1506021837,21996178,46.00,3.67073274,1
1506021837,21996177,46.00,16.05865000,1
1506021837,21996174,46.00,14.59375500,1
1506021836,21996171,46.00,5.71120638,1
1506021835,21996168,46.00,10.00000000,1
1506021828,21996153,46.00,15.79905512,1
1506021828,21996151,46.00,3.00000000,1
1506021828,21996150,46.00,7.09942788,1
1506021822,21996128,46.00,18.39031062,1
1506021820,21996122,46.01,0.36135040,0
1506021809,21996094,46.00,70.00000000,1
1506021800,21996078,46.00,60.00000000,1
1506021778,21996038,46.00,13.87818086,1
1506021772,21996017,46.00,30.63208064,1
1506021772,21996016,46.00,2.93770397,1
1506021766,21996006,46.00,16.00000000,1
1506021766,21996005,46.00,1.06229603,1
1506021765,21996004,46.00,0.53460000,1
1506021765,21996003,46.00,3.40310397,1
1506021765,21995997,46.00,2.80000000,1
1506021760,21995982,46.00,10.31234485,1
1506021757,21995975,46.00,5.61120000,1
1506021757,21995974,46.00,2.00000000,1
1506021757,21995973,46.00,5.16671998,1
1506021756,21995972,46.00,4.00000000,1
1506021755,21995970,46.00,1.83328002,1
1506021755,21995968,46.01,8.06000000,1
1506021751,21995964,46.01,2.63021539,1
1506021749,21995956,46.01,9.08559600,1
1506021746,21995942,46.01,57.36978461,1
1506021734,21995926,46.01,19.71120000,1
1506021717,21995854,46.02,19.71120000,0
1506021716,21995852,46.01,0.14808020,1
1506021714,21995845,46.02,6.96000000,1
1506021530,21995465,46.02,17.29674809,1
1506021517,21995448,46.03,0.76051861,0
1506021517,21995447,46.03,2.66561139,0
1506021516,21995441,46.03,23.51924200,0
1506021516,21995440,46.03,1.25000000,0
1506021514,21995434,46.03,8.45166600,0
1506021511,21995428,46.03,2.91813661,0
1506021510,21995427,46.03,1.19534400,0
1506021497,21995418,46.06,2.68584000,0
1506021477,21995389,46.09,2.14963026,0
1506021477,21995388,46.09,0.29652176,0
1506021468,21995369,46.37,8.00673894,0
1506021468,21995368,46.20,0.00040220,0
1506021468,21995367,46.05,3.96484765,0
1506021467,21995363,46.10,3.25515235,1
1506021465,21995361,46.01,4.87272824,1
1506021464,21995359,46.01,1.00000000,1
1506021464,21995356,46.02,0.89000000,1
1506021464,21995355,46.02,3.00000000,1
1506021462,21995354,46.10,71.54687808,1
1506021460,21995351,46.10,28.45312192,1
1506021460,21995350,46.17,11.25035632,1
1506021437,21995315,46.18,4.83357000,0
1506021396,21995176,46.17,78.77171830,1
1506021372,21995136,46.18,1.00000000,0
1506021362,21995118,46.17,9.97792538,1
1506021354,21995100,46.18,18.33990824,0
1506021353,21995096,46.18,15.53000000,0
1506021323,21994989,46.20,23.24578997,0
1506021309,21994959,46.21,22.13125400,0
1506021308,21994958,46.21,17.86874600,0
1506021246,21994834,46.26,32.60602900,0
1506021213,21994768,46.25,40.00000000,1
1506021186,21994705,46.18,19.83635807,0
1506021185,21994702,46.18,2.21000000,0
1506021185,21994700,46.18,2.00000000,1
1506021185,21994699,46.18,0.53250000,1
1506021185,21994698,46.21,15.42114193,1
1506021184,21994694,46.41,2.18250000,0
1506021181,21994670,46.21,16.78633150,1
1506021177,21994648,46.22,23.57855499,0
1506021175,21994643,46.22,4.53017200,0
1506021174,21994642,46.22,2.34979900,0
1506021174,21994640,46.22,4.62510100,0
1506021174,21994638,46.22,5.44071800,0
1506021163,21994608,46.22,70.00000000,0
1506021161,21994600,46.21,0.52830000,1
1506021157,21994587,46.22,17.45471500,1
1506021157,21994586,46.22,10.14226300,1
1506021149,21994548,46.22,5.27402415,0
1506021149,21994543,46.22,4.86823885,0
1506021147,21994527,46.22,14.28917100,0
1506021146,21994523,46.22,16.16935500,0
1506021146,21994521,46.22,3.34091100,0
1506021143,21994509,46.22,15.53000000,1
1506021125,21994458,46.21,17.26422657,1
1506021125,21994457,46.22,3.00000000,1
1506021125,21994456,46.23,0.59000000,1
1506021124,21994455,46.23,2.96000000,1
1506021124,21994452,46.24,43.75615446,1
1506021124,21994451,46.24,64.77000000,0
1506021124,21994450,46.24,17.65961897,0
1506021122,21994445,46.24,29.83984554,0
1506021122,21994444,46.31,0.20850000,1
1506021121,21994442,46.36,0.53040000,1
1506021119,21994441,46.42,3.00000000,1
1506021084,21994353,46.55,0.52830000,1
1506021079,21994327,46.56,9.85953200,0
1506021074,21994314,46.58,1.50980100,0
1506021072,21994312,46.58,7.81502200,0
1506021052,21994245,46.60,7.59517700,0
1506021048,21994236,46.61,2.34349000,0
1506021042,21994218,46.60,2.94880550,1
1506021035,21994204,46.60,2.19318000,1
1506020980,21994025,46.78,1.85581222,1
1506020979,21994020,46.74,17.10000000,0
1506020979,21994019,46.73,9.55000000,0
1506020942,21993911,46.72,1.99999975,0
1506020939,21993896,46.74,54.53822735,0
1506020933,21993879,46.60,25.31980000,0
1506020909,21993785,46.58,0.11550000,1
1506020907,21993772,46.57,62.72726169,0
1506020907,21993771,46.58,3.41000000,1
1506020906,21993767,46.61,0.50000000,1
1506020906,21993763,46.62,3.00000000,1
1506020906,21993762,46.62,127.00000000,0
1506020905,21993761,46.68,0.20690000,1
1506020905,21993759,46.79,11.00169158,1
1506020905,21993758,46.79,6.04888983,0
1506020903,21993747,46.80,2.10525690,1
1506020895,21993718,46.79,88.99830842,1
1506020895,21993717,46.81,15.00169158,0
1506020894,21993716,46.81,0.52830842,0
1506020894,21993713,46.81,15.53000000,1
1506020893,21993712,46.82,3.94169158,1
1506020891,21993707,46.84,34.68020000,0
1506020859,21993497,47.00,35.00000000,1
1506020841,21993440,47.09,9.80000000,0
1506020841,21993439,47.01,0.20000000,0
1506020829,21993408,47.00,14.19948815,1
1506020829,21993407,47.00,10.15000000,1
1506020829,21993406,47.00,30.00000000,1
1506020818,21993377,47.00,4.45051185,1
1506020817,21993373,47.00,75.39948815,1
1506020816,21993372,47.00,183.60051185,1
1506020816,21993371,47.00,1.00000000,1
1506020808,21993345,47.00,50.00000000,1
1506020808,21993340,47.00,4.34948815,1
1506020806,21993326,47.00,1.05000000,1
1506020804,21993318,47.00,20.00000000,1
1506020801,21993312,47.00,240.00000000,1
1506020792,21993279,47.12,21.31311300,0
1506020790,21993278,47.12,1.09530000,0
1506020790,21993277,47.12,2.92000000,0
1506020776,21993213,47.19,3.37105900,0
1506020651,21993030,47.12,71.55217056,1
1506020651,21993029,47.12,1.00000000,1
1506020599,21992951,47.13,91.16536356,1
1506020599,21992950,47.14,1.00000000,1
1506020598,21992949,47.17,12.42587686,1
1506020596,21992947,47.16,0.04470000,1
1506020596,21992946,47.20,63.87800000,1
1506020574,21992931,47.20,0.11200000,1
1506020573,21992930,47.21,107.00000000,1
1506020573,21992929,47.22,39.01000000,1
1506020201,21992703,47.12,2.41000000,1
1506020194,21992691,47.30,1.00000000,0
1506020175,21992684,47.30,1.00000000,0
1506020076,21992640,47.10,1.00000000,1
1506019698,21992433,47.32,3.91328000,0
1506019695,21992432,47.32,6.20863000,0
1506019678,21992415,47.33,5.45200000,0
1506019671,21992409,47.31,2.30363000,0
1506019630,21992380,47.32,2.43474000,0
1506019626,21992375,47.34,5.34372000,0
1506019585,21992336,47.04,33.69590408,0
1506019585,21992335,47.05,10.77409592,1
1506019584,21992334,47.06,15.53000000,1
1506019565,21992321,47.30,21.29150000,0
1506019560,21992310,47.12,2.27000000,1
1506019559,21992309,47.13,52.71118640,1
1506019559,21992308,47.21,7.71452024,1
1506019550,21992295,47.21,2.08547976,1
1506019550,21992294,47.21,0.20000000,1
1506019540,21992276,47.24,21.27659600,1
1506019529,21992259,47.34,5.94275454,1
1506019529,21992258,47.40,0.00000010,1
1506019515,21992178,47.40,1.14045600,1
1506019500,21992156,47.40,7.04862390,1
1506019500,21992155,47.50,0.01835010,1
1506019473,21992099,47.47,0.00000026,0
1506019473,21992098,47.46,26.21764964,0
1506019443,21992070,47.40,0.81092000,1
1506019074,21991877,47.47,27.64376600,0
1506018978,21991817,47.49,0.04120000,0
1506018978,21991816,47.48,58.82000000,0
1506018965,21991783,47.30,22.42417991,0
1506018965,21991781,47.30,0.50000000,1
1506018964,21991780,47.32,0.77161314,1
1506018964,21991779,47.34,100.00000000,1
1506018964,21991777,47.36,24.73965371,1
1506018782,21991656,47.50,9.59242105,0
1506018645,21991514,47.50,2.00000000,0
1506018634,21991499,47.50,221.00000000,0
1506018631,21991492,47.50,1.10315789,0
1506018628,21991481,47.50,7.77976800,0
1506018615,21991468,47.55,1.00000000,1
1506018615,21991467,47.55,1.00000000,1
1506018615,21991466,47.57,78.77171830,1
1506018615,21991465,47.57,57.62682699,1
1506018600,21991443,47.72,4.18063705,0
1506018552,21991389,47.57,9.20000000,1
1506018452,21991245,47.69,18.19000000,0
1506018452,21991244,47.68,11.81000000,0
1506018292,21991045,47.78,3.78949571,0
1506018200,21990992,47.57,0.30000000,0
1506018110,21990933,47.74,3.25094260,0
1506018057,21990919,47.72,54.22000000,1
1506018033,21990913,47.75,16.82000000,1
1506018024,21990909,47.80,39.80000000,1
1506018023,21990908,47.76,0.20000000,0
1506018010,21990897,47.75,5.18000000,1
1506017995,21990887,47.73,0.20000000,0
1506017984,21990832,47.72,15.03000000,0
1506017964,21990800,47.72,0.50000000,0
1506017861,21990708,47.56,8.92029400,0
1506017860,21990706,47.55,0.50768865,0
1506017859,21990704,47.55,16.00000000,0
1506017826,21990666,47.47,11.64000000,1
1506017762,21990563,47.58,5.43295502,0
1506017553,21990369,47.49,9.20088440,0
1506017376,21990280,47.18,9.12000000,1
1506017337,21990238,47.12,5.95615754,1
1506017311,21990218,47.36,0.00027503,1
1506017255,21990164,47.36,15.17142230,1
1506017245,21990149,47.36,21.01896813,1
1506017236,21990128,47.35,81.05530000,1
1506017232,21990120,47.35,34.99064000,1
1506017227,21990113,47.35,59.90000000,1
1506017223,21990106,47.35,15.75149300,1
1506017189,21989999,47.44,3.48000000,1
1506017189,21989998,47.47,17.38000000,1
1506017177,21989984,47.44,3.93000000,1
1506017177,21989983,47.46,30.00000000,1
1506017177,21989982,47.47,19.62000000,1
1506017141,21989957,47.47,5.95643257,1
1506017140,21989956,47.48,34.04356743,1
1506017135,21989950,47.74,1.32635000,0
1506017051,21989903,47.67,1.36815000,0
1506016829,21989764,47.74,3.50847707,0
1506016694,21989691,47.66,17.02138557,1
1506016662,21989684,47.75,6.84115000,1
1506016647,21989670,47.73,6.84116000,1
1506016640,21989666,47.74,7.57513000,1
1506016592,21989625,47.59,5.19820000,1
1506016582,21989610,47.66,5.20231000,1
1506016504,21989532,47.93,46.94873300,1
1506016504,21989531,47.93,3.05126700,0
1506016471,21989494,47.99,16.12581996,0
1506016471,21989493,47.99,5.81000000,1
1506016471,21989492,47.98,32.27000000,1
1506016469,21989489,47.87,50.00000000,0
1506016466,21989444,47.88,18.53250000,1
1506016446,21989414,47.80,12.39785700,1
1506016443,21989402,47.80,15.42536500,1
1506016440,21989399,47.80,7.47145100,1
1506016440,21989396,47.80,4.89203405,1
1506016436,21989389,47.80,15.53000000,1
1506016435,21989386,47.80,15.53000000,1
1506016435,21989384,47.80,5.18039000,1
1506016434,21989383,47.80,1.13615200,1
1506016430,21989374,47.80,6.61569200,1
1506016429,21989368,47.80,19.06365500,1
1506016427,21989360,47.80,49.43633500,1
1506016426,21989358,47.80,6.36194000,1
1506016423,21989353,47.80,1.08559100,1
1506016422,21989350,47.80,120.00000000,0
1506016422,21989349,47.76,8.50000000,0
1506016406,21989323,47.47,40.00000000,1
1506016385,21989290,47.59,9.11767178,0
1506016380,21989285,47.51,47.98000000,0
1506016349,21989257,47.35,0.00544394,0
1506016340,21989240,47.40,7.77869606,1
1506016211,21989121,47.40,102.77186026,1
1506016209,21989120,47.41,1.05042942,1
1506015830,21988862,47.32,6.36531900,1
1506015811,21988849,47.31,79.52186026,1
1506015809,21988848,47.25,10.97000000,0
1506015808,21988847,47.10,2.24879100,1
1506015766,21988790,47.17,12.28000000,0
1506015735,21988768,47.09,5.00127415,0
1506015716,21988733,47.00,66.61252069,0
1506015716,21988732,46.98,64.23061279,0
1506015715,21988726,46.98,0.21097046,0
1506015715,21988725,46.98,17.64531400,0
1506015712,21988713,46.82,15.75600000,0
1506015712,21988712,46.82,3.00000000,1
1506015712,21988709,46.85,2.82000000,1
1506015711,21988707,46.85,14.12000000,1
1506015711,21988703,46.86,161.17400000,0
1506015711,21988700,46.98,2.73000000,1
1506015709,21988680,46.99,16.51900000,0
1506015707,21988645,47.00,3.00000000,1
1506015707,21988642,47.00,120.00000000,1
1506015707,21988640,47.00,25.00000000,1
1506015707,21988639,47.00,5.00000000,1
1506015706,21988638,47.00,1.00000000,1
1506015706,21988636,47.00,0.50000000,1
1506015706,21988634,47.01,1.00000000,1
1506015706,21988633,47.02,3.00000000,1
1506015706,21988632,47.02,14.00552956,1
1506015706,21988631,47.04,100.00000000,1
1506015706,21988629,47.05,63.45000000,1
1506015706,21988627,47.06,46.70986000,1
1506015672,21988566,47.19,46.70986000,0
1506015667,21988528,47.20,13.60816500,0
1506015666,21988520,47.20,15.83000000,0
1506015664,21988505,47.20,82.73183200,0
1506015663,21988494,47.20,9.79031670,0
1506015660,21988471,47.22,3.00000000,1
1506015660,21988469,47.22,3.00000000,1
1506015660,21988466,47.25,173.25800000,1
1506015660,21988464,47.26,73.98778240,1
1506015635,21988386,47.43,53.68988740,0
1506015630,21988381,47.42,3.00000000,1
1506015604,21988323,47.50,2.00000000,1
1506015600,21988314,47.55,4.00000000,1
1506015506,21988243,47.60,3.03359427,0
1506015501,21988241,47.60,9.30297975,0
1506015501,21988240,47.59,1.67000000,0
1506015488,21988226,47.60,2.34114189,0
1506015488,21988225,47.59,1.98000000,0
1506015465,21988202,47.59,0.35169302,0
1506015465,21988201,47.58,5.66000000,0
1506015450,21988190,47.59,56.87901800,0
1506015446,21988185,47.60,55.55909705,0
1506015446,21988184,47.59,2.42000000,0
1506015444,21988182,47.58,0.20000000,0
1506015427,21988179,47.60,19.37500000,0
1506015427,21988178,47.60,46.69738343,0
1506015425,21988176,47.60,8.50171362,0
1506015425,21988175,47.59,2.88000000,0
1506015404,21988157,47.60,54.54373161,0
1506015404,21988155,47.59,3.42000000,0
1506015401,21988152,47.60,302.00000000,0
1506015397,21988147,47.59,4.06000000,0
1506015385,21988119,47.60,0.18760000,0
1506015385,21988117,47.60,11.74190000,0
1506015384,21988116,47.60,284.00000000,0
1506015381,21988111,47.60,273.42971617,0
1506015380,21988110,47.59,3.57028383,0
1506015377,21988103,47.59,1.25971617,0
1506015377,21988102,47.56,3.74028383,0
1506015353,21988080,47.60,16.44730000,0
1506015353,21988079,47.59,5.73000000,0
1506015329,21988062,47.56,13.24095000,0
1506015310,21988047,47.60,5.29095000,0
1506015310,21988046,47.59,7.95000000,0
1506015310,21988045,47.56,7.43905000,0
1506015287,21988029,47.56,2.00000000,1
1506015270,21988015,47.59,9.45000000,1
1506015264,21988007,47.59,11.23000000,0
1506015264,21988006,47.56,13.20357898,0
1506015250,21987995,47.59,0.00526465,0
1506015250,21987994,47.58,7.52238535,0
1506015241,21987985,47.59,1.04811935,0
1506015237,21987983,47.59,11.73600000,0
1506015227,21987978,47.59,42.42909705,0
1506015225,21987977,47.60,6.77390000,0
1506015217,21987952,47.59,15.75000000,1
1506015216,21987949,47.60,16.76638655,0
1506015215,21987948,47.60,16.25000000,0
1506015213,21987946,47.60,164.57090000,0
1506015213,21987945,47.59,5.48810000,0
1506015208,21987943,47.59,13.22190000,0
1506015199,21987941,47.60,2.79730000,0
1506015198,21987940,47.59,24.03630000,0
1506015196,21987936,47.63,33.20310000,1
1506015195,21987935,47.63,0.71351691,1
1506015195,21987934,47.64,73.98778240,1
1506015156,21987911,47.76,0.00919418,0
1506015156,21987910,47.75,13.17860582,0
1506015064,21987790,47.60,4.00000000,1
1506015063,21987788,47.80,0.00000002,1
1506015060,21987782,47.80,10.64103700,1
1506015060,21987781,47.80,5.59414300,1
1506015060,21987780,47.80,12.55230100,1
1506015050,21987777,47.79,1.21251898,0
1506015047,21987776,47.74,8.71509418,1
1506015046,21987775,47.74,19.26000000,1
1506015046,21987774,47.80,62.74000000,1
1506014939,21987649,47.72,2.53576331,0
1506014937,21987645,47.79,1.00451128,1
1506014937,21987644,48.00,36.45972541,1
1506014922,21987580,48.01,19.30523125,0
1506014920,21987579,48.01,33.54832200,0
1506014916,21987578,48.01,7.12830000,1
1506014909,21987575,48.00,269.00000000,1
1506014904,21987567,48.07,29.16620000,0
1506014903,21987566,48.07,7.09395000,0
1506014902,21987564,48.07,2.58444325,0
1506014902,21987563,48.01,0.01814675,0
1506014900,21987562,48.01,1.07837000,0
1506014899,21987560,48.01,6.04993000,0
1506014884,21987553,48.19,45.40139957,1
1506014882,21987552,48.11,0.00000043,0
1506014882,21987551,48.11,59.99957900,0
1506014878,21987545,48.00,164.22813974,1
1506014878,21987544,48.01,4.05000000,1
1506014878,21987543,48.09,79.52186026,1
1506014878,21987542,48.11,20.20000000,1
1506014876,21987537,48.12,14.76540000,1
1506014807,21987467,48.39,66.46846517,1
1506014805,21987464,48.39,73.98778240,1
1506014805,21987463,48.39,17.67000000,0
1506014805,21987462,48.34,48.23000000,0
1506014560,21987251,48.01,6.69553131,1
1506014560,21987250,48.01,3.70446498,1
1506014560,21987249,48.01,17.54400371,1
1506014448,21987155,48.06,15.83760358,0
1506014445,21987151,48.06,44.16197585,1
1506014396,21987113,48.15,1.00000000,1
1506014360,21987100,48.33,20.63508482,0
1506014304,21987055,48.27,6.85323244,1
1506014301,21987053,48.27,6.83927900,1
1506014190,21986955,48.24,14.86533576,1
1506014158,21986925,48.01,18.90153880,1
1506014158,21986923,48.01,3.70446498,1
1506014158,21986921,48.01,9.17243039,1
1506014158,21986917,48.23,23.52689103,0
1506014158,21986916,48.20,5.48449436,0
1506014150,21986910,48.23,1.00999461,0
1506014150,21986909,48.20,1.51000000,1
1506014146,21986905,48.23,9.97862000,0
1506014140,21986897,48.20,33.49000000,1
1506014136,21986892,48.01,1.25000000,1
1506014129,21986881,48.16,35.23000000,1
1506014129,21986879,48.17,2.99000000,0
1506014125,21986876,48.13,4.77000000,0
1506014115,21986866,48.15,3.31484943,0
1506014109,21986853,48.27,5.98259768,0
1506014109,21986852,48.22,5.68130792,0
1506014108,21986851,48.20,0.55731000,0
1506014095,21986841,48.02,13.24161912,1
1506014071,21986816,48.21,3.02775000,0
1506014069,21986810,48.01,0.00043704,0
1506014069,21986809,48.01,12.00914239,0
1506014067,21986806,48.01,32.46000000,1
1506014066,21986804,48.04,15.53000000,1
1506014042,21986762,48.36,1.15943000,0
1506014032,21986750,48.37,15.53000000,1
1506014031,21986747,48.37,15.53000000,1
1506014024,21986735,48.37,15.53000000,1
1506014019,21986723,48.38,18.34000000,0
1506014017,21986712,48.37,15.53000000,1
1506014014,21986696,48.00,30.31213485,1
1506014014,21986695,48.05,5.64000000,1
1506014009,21986674,48.17,23.94706672,0
1506014007,21986668,48.17,5.54000000,1
1506014007,21986667,48.17,27.74000000,1
1506014007,21986666,48.20,2.77251271,1
1506013994,21986645,48.20,0.00000415,0
1506013994,21986644,48.20,4.02488000,0
1506013992,21986643,48.24,24.50300000,1
1506013992,21986641,48.37,0.98576210,1
1506013992,21986640,48.37,0.98394861,1
1506013969,21986584,48.60,2.74557000,1
1506013964,21986551,48.74,2.82000000,1
1506013964,21986544,48.69,7.18000000,0
1506013964,21986538,48.37,32.08522893,0
1506013963,21986537,48.37,1.22193000,0
1506013960,21986518,48.37,0.99028246,0
1506013954,21986485,48.37,0.49000000,0
1506013953,21986482,48.37,25.21255861,1
1506013885,21986387,48.57,8.97000000,1
1506013877,21986372,48.57,39.84839705,0
1506013876,21986370,48.56,47.78335096,1
1506013872,21986366,48.74,2.11990000,0
1506013863,21986352,48.73,3.74595436,0
1506013862,21986348,48.73,8.47069468,1
1506013860,21986346,48.74,34.41000000,1
1506013851,21986332,48.79,0.15160295,1
1506013843,21986317,48.79,21.06930000,1
1506013842,21986308,48.79,12.27909705,1
1506013831,21986289,48.95,44.28349795,1
1506013808,21986232,48.97,40.00000000,0
1506013800,21986217,48.95,16.30581358,1
1506013779,21986178,49.06,0.00000025,1
1506013779,21986177,49.06,34.01689700,1
1506013777,21986175,49.05,0.43000000,0
1506013777,21986174,49.00,5.55310275,0
1506013770,21986160,48.96,8.96446078,0
1506013717,21986015,49.00,35.67851322,0
1506013717,21986014,49.00,40.00000000,0
1506013717,21986013,49.00,18.76838403,0
1506013717,21986012,49.00,5.00000000,0
1506013717,21986011,48.99,134.00000000,0
1506013717,21986010,48.95,146.00000000,0
1506013717,21986009,48.92,3.00000000,0
1506013717,21986008,48.86,116.94310275,0
1506013716,21986007,48.84,0.61000000,0
1506013711,21985996,48.77,40.00000000,0
1506013688,21985957,48.70,6.18424000,1
1506013645,21985905,48.84,29.97709286,1
1506013644,21985900,48.85,1.10276356,0
1506013638,21985882,48.86,31.05689725,0
1506013638,21985881,48.85,50.00000000,1
1506013638,21985880,48.85,0.73000000,0
1506013634,21985872,48.55,5.61910600,1
1506013634,21985871,48.76,9.73029400,1
1506013634,21985869,48.72,3.00000000,0
1506013622,21985811,48.70,2.27377614,0
1506013622,21985808,48.70,0.84580100,0
1506013622,21985807,48.66,0.69607300,0
1506013621,21985804,48.66,0.16392700,0
1506013614,21985783,48.70,0.30718686,0
1506013609,21985769,48.67,4.78333000,1
1506013606,21985757,48.67,1.26000000,1
1506013600,21985733,48.64,9.05424000,1
1506013600,21985732,48.70,19.93800000,1
1506013600,21985731,48.70,3.04900000,1
1506013598,21985729,48.66,1.55000000,0
1506013598,21985728,48.64,25.46300000,0
1506013595,21985718,48.43,5.63237900,1
1506013587,21985709,48.63,19.93800000,0
1506013577,21985680,48.57,7.05941622,0
1506013576,21985678,48.57,4.68220778,0
1506013576,21985675,48.60,3.19157600,1
1506013576,21985674,48.59,2.74000000,0
1506013576,21985672,48.57,2.33575500,0
1506013564,21985631,48.40,19.93800000,1
1506013556,21985612,48.66,31.88213485,0
1506013556,21985611,48.65,0.68000000,0
1506013556,21985610,48.65,3.39000000,0
1506013542,21985591,48.35,5.23000000,0
1506013542,21985590,48.28,14.83200000,0
1506013418,21985376,48.21,1.48981090,0
1506013264,21985213,48.28,14.95445035,0
1506013165,21985128,48.17,2.25794000,1
1506013082,21984977,48.26,7.75901368,0
1506013014,21984882,48.27,1.48981090,0
1506012988,21984828,48.28,41.32580779,0
1506012899,21984723,48.05,8.02411000,0
1506012897,21984718,48.05,5.89000000,0
1506012896,21984717,48.05,0.00000577,0
1506012894,21984709,48.05,9.09999423,0
1506012893,21984707,48.05,0.54030177,0
1506012893,21984705,48.00,1.27795595,1
1506012885,21984686,48.05,5.88969823,0
1506012882,21984678,48.05,9.10555952,0
1506012878,21984668,48.05,5.68444048,0
1506012878,21984666,48.05,0.74677700,0
1506012876,21984661,48.05,14.78322300,0
1506012858,21984632,47.97,33.08850000,1
1506012809,21984590,47.91,6.75507246,1
1506012795,21984575,48.05,1.24557752,0
1506012774,21984544,47.75,50.00000000,0
1506012754,21984500,47.74,12.97000000,0
1506012745,21984484,47.55,8.49000900,1
1506012736,21984444,47.53,1.84299316,0
1506012688,21984335,47.62,21.64397906,0
1506012686,21984332,47.75,8.35602094,1
1506012685,21984320,47.75,50.00000000,1
1506012674,21984274,47.85,4.28518807,1
1506012673,21984272,47.85,7.16300000,1
1506012672,21984266,47.85,0.83700000,1
1506012672,21984265,47.85,7.16300000,1
1506012664,21984251,47.82,20.55098075,0
1506012663,21984247,47.82,3.00000000,0
1506012647,21984212,47.87,9.87221760,0
1506012647,21984211,47.86,30.12778240,0
1506012634,21984172,47.88,0.73168905,1
1506012633,21984168,47.89,1.20000000,0
1506012622,21984135,47.88,38.80000000,0
1506012622,21984134,47.80,1.20000000,0
1506012620,21984126,47.79,38.25831095,1
1506012565,21984006,47.59,0.75707544,1
1506012565,21984005,47.59,17.64000000,1
1506012522,21983872,47.79,1.01000000,0
1506012381,21983691,47.44,40.00000000,0
1506012378,21983682,47.43,40.00000000,1
1506012362,21983663,47.57,0.00000003,1
1506012361,21983662,47.57,19.39869600,1
1506012358,21983660,47.57,16.92000000,0
1506012358,21983659,47.56,5.69569833,0
1506012340,21983634,47.35,0.16729153,1
1506012327,21983601,47.61,4.05000000,0
1506012315,21983587,47.41,35.95000000,1
1506012310,21983565,47.41,10.09955510,1
1506012302,21983533,47.35,86.97954495,1
1506012287,21983527,47.43,16.92000000,0
1506012279,21983523,47.18,34.49336000,1
1506012279,21983522,47.20,5.50664000,1
1506012267,21983509,47.40,23.02390000,0
1506012221,21983414,47.20,1.42613000,1
1506012177,21983332,47.20,8.06723000,1
1506012177,21983331,47.21,31.93277000,1
1506012169,21983322,47.21,1.77573000,1
1506012152,21983302,47.20,40.00000000,1
1506012121,21983264,47.13,6.71556800,1
1506012111,21983246,47.13,6.91378991,1
1506012111,21983245,47.14,12.09634209,1
1506012111,21983244,47.25,13.43357293,1
1506012104,21983239,47.40,5.00000000,0
1506012104,21983236,47.25,0.84072707,1
1506012104,21983235,47.26,6.71556800,1
1506012023,21983145,47.38,1.00000000,0
1506011990,21983063,47.33,7.94442700,0
1506011949,21982961,47.11,4.63704685,0
1506011948,21982959,47.11,15.00000000,0
1506011946,21982958,47.14,0.94551570,0
1506011946,21982955,47.14,15.53000000,0
1506011938,21982943,47.33,5.00000000,0
1506011936,21982936,47.14,20.36295315,1
1506011933,21982932,47.14,25.52626433,0
1506011933,21982931,47.14,8.91000000,1
1506011920,21982906,47.11,18.54312589,1
1506011912,21982889,47.05,7.79470000,1
1506011911,21982888,47.05,0.20530000,1
1506011899,21982832,47.10,14.48165327,1
1506011899,21982830,47.18,10.00000000,1
1506011899,21982828,47.22,1.87000000,1
1506011899,21982827,47.22,13.64834673,1
1506011889,21982808,47.22,1.88165327,1
1506011889,21982807,47.22,3.00000000,1
1506011889,21982806,47.24,0.46994073,1
1506011861,21982771,47.29,0.10103934,1
1506011861,21982770,47.37,39.89896066,1
1506011854,21982743,47.37,21.58159600,1
1506011845,21982711,47.37,38.51944334,1
1506011843,21982703,47.38,1.48055666,1
1506011832,21982681,47.37,50.00000000,1
1506011822,21982662,47.38,33.30430167,0
1506011822,21982661,47.52,1.00000000,1
1506011822,21982659,47.53,5.69569833,1
1506011811,21982622,47.61,23.02390000,0
1506011795,21982564,47.66,40.00000000,0
1506011649,21982222,47.90,0.88120042,0
1506011638,21982177,47.83,1.00000000,0
1506011638,21982175,47.80,7.64213653,1
1506011637,21982173,47.80,4.86884500,1
1506011630,21982151,47.76,4.81450358,1
1506011630,21982150,47.76,25.77074642,1
1506011624,21982140,47.74,19.37912300,0
1506011622,21982132,47.70,21.79331447,1
1506011602,21981992,47.54,5.69570400,0
1506011601,21981978,47.54,12.33429600,0
1506011573,21981823,47.31,16.08219071,0
1506011573,21981813,47.31,1.10293200,0
1506011572,21981810,47.31,5.11066028,0
1506011565,21981748,47.30,41.12130000,1
1506011563,21981727,47.42,3.00000000,1
1506011563,21981725,47.42,0.20370000,1
1506011558,21981684,47.43,0.14376000,1
1506011546,21981599,47.43,8.61040214,1
1506011545,21981598,47.43,8.95005487,1
1506011528,21981567,47.59,20.78300000,1
1506011520,21981538,47.43,8.94999500,0
1506011517,21981535,47.50,9.30630873,0
1506011512,21981517,47.50,8.94999976,0
1506011511,21981513,47.50,81.74369151,1
1506011510,21981510,47.50,22.84754891,1
1506011510,21981509,47.50,0.50000000,1
1506011508,21981501,47.51,6.08584661,1
1506011507,21981498,47.51,88.62950339,1
1506011507,21981497,47.52,5.28423537,1
1506011506,21981496,47.58,15.53000000,0
1506011505,21981495,47.62,6.99000000,1
1506011505,21981494,47.62,8.53000500,1
1506011502,21981491,47.60,6.99999500,0
1506011500,21981481,47.51,5.28465000,1
1506011498,21981476,47.60,50.00000000,1
1506011498,21981474,47.62,3.00000000,1
1506011490,21981454,47.66,2.90515400,0
1506011488,21981450,47.66,0.23998000,0
1506011480,21981415,47.74,19.08319500,0
1506011476,21981408,47.74,40.91680000,1
1506011467,21981391,47.74,40.00000000,1
1506011467,21981390,47.74,19.08320000,1
1506011467,21981389,47.80,0.17680000,1
1506011467,21981388,47.81,20.74000000,1
1506011456,21981374,47.81,9.26000000,1
1506011452,21981359,47.94,17.91671087,1
1506011450,21981353,47.95,0.15000000,0
1506011450,21981351,47.82,13.80030593,0
1506011450,21981350,47.82,4.98191653,0
1506011448,21981344,47.82,3.00000000,1
1506011448,21981343,47.95,38.21777754,1
1506011430,21981329,47.87,36.64469097,0
1506011419,21981306,47.86,0.00001824,0
1506011416,21981294,47.86,9.79925902,0
1506011413,21981289,47.96,0.46288574,1
1506011407,21981282,48.00,200.00000000,1
1506011407,21981281,48.00,41.23161597,1
1506011402,21981274,48.00,40.00000000,1
1506011402,21981273,48.00,18.76838403,1
1506011401,21981271,48.00,10.00000000,1
1506011401,21981270,48.00,2.50000000,1
1506011401,21981269,48.00,5.00000000,1
1506011401,21981268,48.00,3.73161597,1
1506011390,21981251,48.13,9.94204706,1
1506011386,21981244,48.00,0.15000000,1
1506011385,21981241,48.01,40.00000000,0
1506011384,21981239,48.00,1.11838403,1
1506011384,21981237,48.00,0.00000035,1
1506011384,21981236,48.00,0.99999965,1
1506011384,21981235,48.00,50.00000000,1
1506011384,21981234,48.00,10.00000000,1
1506011384,21981233,48.00,37.88161597,1
1506011378,21981217,48.00,15.53000000,1
1506011377,21981214,48.00,15.53000000,1
1506011376,21981211,48.00,15.53000000,1
1506011376,21981209,48.00,3.37000000,1
1506011375,21981206,48.00,12.15838403,1
1506011375,21981205,48.00,0.50000000,1
1506011375,21981204,48.00,2.87161597,1
1506011364,21981192,48.00,0.15000000,1
1506011164,21980921,48.15,4.97053000,0
1506011164,21980919,48.10,9.10000000,1
1506010989,21980632,48.15,4.40128570,1
1506010898,21980462,48.26,1.54455333,1
1506010890,21980430,48.28,86.07600000,1
1506010890,21980428,48.29,51.02000000,1
1506010863,21980363,48.33,7.40580000,1
1506010841,21980308,48.26,16.10429577,1
1506010803,21980216,48.20,0.78676533,0
1506010793,21980190,48.32,2.39306000,0
1506010788,21980181,48.40,51.17306867,1
1506010786,21980180,48.40,6.21926305,1
1506010785,21980179,48.40,40.00000000,1
1506010783,21980177,48.40,2.60766828,1
1506010783,21980176,48.40,0.54641272,1
1506010729,21980107,48.49,2.67506547,0
1506010729,21980106,48.49,6.63540000,0
1506010728,21980105,48.49,6.63540000,0
1506010728,21980104,48.49,6.63151291,0
1506010728,21980103,48.48,140.00000000,0
1506010728,21980102,48.43,124.00000000,0
1506010728,21980100,48.43,15.37000000,0
1506010728,21980098,48.38,142.00000000,0
1506010728,21980096,48.34,6.22932642,0
1506010728,21980095,48.34,0.41528843,0
1506010710,21980059,48.38,58.17909705,0
1506010687,21980020,48.15,24.25715742,0
1506010686,21980016,48.15,37.47430000,0
1506010682,21980006,48.15,62.36000000,0
1506010682,21980005,48.16,1.78000000,1
1506010682,21980004,48.16,8.91000000,1
1506010682,21980003,48.25,9.31019874,1
1506010682,21980002,48.25,6.92056144,1
1506010682,21980001,48.29,73.98778240,1
1506010663,21979950,48.49,0.00388709,0
1506010663,21979949,48.37,5.55243291,0
1506010649,21979895,48.52,0.03317713,1
1506010648,21979892,48.52,6.60224839,1
1506010647,21979882,48.52,56.62776870,1
1506010646,21979877,48.46,28.30197000,0
1506010622,21979803,48.50,17.36001370,0
1506010603,21979747,48.25,22.63998630,0
1506010600,21979737,48.25,19.64373100,0
1506010599,21979733,48.25,9.31019800,0
1506010597,21979729,48.25,9.31025906,0
1506010596,21979722,48.25,6.92062176,0
1506010595,21979721,48.25,2.72890000,0
1506010594,21979718,48.25,8.01400000,0
1506010589,21979713,48.25,1.00859542,0
1506010589,21979712,48.25,1.07693458,0
1506010575,21979685,48.25,1.51107000,0
1506010568,21979668,48.25,2.29659000,0
1506010554,21979615,48.25,10.16217056,0
1506010554,21979614,48.24,62.39000000,0
1506010553,21979611,48.25,1.87161000,0
1506010544,21979587,48.25,1.36437000,0
1506010524,21979510,48.13,1.85627732,1
1506010524,21979508,48.13,3.78240000,1
1506010520,21979465,48.10,3.78236457,0
1506010519,21979456,48.10,4.97104943,0
1506010518,21979452,48.10,5.63867700,0
1506010516,21979437,48.10,5.16544100,0
1506010516,21979435,48.10,20.30370000,0
1506010514,21979418,48.11,5.15911265,0
1506010509,21979371,48.00,26.97838403,1
1506010509,21979370,48.00,2.00000000,1
1506010509,21979369,48.01,29.33000000,1
1506010509,21979368,48.01,1.00000000,1
1506010509,21979367,48.02,3.00000000,1
1506010509,21979365,48.10,16.97899235,1
1506010509,21979363,48.18,1.94120000,1
1506010506,21979348,48.25,17.59090000,0
1506010503,21979322,48.18,0.10336239,0
1506010500,21979307,48.18,14.13632695,0
1506010498,21979295,48.18,4.96252069,0
1506010494,21979274,48.25,14.12635486,0
1506010493,21979271,48.10,24.15100765,1
1506010493,21979269,48.13,0.67359235,1
1506010493,21979267,48.17,0.17540000,1
1506010482,21979216,48.18,10.00000000,0
1506010469,21979134,48.18,23.05621947,1
1506010469,21979130,48.22,3.00000000,1
1506010469,21979128,48.28,7.00000000,1
1506010468,21979116,48.42,3.00000000,1
1506010433,21978967,48.50,59.13876800,0
1506010423,21978936,48.50,10.30000000,1
1506010423,21978935,48.51,24.96494289,1
1506010404,21978883,48.65,1.77795000,0
1506010404,21978882,48.64,0.72280000,0
1506010400,21978873,48.64,15.10720000,0
1506010390,21978834,48.63,7.80765000,0
1506010380,21978773,48.56,2.55992000,0
1506010378,21978770,48.56,3.60010000,0
1506010372,21978735,48.63,1.42928000,1
1506010369,21978726,48.62,1.44091000,0
1506010369,21978725,48.52,0.47000000,0
1506010367,21978711,48.52,15.53000000,1
1506010342,21978618,48.62,58.27139951,1
1506010326,21978542,48.80,1.00000000,1
1506010326,21978540,48.80,9.04094300,1
1506010279,21978442,49.10,3.50000000,0
1506010279,21978439,49.10,2.10000000,1
1506010279,21978437,49.10,5.92358727,1
1506010279,21978436,49.10,3.99641273,1
1506010279,21978435,49.10,3.49553027,1
1506010263,21978413,49.10,2.10831000,1
1506010260,21978410,49.10,8.82616000,1
1506010205,21978356,49.18,1.01403009,0
1506010185,21978330,49.10,1.09999973,1
1506010185,21978328,49.10,0.00000027,1
1506010176,21978312,49.10,14.23815500,1
1506010163,21978295,49.10,1.29184473,0
1506010065,21978246,48.94,4.00555873,1
1506009966,21978170,49.12,0.64000000,1
1506009966,21978169,49.12,13.36000000,1
1506009965,21978168,49.11,2.17000000,0
1506009964,21978165,49.11,15.53000000,0
1506009901,21978033,49.12,0.59958029,0
1506009896,21978026,49.13,0.59958029,0
1506009839,21977922,49.29,40.00000000,0
1506009814,21977870,49.00,2.43110695,0
1506009813,21977868,49.03,12.56889305,1
1506009812,21977864,49.02,2.22000000,0
1506009812,21977863,49.00,0.74110695,0
1506009810,21977862,49.00,13.47567971,0
1506009808,21977859,49.14,6.18345000,1
1506009792,21977832,49.14,10.36774019,0
1506009792,21977831,49.14,14.84225981,0
1506009786,21977821,49.14,25.61654019,1
1506009783,21977815,49.14,2.95345981,1
1506009766,21977749,49.44,1.00869741,0
1506009754,21977710,49.42,1.96298943,0
1506009749,21977691,49.44,33.16894954,0
1506009746,21977690,49.43,19.86109085,0
1506009722,21977637,49.50,12.42839285,1
1506009720,21977623,49.59,2.16438326,0
1506009718,21977619,49.50,24.06595058,1
1506009718,21977618,49.50,14.00000000,1
1506009718,21977617,49.51,1.93404942,1
1506009715,21977606,49.50,4.00000000,1
1506009711,21977604,49.60,58.27139951,0
1506009708,21977600,49.50,28.21495041,1
1506009700,21977552,49.55,2.44404939,0
1506009697,21977543,49.50,31.78504959,1
1506009686,21977509,49.55,2.27615176,0
1506009685,21977506,49.55,3.26606000,0
1506009684,21977504,49.61,0.00000044,1
1506009683,21977503,49.66,1.44987040,1
1506009681,21977499,49.69,2.29653054,0
1506009676,21977480,49.73,0.75441167,0
1506009676,21977479,49.72,1.56000000,0
1506009675,21977470,49.73,2.21304383,0
1506009674,21977468,49.77,49.54651396,1
1506009674,21977467,49.76,5.64000000,1
1506009672,21977465,49.73,27.10810900,1
1506009671,21977456,49.61,0.40314409,1
1506009671,21977455,49.61,4.62357791,1
1506009667,21977442,49.75,25.66898854,0
1506009666,21977437,49.62,1.55894000,1
1506009653,21977406,49.61,1.42359000,1
1506009617,21977247,49.55,2.03562000,1
1506009572,21977153,49.69,22.60857315,1
1506009570,21977151,49.66,7.50758768,0
1506009568,21977147,49.66,1.66241232,0
1506009527,21977061,49.46,489.10000000,0
1506009527,21977060,49.41,10.90000000,0
1506009502,21977026,49.24,25.00000000,1
1506009480,21977008,49.20,40.00000000,0
1506009462,21976993,49.45,141.89342770,0
1506009460,21976986,49.39,60.00000000,0
1506009417,21976932,49.39,40.00000000,0
1506009343,21976838,49.13,0.08702000,1
1506009343,21976837,49.14,1.00000000,1
1506009242,21976716,49.43,27.16053206,1
1506009242,21976715,49.43,15.43000000,0
1506009242,21976711,49.29,3.39000000,0
1506009241,21976707,49.28,35.32907426,0
1506009199,21976649,49.11,13.14200000,1
1506009147,21976541,49.10,3.83232000,1
1506009146,21976540,49.11,1.89398000,1
1506009141,21976524,49.10,2.70886000,1
1506009140,21976522,49.10,1.82416000,1
1506009126,21976484,49.24,35.99542000,0
1506009108,21976462,49.18,4.00458000,1
1506009105,21976460,49.20,40.00000000,0
1506009095,21976449,49.19,2.39926814,1
1506009094,21976447,49.03,6.87000000,0
1506009083,21976439,48.91,2.82514000,1
1506009082,21976437,48.91,5.50511000,1
1506009064,21976418,49.11,16.25599267,1
1506009059,21976410,49.04,5.04054158,0
1506009059,21976409,49.04,14.97945842,0
1506009058,21976406,48.84,14.99992198,1
1506009057,21976402,48.84,15.29973567,0
1506009049,21976379,49.03,15.30000000,1
1506009049,21976378,48.96,4.12000000,0
1506009049,21976377,48.95,17.02281248,0
1506009046,21976367,48.95,3.55718752,0
1506009030,21976342,48.76,19.54100000,0
1506009022,21976332,48.82,37.88949252,0
1506009020,21976330,48.83,10.75184300,1
1506008977,21976246,48.89,10.00000000,1
1506008966,21976221,49.00,6.00948000,0
1506008961,21976200,48.90,24.55430675,0
1506008961,21976198,48.90,29.05201400,0
1506008961,21976197,48.90,16.86067925,0
1506008961,21976195,48.90,1.69765675,0
1506008946,21976153,48.88,15.53000000,1
1506008942,21976148,48.88,2.93052000,1
1506008938,21976143,48.88,15.53000000,0
1506008937,21976142,48.87,10.75184300,0
1506008916,21976125,48.89,1.02004500,0
1506008905,21976115,48.89,5.13856904,0
1506008905,21976114,48.87,2.58571548,0
1506008905,21976113,48.87,2.58571548,0
1506008905,21976112,48.84,15.53000000,0
1506008905,21976111,48.83,14.16000000,0
1506008833,21975990,48.86,33.12312501,1
1506008802,21975959,48.70,0.00181438,0
1506008789,21975931,48.87,2.58571562,1
1506008789,21975927,48.88,1.39250853,1
1506008787,21975916,48.88,2.58571548,1
1506008784,21975906,48.87,33.43606037,1
1506008689,21975714,48.77,10.00000000,0
1506008688,21975712,48.87,0.00003841,1
1506008686,21975705,48.87,10.77911255,1
1506008684,21975703,48.86,15.23000000,0
1506008668,21975680,48.86,0.30000000,0
1506008645,21975660,48.85,12.41725050,0
1506008639,21975646,48.85,7.95110543,1
1506008638,21975642,48.85,18.33974576,1
1506008636,21975640,48.71,3.94099536,0
1506008636,21975639,48.69,15.53000000,0
1506008631,21975633,48.71,5.45376600,0
1506008628,21975631,48.71,1.58259000,0
1506008627,21975629,48.71,3.94099500,0
1506008605,21975606,48.71,24.47000000,0
1506008605,21975605,48.70,4.94000000,0
1506008605,21975604,48.70,9.70010163,0
1506008604,21975603,48.70,0.88989837,0
1506008600,21975597,48.71,3.48890083,0
1506008600,21975596,48.70,1.57000000,0
1506008599,21975595,48.70,3.37000000,0
1506008599,21975594,48.70,10.59680150,0
1506008593,21975585,48.70,1.56541000,0
1506008585,21975582,48.70,3.36778850,1
1506008584,21975581,48.70,15.53000000,1
1506008584,21975580,48.71,40.00000000,0
1506008583,21975579,48.70,15.53000000,1
1506008580,21975577,48.70,45.14850304,1
1506008580,21975576,48.70,51.63889696,1
1506008568,21975571,48.71,17.12275281,1
1506008528,21975506,48.71,32.10050000,1
1506008493,21975403,48.70,14.96245400,1
1506008485,21975394,48.70,3.43966829,1
1506008485,21975393,48.71,3.61507771,1
1506008472,21975372,48.71,3.12582099,0
1506008466,21975357,48.70,15.15921500,1
1506008458,21975345,48.70,14.91576400,1
1506008457,21975344,48.70,34.88285441,1
1506008454,21975329,48.70,3.00000000,1
1506008445,21975322,48.70,18.99132460,1
1506008437,21975308,48.70,8.00000000,1
1506008433,21975302,48.71,29.88285441,0
1506008432,21975301,48.71,2.53768959,0
1506008430,21975294,48.71,0.20000000,0
1506008424,21975264,48.70,26.99132460,1
1506008422,21975258,48.70,14.54272086,1
1506008420,21975249,48.70,25.94272600,1
1506008415,21975232,48.70,1.57142000,1
1506008410,21975222,48.70,1.54501000,1
1506008407,21975219,48.70,38.40186182,1
1506008405,21975216,48.70,1.59813818,1
1506008403,21975210,48.70,3.11034400,1
1506008384,21975187,48.70,15.00000000,1
1506008383,21975184,48.70,245.00000000,1
1506008382,21975181,48.71,10.00000000,0
1506008379,21975179,48.70,10.00000000,1
1506008363,21975155,48.70,39.99918358,1
1506008347,21975133,48.71,1.52436000,0
1506008346,21975126,48.70,159.76678641,1
1506008340,21975118,48.71,1.49015000,0
1506008332,21975105,48.71,10.42608500,0
1506008329,21975104,48.71,15.75219959,0
1506008265,21975000,48.61,10.00000000,1
1506008262,21974995,48.61,10.00000000,1
1506008259,21974991,48.61,10.00000000,1
1506008258,21974986,48.83,10.98767000,1
1506008257,21974985,48.63,10.00000000,1
1506008254,21974984,48.62,10.00000000,1
1506008252,21974981,48.59,10.00000000,0
1506008249,21974978,48.60,10.00000000,1
1506008248,21974974,48.85,10.00000000,0
1506008246,21974972,48.60,10.00000000,1
1506008243,21974963,48.60,1.31000000,1
1506008243,21974962,48.61,8.69000000,1
1506008240,21974954,48.63,10.00000000,1
1506008234,21974948,48.88,8.32717075,0
1506008233,21974947,48.66,10.00000000,0
1506008233,21974946,48.66,10.00000000,0
1506008233,21974945,48.66,8.48188650,0
1506008216,21974928,48.71,1.51811350,1
1506008214,21974924,48.71,14.28830000,1
1506008213,21974921,48.86,10.00000000,1
1506008212,21974918,48.89,46.11781581,0
1506008212,21974917,48.89,33.05645295,1
1506008212,21974916,48.88,3.27000000,0
1506008212,21974915,48.88,16.34000000,0
1506008207,21974908,48.71,0.97991800,0
1506008206,21974906,48.71,9.02008200,0
1506008206,21974904,48.71,10.00000000,0
1506008203,21974900,48.70,2.10438000,0
1506008202,21974899,48.65,3.67580000,0
1506008197,21974893,48.65,1.32420000,0
1506008183,21974864,48.66,5.00000000,1
1506008181,21974860,48.73,0.27015880,0
1506008181,21974858,48.66,10.00000000,1
1506008179,21974849,48.52,102.49369071,1
1506008178,21974848,48.52,16.88000000,1
1506008178,21974846,48.64,5.20430000,1
1506008178,21974844,48.71,43.82200929,1
1506008177,21974841,48.66,10.00000000,1
1506008176,21974836,48.75,0.07609950,0
1506008176,21974835,48.72,3.92390050,0
1506008174,21974827,48.68,10.00000000,1
1506008168,21974795,48.72,6.07609950,0
1506008167,21974794,48.68,16.10606450,0
1506008162,21974775,48.68,0.13393550,0
1506008162,21974770,48.63,0.86606450,0
1506008153,21974738,48.63,4.33820100,0
1506008152,21974734,48.51,10.00000000,0
1506008152,21974733,48.51,1.85073396,0
1506008151,21974731,48.51,8.14926604,0
1506008151,21974730,48.51,7.76109241,0
1506008148,21974714,48.51,1.00000000,0
1506008148,21974710,48.51,1.00000000,0
1506008147,21974707,48.51,12.15386200,0
1506008145,21974694,48.51,18.35040800,0
1506008145,21974691,48.51,15.00000000,0
1506008143,21974687,48.51,17.10000000,1
1506008139,21974677,48.51,6.46414126,1
1506008139,21974675,48.62,3.53585874,1
1506008131,21974647,48.50,205.88460222,0
1506008129,21974604,48.50,4.46453608,0
1506008127,21974575,48.50,12.65842200,0
1506008126,21974571,48.50,63.35027300,0
1506008126,21974570,48.50,15.53662900,0
1506008125,21974567,48.50,28.11092783,0
1506008123,21974558,48.50,28.10371134,0
1506008122,21974555,48.50,28.09628865,0
1506008121,21974548,48.50,103.32339800,0
1506008120,21974547,48.50,1.49448300,0
1506008119,21974546,48.50,24.79508200,0
1506008116,21974540,48.50,24.50193900,0
1506008113,21974538,48.50,5.05432428,0
1506008108,21974528,48.50,5.00000000,0
1506008104,21974508,48.49,21.55547071,0
1506008104,21974506,48.49,13.39000000,0
1506008086,21974481,48.50,3.22309200,0
1506008085,21974480,48.44,1.77690800,0
1506008082,21974472,48.44,12.84193200,0
1506008081,21974469,48.44,2.05116000,0
1506008074,21974463,48.50,35.93934804,0
1506008074,21974462,48.50,4.06065196,0
1506008073,21974461,48.43,35.84000000,0
1506008064,21974435,48.50,10.02506266,0
1506008062,21974426,48.50,4.96428538,1
1506008059,21974416,48.50,0.03571462,0
1506008059,21974415,48.50,3.96428538,1
1506008055,21974405,48.51,1.00000000,0
1506008045,21974362,48.50,16.03571462,1
1506008045,21974360,48.50,0.50000000,1
1506008045,21974359,48.53,0.40457168,1
1506008030,21974319,48.51,0.59542832,0
1506008028,21974308,48.51,62.40457168,1
1506008021,21974286,48.51,10.00000000,1
1506008018,21974274,48.51,19.59542832,1
1506008018,21974271,48.54,0.17410000,1
1506008016,21974262,48.62,3.00000000,1
1506008012,21974256,48.63,1.69765675,0
1506008010,21974252,48.63,3.09807775,1
1506008008,21974243,48.63,10.00000000,1
1506008005,21974234,48.63,36.93625108,1
1506008004,21974233,48.63,47.35786803,1
1506007999,21974223,48.63,2.60780314,1
1506007998,21974222,48.69,0.45594578,1
1506007993,21974217,48.71,2.00000000,1
1506007992,21974214,48.71,2.00000000,1
1506007985,21974177,48.82,0.80842127,1
1506007928,21974050,48.93,1.99769000,0
1506007923,21974030,48.94,10.19720000,1
1506007918,21974007,48.82,12.22087000,0
1506007917,21974004,48.82,1.05788000,0
1506007912,21973991,48.82,2.02243000,0
1506007894,21973960,48.75,16.81709000,1
1506007893,21973959,48.76,22.50600000,1
1506007893,21973958,48.82,0.67691000,1
1506007881,21973931,49.13,1.92444000,0
1506007880,21973928,49.15,1.92405000,0
1506007879,21973927,49.15,1.75489000,0
1506007874,21973908,48.82,19.42509000,1
1506007874,21973906,48.85,20.57491000,1
1506007873,21973899,49.15,1.48688000,0
1506007868,21973874,49.12,2.15953000,0
1506007851,21973847,49.24,16.75090000,1
1506007844,21973836,49.28,1.66728000,0
1506007819,21973816,48.86,65.00000000,1
1506007817,21973815,48.96,15.00000000,1
1506007809,21973802,48.90,5.12400000,1
1506007808,21973801,48.92,20.41000000,1
1506007808,21973800,48.93,15.00000000,1
1506007782,21973728,49.17,2.32705000,0
1506007757,21973632,48.99,14.06100000,1
1506007757,21973631,49.00,3.00000000,1
1506007756,21973630,49.01,22.93900000,1
1506007756,21973627,49.20,1.47580000,0
1506007745,21973604,49.18,1.66448000,0
1506007740,21973590,49.00,29.14567523,0
1506007739,21973588,49.00,23.65267800,0
1506007739,21973587,49.00,61.00000000,0
1506007738,21973583,49.00,4.00000000,0
1506007738,21973582,49.00,21.76765600,0
1506007738,21973581,48.99,26.26477700,0
1506007738,21973580,48.99,19.57666300,0
1506007738,21973579,48.99,8.80694400,0
1506007738,21973578,48.99,6.40161600,0
1506007733,21973573,49.00,61.05000000,0
1506007733,21973572,49.00,71.87104249,0
1506007733,21973571,49.00,18.00000000,1
1506007733,21973570,49.05,27.43600000,1
1506007733,21973569,49.20,17.55694894,1
1506007716,21973533,49.09,0.01933374,1
1506007716,21973531,49.20,27.68496626,1
1506007704,21973498,49.31,11.26210300,0
1506007701,21973490,49.10,19.22390000,1
1506007697,21973477,49.31,127.00000000,0
1506007697,21973476,49.30,25.63467200,0
1506007683,21973452,49.33,13.55849700,0
1506007683,21973450,49.27,26.14166200,0
1506007680,21973442,49.40,12.28805668,1
1506007679,21973441,49.38,12.40000000,0
1506007666,21973389,49.20,0.28122364,1
1506007666,21973388,49.20,6.91112400,1
1506007665,21973387,49.20,16.13151600,1
1506007665,21973385,49.20,1.52686336,1
1506007665,21973380,49.20,1.92275700,1
1506007664,21973376,49.20,1.75011900,1
1506007664,21973375,49.20,10.61701500,1
1506007663,21973369,49.20,3.51819400,1
1506007660,21973360,49.20,1.41612800,1
1506007660,21973359,49.20,5.92506000,1
1506007623,21973160,49.32,58.78069081,0
1506007622,21973158,49.22,116.00000000,0
1506007622,21973154,49.21,14.73000000,0
1506007622,21973149,49.20,0.80000000,0
1506007621,21973137,49.12,9.08000000,0
1506007621,21973135,49.12,0.60930919,0
1506007616,21973113,49.12,0.00008081,1
1506007615,21973111,49.12,14.64903200,1
1506007615,21973110,49.12,1.52686300,1
1506007613,21973096,49.12,15.63980100,1
1506007613,21973094,49.12,1.49755119,1
1506007612,21973089,49.12,20.66125500,1
1506007611,21973088,49.12,7.86831300,1
1506007609,21973072,49.12,1.50961600,1
1506007607,21973061,49.11,9.01285041,0
1506007601,21973013,49.12,14.10726009,1
1506007599,21972996,49.10,0.11673991,0
1506007597,21972984,49.10,47.88326009,1
1506007595,21972968,49.10,2.11673991,1
1506007591,21972950,49.00,30.98714959,1
1506007590,21972939,49.01,2.11673991,1
1506007587,21972914,49.05,9.01285041,1
1506007585,21972883,49.00,9.01285028,1
1506007584,21972877,49.00,12.35580276,1
1506007582,21972857,49.00,4.52011500,1
1506007579,21972839,49.00,18.72489776,1
1506007579,21972832,49.00,9.01285028,1
1506007579,21972828,49.00,5.24180410,1
1506007577,21972815,49.00,3.55234000,1
1506007574,21972781,49.00,22.61000000,1
1506007574,21972774,49.00,5.53534161,1
1506007574,21972771,49.00,9.01285028,1
1506007573,21972761,49.00,72.13111840,1
1506007573,21972759,49.00,9.01288060,1
1506007572,21972753,49.00,50.85000000,1
1506007569,21972736,48.91,21.93692100,1
1506007567,21972722,48.91,9.05022859,1
1506007565,21972703,48.73,9.01285000,1
1506007558,21972644,48.72,12.60008171,1
1506007558,21972642,48.90,16.94028630,0
1506007555,21972624,48.90,10.22494888,0
1506007548,21972549,48.71,0.68962202,0
1506007527,21972426,48.70,2.00000000,1
1506007519,21972380,48.70,9.08000000,1
1506007513,21972354,48.70,30.92000000,1
1506007499,21972272,48.70,30.92000000,1
1506007499,21972270,48.71,9.08000000,1
1506007481,21972128,48.89,2.99630000,1
1506007453,21972003,48.88,0.81000000,1
1506007451,21971986,49.02,2.07842500,0
1506007434,21971933,48.86,10.30000000,1
1506007405,21971782,48.86,0.81379682,1
1506007392,21971627,48.71,109.32811226,1
1506007392,21971620,48.79,17.14488774,1
1506007390,21971604,48.86,164.19500000,1
1506007390,21971603,48.86,35.33200000,1
1506007384,21971575,49.18,6.93047000,0
1506007384,21971573,49.01,3.36953000,0
1506007383,21971565,48.81,27.55000000,0
1506007381,21971554,48.80,165.07000000,1
1506007381,21971553,48.80,34.93000000,1
1506007380,21971550,49.01,7.75632300,0
1506007379,21971547,49.01,27.36128100,0
1506007379,21971546,49.00,1.85666400,0
1506007377,21971544,49.01,1.51286600,0
1506007377,21971542,48.79,102.85511226,1
1506007377,21971541,48.82,3.00000000,1
1506007377,21971540,48.82,17.41756800,0
1506007376,21971538,48.86,32.47100000,1
1506007376,21971537,48.90,3.00000000,1
1506007376,21971536,49.00,41.67831974,1
1506007374,21971521,49.02,99.57800000,1
1506007364,21971465,49.00,10.00000000,1
1506007363,21971436,49.00,152.45318100,1
1506007362,21971432,49.01,31.00881900,0
1506007361,21971427,49.01,21.53800000,1
1506007359,21971425,49.07,39.10437000,0
1506007352,21971390,49.00,75.00000000,1
1506007348,21971376,49.12,7.56680500,0
1506007317,21971216,49.20,19.74990000,0
1506007316,21971215,49.13,6.65469000,0
1506007315,21971208,49.20,3.59541500,0
1506007313,21971199,49.14,81.54000000,0
1506007313,21971198,49.14,2.00000000,0
1506007297,21971125,49.13,2.73000000,0
1506007295,21971115,49.19,2.73000000,1
1506007290,21971107,49.00,220.86849926,0
1506007289,21971106,49.01,9.54000000,1
1506007289,21971104,49.02,4.00000000,1
1506007289,21971102,49.04,163.30600000,1
1506007287,21971078,49.23,30.00000000,0
1506007265,21971022,49.03,8.07999877,1
1506007254,21970997,49.03,1.92041434,0
1506007254,21970995,49.10,29.30996487,1
1506007246,21970980,49.10,0.68962202,0
1506007239,21970966,49.16,6.64671846,1
1506007239,21970965,49.16,143.35328154,1
1506007236,21970958,49.37,7.12076300,0
1506007234,21970950,49.16,16.93171846,1
1506007182,21970752,49.20,3.84415605,1
1506007182,21970750,49.20,0.20040100,0
1506007181,21970747,49.21,8.13000000,1
1506007181,21970746,49.22,15.53000000,1
1506007181,21970745,49.22,15.69325758,0
1506007181,21970743,49.27,2.42353100,0
1506007181,21970742,49.27,22.77092100,0
1506007181,21970741,49.27,42.06225200,0
1506007180,21970740,49.27,15.10000000,0
1506007180,21970739,49.27,14.01861200,0
1506007180,21970738,49.27,50.71000000,0
1506007179,21970736,49.27,73.98778240,1
1506007178,21970735,49.49,3.37918746,1
1506007174,21970731,49.50,4.51333200,0
1506007172,21970724,49.50,15.16000000,0
1506007165,21970698,49.50,6.07533400,0
1506007165,21970695,49.49,11.33000000,1
1506007164,21970683,49.49,10.13081254,0
1506007152,21970654,49.48,15.16000000,1
1506007149,21970645,49.49,9.00181854,0
1506007144,21970630,49.48,46.72851793,0
1506007136,21970586,49.47,0.62013781,0
1506007135,21970583,49.47,0.19960080,0
1506007133,21970577,49.48,2.83909774,1
1506007132,21970570,49.50,13.67348229,0
1506007131,21970567,49.50,30.56800000,0
1506007131,21970565,49.49,91.00000000,0
1506007131,21970563,49.49,104.00000000,0
1506007130,21970560,49.47,4.09000000,0
1506007130,21970559,49.47,5.26411771,0
1506007128,21970551,49.47,8.98281200,0
1506007127,21970550,49.47,5.00000000,0
1506007127,21970549,49.47,0.60661820,0
1506007127,21970548,49.47,0.19960080,0
1506007125,21970546,49.48,0.19960080,1
1506007125,21970545,49.48,0.21725049,1
1506007125,21970543,49.48,40.38685136,0
1506007124,21970541,49.48,1.61724994,0
1506007124,21970539,49.48,27.67970310,0
1506007124,21970538,49.48,16.59730000,0
1506007118,21970526,49.48,12.31969400,0
1506007117,21970513,49.48,0.19960080,0
1506007116,21970512,49.48,0.19960080,0
1506007114,21970508,49.47,9.60999000,0
1506007114,21970506,49.45,2.00000000,0
1506007114,21970505,49.45,2.00000000,0
1506007111,21970483,48.91,11.50000000,1
1506007110,21970470,48.91,7.45947141,1
1506007109,21970469,48.92,0.17270000,1
1506007109,21970468,48.99,113.00000000,1
1506007109,21970467,49.00,302.28381265,1
1506007109,21970466,49.00,5.00000000,1
1506007108,21970465,49.00,5.00000000,1
1506007108,21970464,49.00,0.50000000,1
1506007108,21970462,49.00,107.00000000,0
1506007108,21970459,49.00,15.53000000,0
1506007108,21970455,49.01,15.00000000,1
1506007108,21970454,49.01,1.00000000,1
1506007108,21970453,49.01,5.10000000,1
1506007107,21970451,49.02,3.00000000,1
1506007107,21970449,49.03,0.00190697,1
1506007107,21970448,49.03,2.72401495,1
1506007107,21970445,49.03,1.63704723,1
1506007107,21970444,49.03,1.63703085,1
1506007106,21970442,49.07,100.00000000,1
1506007106,21970439,49.10,15.00000000,1
1506007106,21970436,49.14,113.00000000,1
1506007106,21970433,49.14,16.00100000,0
1506007105,21970429,49.15,20.00000000,1
1506007105,21970423,49.22,112.00000000,1
1506007105,21970422,49.22,14.22700000,0
1506007104,21970420,49.38,20.00000000,1
1506007104,21970419,49.38,0.40502228,1
1506007104,21970417,49.45,1.67619048,1
1506007104,21970416,49.47,1.64480318,1
1506007102,21970406,49.61,15.53000000,0
1506007099,21970389,49.64,0.92177277,1
1506007094,21970366,49.64,0.73947896,1
1506007091,21970338,49.64,2.49300600,0
1506007088,21970300,49.66,1.67160000,1
1506007087,21970299,49.66,1.67160000,1
1506007087,21970294,49.66,1.67160000,1
1506007086,21970293,49.67,1.67160000,1
1506007086,21970291,49.67,1.67156201,1
1506007085,21970284,49.45,0.00003799,0
1506007085,21970283,49.45,1.67160000,0
1506007083,21970280,49.39,38.17909705,1
1506007083,21970279,49.42,0.19801980,1
1506007083,21970278,49.42,1.62288315,1
1506007081,21970269,49.37,60.58000000,0
1506007081,21970267,49.11,58.14548102,1
1506007080,21970263,49.16,117.00000000,0
1506007080,21970261,49.16,11.50000000,0
1506007080,21970259,49.17,1.67163799,0
1506007080,21970257,49.17,6.07533414,0
1506007079,21970245,49.38,5.60754685,0
1506007078,21970238,49.11,0.90000000,1
1506007078,21970237,49.11,97.84399065,1
1506007078,21970235,49.11,208.35519411,1
1506007077,21970233,49.22,3.00000000,1
1506007077,21970231,49.23,100.00000000,0
1506007077,21970229,49.23,111.00000000,0
1506007077,21970228,49.29,0.17140000,1
1506007076,21970224,49.31,77.47340589,0
1506007076,21970222,49.31,28.52659411,0
1506007076,21970219,49.31,2.59000000,1
1506007076,21970214,49.40,7.28340589,1
1506007076,21970213,49.40,4.98000000,1
1506007075,21970207,49.40,97.73659411,1
1506007075,21970204,49.42,3.00000000,1
1506007074,21970202,49.43,0.44911997,1
1506007074,21970201,49.48,115.00000000,1
1506007073,21970198,49.50,0.50000000,1
1506007073,21970196,49.56,99.00000000,1
1506007073,21970194,49.62,3.00000000,1
1506007073,21970192,49.64,107.00000000,1
1506007072,21970188,49.66,0.17020000,1
1506007072,21970183,49.71,108.00000000,1
1506007072,21970179,49.80,10.00000000,1
1506007071,21970175,49.82,3.00000000,1
1506007071,21970174,49.88,10.00000000,1
1506007071,21970172,49.89,165.61600000,1
1506007070,21970170,50.00,10.00000000,1
1506007070,21970169,50.00,2.00000000,1
1506007070,21970168,50.00,5.00000000,1
1506007070,21970166,50.00,5.00000000,1
1506007070,21970165,50.00,2.00000000,1
1506007070,21970164,50.00,1.00000000,1
1506007070,21970163,50.00,18.29775876,1
1506007069,21970157,50.01,7.00000000,1
1506007069,21970156,50.01,3.26655818,1
1506007069,21970155,50.01,23.96376898,1
1506007067,21970148,50.01,3.00000000,1
1506007060,21970120,50.01,78.47095102,1
1506007060,21970110,50.01,8.56528000,1
1506007040,21969987,50.01,36.00000000,1
1506007040,21969986,50.01,1.00000000,1
1506007040,21969984,50.02,3.00000000,1
1506007039,21969982,50.02,10.00000000,1
1506006997,21969803,50.05,94.56919493,0
1506006994,21969799,50.05,12.97308041,1
1506006954,21969583,50.46,10.47642300,0
1506006954,21969581,50.45,39.52357700,0
1506006480,21968898,50.53,1.59845193,0
1506006262,21968677,50.64,1.62991461,0
1506006222,21968628,50.23,5.89253515,0
1506006222,21968627,50.23,0.40150968,0
1506006214,21968601,50.29,3.01000000,0
1506006167,21968463,50.12,15.13828683,1
1506006167,21968461,50.22,3.00000000,1
1506006167,21968460,50.22,0.04269772,1
1506006167,21968459,50.22,0.80000000,1
1506006166,21968458,50.28,1.01000000,1
1506006166,21968457,50.29,9.00458585,1
1506006166,21968456,50.30,0.50000000,1
1506006166,21968455,50.30,4.74457007,1
1506006165,21968447,50.31,1.88000000,1
1506006165,21968445,50.31,13.63861000,1
1506006151,21968417,50.31,1.17882000,1
1506006148,21968409,50.31,0.71257000,1
1506006146,21968404,50.42,0.13011000,1
1506006120,21968328,50.42,2.86989000,1
1506006097,21968272,50.49,1.00000000,1
1506006025,21968169,50.70,35.35227534,1
1506006025,21968166,50.70,50.00000000,1
1506006022,21968161,50.70,3.70000000,0
1506006022,21968160,50.58,18.49000000,0
1506005993,21968020,50.60,0.39447732,1
1506005967,21967988,50.43,46.29857790,1
1506005967,21967987,50.47,5.00000000,1
1506005965,21967984,50.50,0.54001198,0
1506005964,21967981,50.50,20.00000000,1
1506005964,21967980,50.50,7.93634702,1
1506005964,21967979,50.50,10.00000000,1
1506005964,21967978,50.51,0.01000000,1
1506005964,21967977,50.51,35.99000000,0
1506005931,21967920,50.51,1.00000000,0
1506005906,21967893,50.51,3.01000000,0
1506005863,21967751,50.51,27.96005537,1
1506005852,21967696,50.55,15.00000000,1
1506005852,21967694,50.57,7.03994463,1
1506005809,21967339,50.62,3.00000000,1
1506005775,21967123,50.90,5.00000000,1
1506005725,21967020,50.80,7.00000000,0
1506005725,21967019,50.82,3.00000000,1
1506005723,21967010,50.88,116.84473270,1
1506005704,21966893,50.93,0.01729551,0
1506005688,21966805,51.00,24.76180449,1
1506005682,21966798,51.00,177.39870800,1
1506005595,21966739,51.01,59.35000000,0
1506005592,21966737,51.00,7.21600000,1
1506005538,21966708,51.00,73.67909896,1
1506005538,21966707,51.00,5.00000000,1
1506005538,21966706,51.00,56.14078449,1
1506005523,21966700,51.00,34.34310523,1
1506005489,21966655,51.01,0.65000000,0
1506005476,21966640,51.00,26.73391467,1
1506005476,21966639,51.00,13.26608533,1
1506005457,21966614,51.00,38.44280208,1
1506005457,21966613,51.00,1.55719792,1
1506005453,21966610,51.00,74.69700000,1
1506005415,21966495,51.00,209.00000000,1
1506005412,21966484,51.00,9.07000000,1
1506005411,21966481,51.01,0.93000000,1
1506005409,21966477,51.00,204.00000000,1
1506005405,21966460,51.00,3.00000000,1
1506005405,21966457,51.00,215.97000000,1
1506005404,21966455,51.01,1.03000000,1
1506005380,21966385,51.02,39.98001002,0
1506005380,21966383,51.00,211.00000000,1
1506005377,21966378,51.00,19.99691467,1
1506005374,21966372,51.01,1.25000000,1
1506005374,21966371,51.02,3.00000000,1
1506005317,21966277,51.09,5.00000000,1
1506005281,21966228,51.10,73.98778240,1
1506005074,21965911,51.22,3.00000000,1
1506004674,21965600,51.22,2.39128047,1
1506004672,21965596,51.23,1.60871953,1
1506004659,21965562,51.30,6.93608333,1
1506004646,21965511,51.36,11.10310000,0
1506004597,21965396,51.30,2.00000000,1
1506004517,21965318,51.50,5.20165343,0
1506004516,21965313,51.50,46.07028031,1
1506004515,21965312,51.51,7.24616579,1
1506004515,21965311,51.51,31.89189000,1
1506004515,21965310,51.51,16.58999500,1
1506004515,21965309,51.57,0.00000009,1
1506004514,21965308,51.57,2.07296100,1
1506004514,21965307,51.57,1.24554700,1
1506004514,21965306,51.57,1.06107000,1
1506004512,21965304,51.57,16.59000000,1
1506004512,21965301,51.56,1.00000000,0
1506004507,21965298,51.56,9.29190026,0
1506004493,21965287,51.57,18.10820102,0
1506004490,21965282,51.57,9.29189500,0
1506004488,21965281,51.57,22.59999500,0
1506004052,21965004,51.61,36.76292918,0
1506003693,21964928,51.49,46.15112200,0
1506003534,21964847,51.49,0.50000000,1
1506003472,21964823,51.48,25.70000000,0
1506003472,21964822,51.54,4.00000000,1
1506003472,21964821,51.54,2.80000000,1
1506003467,21964820,51.54,0.10000000,1
1506003386,21964805,51.71,29.21112216,0
1506003386,21964804,51.70,16.94000000,0
1506003213,21964723,51.55,4.70000000,0
1506003173,21964694,51.54,1.00000000,1
1506003155,21964687,51.54,1.10000000,0
1506003129,21964680,51.48,9.98000000,1
1506003071,21964666,51.48,2.15720000,1
1506002876,21964566,51.47,10.95610000,1
1506002655,21964470,51.36,0.49042953,1
1506002655,21964469,51.41,0.00767047,1
1506002617,21964461,51.41,0.97210000,1
1506002617,21964460,51.42,0.00600000,1
1506002606,21964454,51.42,2.99400000,1
1506002299,21964339,51.51,16.93290000,0
1506002256,21964320,51.54,7.84754000,0
1506002020,21964221,51.59,4.35471990,0
1506001981,21964200,51.50,2.58570000,1
1506001981,21964199,51.51,0.00220000,1
1506001974,21964197,51.51,1.09780000,1
1506001927,21964154,51.58,3.86777821,0
1506001823,21964129,51.58,30.94222567,0
1506001600,21964086,51.50,0.99710000,1
1506001495,21964043,51.55,1.09970400,0
1506001475,21964034,51.56,22.12519100,0
1506001444,21964017,51.50,13.17440000,1
1506001444,21964016,51.52,1.10000000,1
1506001441,21964013,51.63,15.71890000,0
1506001436,21964011,51.69,3.37788700,0
1506001428,21964009,51.50,46.75710000,1
1506001428,21964008,51.51,0.00220000,1
1506001414,21963994,51.51,1.09780000,1
1506001397,21963984,51.51,1.09780000,1
1506001384,21963952,51.50,98.70000000,1
1506001384,21963951,51.51,1.10000000,1
1506001370,21963946,51.51,6.41720000,1
1506001355,21963940,51.50,41.41040000,1
1506001355,21963939,51.51,57.26000000,1
1506001354,21963938,51.51,0.02960000,1
1506001354,21963937,51.65,1.10000000,1
1506001345,21963933,51.51,7.61040000,1
1506001345,21963932,51.60,0.01220000,1
1506001345,21963931,51.64,0.00220000,1
1506001334,21963926,51.64,1.09780000,1
1506001321,21963924,51.60,4.98780000,1
1506001321,21963923,51.63,0.00220000,1
1506001309,21963919,51.63,1.09780000,1
1506001145,21963855,51.61,0.99873505,0
1506001143,21963853,51.66,0.00220000,1
1506001071,21963816,51.66,1.09780000,1
1506001056,21963811,51.67,1.09780000,1
1506001030,21963806,51.59,0.11760000,1
1506001030,21963805,51.63,0.00220000,1
1506001014,21963788,51.63,1.09780000,1
1506000955,21963761,51.58,7.10860000,1
1506000955,21963760,51.62,0.00220000,1
1506000942,21963758,51.62,1.09780000,1
1506000928,21963755,51.62,1.09780000,1
1506000919,21963751,51.56,9.97133337,1
1506000919,21963750,51.58,8.35000000,1
1506000919,21963749,51.60,17.70900000,1
1506000919,21963748,51.61,11.16216663,1
1506000911,21963739,51.61,11.71340000,1
1506000910,21963738,51.67,0.00220000,1
1506000899,21963735,51.67,1.09780000,1
1506000889,21963733,51.67,1.09780000,1
1506000879,21963730,51.74,26.06627369,0
1506000844,21963718,51.74,9.12857327,0
1506000840,21963713,51.73,21.28140703,0
1506000837,21963711,51.74,10.55016899,0
1506000836,21963710,51.73,14.98425596,1
1506000818,21963701,51.74,20.00000000,0
1506000806,21963694,51.73,4.68070000,1
1506000801,21963691,51.74,4.84338000,0
1506000798,21963684,51.74,38.45844607,0
1506000780,21963670,51.74,34.54080000,0
1506000747,21963657,51.74,26.00800000,0
1506000714,21963650,51.74,12.57230000,0
1506000682,21963638,51.74,0.64200000,0
1506000651,21963591,51.74,2.08280100,0
1506000620,21963581,51.74,38.02844766,0
1506000590,21963557,51.74,1.01676017,0
1506000523,21963536,51.74,0.95460000,0
1506000492,21963516,51.74,34.35235000,0
1506000472,21963508,51.74,29.98588400,0
1506000460,21963505,51.74,8.53055956,0
1506000436,21963503,51.56,10.60260000,1
1506000436,21963502,51.70,1.10000000,1
1506000424,21963501,51.57,1.39500000,1
1506000424,21963500,51.69,1.10000000,1
1506000365,21963472,51.74,15.69444565,0
1506000344,21963464,51.74,0.72000000,0
1506000300,21963440,51.74,14.63575000,0
1506000290,21963435,51.74,2.00000000,0
1506000240,21963423,51.73,11.17210000,0
1506000207,21963405,51.74,3.36579217,0
1506000188,21963401,51.74,0.67008118,0
1506000143,21963371,51.74,1.32610000,0
1506000111,21963357,51.74,36.58645400,0
1506000095,21963350,51.74,29.31191944,0
1506000080,21963345,51.74,30.36934299,0
1506000050,21963339,51.74,29.57320000,0
1506000028,21963331,51.74,4.58311800,0
1506000016,21963323,51.74,38.70969000,0
1506000014,21963311,51.74,50.66217204,0
1505999986,21963298,51.74,21.53285659,0
1505999985,21963296,51.74,1.29031000,0
1505999982,21963293,51.74,38.39679165,0
1505999974,21963290,51.74,14.97472000,0
1505999953,21963285,51.74,39.98077870,0
1505999930,21963280,51.74,9.57401889,0
1505999897,21963254,51.74,9.61065136,0
1505999893,21963253,51.74,7.66159000,0
1505999890,21963252,51.74,8.34260107,0
1505999889,21963250,51.74,1.45168036,0
1505999885,21963245,51.74,1.09780000,1
1505999876,21963231,51.75,1.09780000,1
1505999830,21963208,51.67,25.49504237,1
1505999830,21963207,51.69,1.45095763,1
1505999776,21963185,51.59,8.88000000,1
1505999776,21963184,51.69,0.00220000,1
1505999765,21963171,51.69,1.09780000,1
1505999320,21963027,51.76,20.73961352,0
1505999310,21963012,51.60,17.96514954,0
1505999260,21962988,51.64,1.29542900,0
1505999085,21962891,51.51,15.00000000,1
1505998940,21962860,51.74,0.00341996,1
1505998805,21962828,51.70,0.00000004,0
1505998805,21962825,51.68,4.88800000,0
1505998755,21962787,51.69,0.74349570,1
1505998753,21962786,51.70,38.26125800,0
1505998752,21962784,51.70,69.48674196,0
1505998752,21962782,51.71,64.95200000,1
1505998752,21962781,51.72,100.00000000,1
1505998751,21962780,51.72,103.00000000,1
1505998751,21962779,51.75,55.30000000,1
1505998643,21962762,51.72,0.50000000,1
1505998113,21962560,51.60,0.87830000,1
1505997989,21962517,51.65,0.10000000,1
1505997860,21962419,51.77,1.89500000,0
1505997671,21962274,51.90,5.76606728,0
1505997624,21962256,51.78,1.95461568,0
1505997595,21962236,51.64,14.86000000,0
1505997498,21962186,51.50,222.00000000,1
1505997496,21962185,51.58,40.00000000,0
1505997492,21962184,51.51,13.39000000,1
1505997484,21962179,51.50,209.00000000,1
1505997432,21962167,51.61,5.82978697,1
1505997431,21962166,51.61,1.10000000,0
1505997076,21962052,51.63,1.10000000,0
1505997072,21962051,51.64,1.10000000,1
1505996984,21962000,51.70,0.07800000,1
1505996983,21961999,51.65,111.00000000,0
1505996944,21961951,51.73,31.99801481,0
1505996920,21961949,51.73,7.22770000,0
1505996896,21961942,51.72,10.27396500,0
1505996879,21961936,51.71,11.18444796,0
1505996877,21961935,51.73,19.74950000,0
1505996874,21961934,51.72,11.19418100,0
1505996858,21961932,51.81,2.36361000,1
1505996857,21961931,51.81,1.10000000,1
1505996853,21961930,51.80,1.10000000,0
1505996852,21961929,51.79,8.00370000,0
1505996735,21961904,51.83,2.71370200,0
1505996640,21961881,51.85,8.20511000,1
1505996632,21961879,51.87,8.70157000,0
1505996621,21961877,51.87,6.94970000,0
1505996621,21961876,51.86,6.82000000,0
1505996620,21961875,51.85,6.82477000,0
1505996479,21961843,51.71,1.00000000,1
1505996474,21961842,51.88,1.10000000,1
1505996470,21961840,51.87,1.10000000,1
1505996437,21961830,51.92,32.04547500,0
1505996399,21961820,51.93,9.31464700,1
1505996341,21961796,51.68,35.50000000,0
1505996339,21961795,51.68,59.50000000,1
1505996314,21961784,51.71,115.46221802,1
1505996314,21961783,51.72,1.10000000,1
1505996312,21961782,51.73,73.98778198,1
1505996251,21961759,51.87,8.00370000,1
1505996251,21961758,51.87,7.13706000,1
1505996248,21961756,51.87,0.86664000,1
1505996248,21961755,51.87,3.13336000,1
1505996240,21961751,51.84,0.20000000,1
1505996238,21961749,51.83,0.90000000,0
1505996235,21961748,51.83,1.10000000,1
1505996207,21961735,51.89,0.26254600,0
1505995633,21961493,52.04,0.95830131,1
1505995623,21961489,52.06,9.41400000,1
1505995203,21961318,52.23,6.57000000,0
1505995167,21961309,52.06,0.58600000,1
1505994884,21961191,52.14,0.99510000,0
1505994884,21961190,52.13,0.50000000,0
1505994782,21961147,52.14,0.00490000,1
1505994578,21961056,52.22,0.29854462,0
1505994551,21961054,52.20,15.00785048,0
1505994401,21961000,52.10,7.00000000,0
1505994090,21960903,52.10,4.60379867,1
1505994079,21960898,52.15,31.13326400,0
1505994027,21960859,52.23,15.00000000,0
1505993894,21960794,52.17,8.56186300,0
1505993892,21960792,52.15,14.27100000,1
1505993885,21960786,52.17,5.12747000,0
1505993882,21960782,52.17,2.12516000,0
1505993881,21960778,52.17,8.98435700,0
1505993881,21960777,52.17,4.38665700,0
1505993869,21960768,52.17,8.10651900,0
1505993868,21960767,52.17,7.70797400,0
1505993748,21960746,52.18,0.85530000,1
1505993740,21960744,52.36,14.35610000,0
1505993730,21960740,52.37,0.00830000,0
1505993730,21960739,52.37,11.85000000,0
1505993703,21960730,52.41,9.86980000,0
1505993703,21960729,52.29,1.10000000,0
1505993699,21960726,52.11,26.25240000,1
1505993692,21960721,52.30,1.10000000,0
1505993691,21960720,52.28,27.37220000,0
1505993662,21960682,52.31,1.10000000,0
1505993658,21960677,52.13,3.10223817,0
1505993658,21960676,52.13,13.78943700,0
1505993658,21960675,52.13,1.98326000,0
1505993658,21960674,52.13,41.21904200,0
1505993658,21960673,52.13,18.50937300,0
1505993657,21960672,52.13,15.50301600,0
1505993657,21960671,52.13,84.63822600,0
1505993657,21960670,52.13,177.70000000,0
1505993657,21960669,52.13,10.00979000,0
1505993656,21960668,52.13,140.22300000,0
1505993655,21960667,52.14,16.90000000,1
1505993655,21960666,52.15,173.25800000,1
1505993654,21960665,52.16,2.39000000,1
1505993654,21960664,52.18,0.16540000,1
1505993583,21960632,52.32,2.38240000,0
1505993580,21960629,52.18,82.53560000,1
1505993531,21960613,52.27,1.09780000,1
1505993522,21960605,52.19,99.77000000,1
1505993522,21960604,52.20,0.03000000,1
1505993514,21960603,52.20,14.97000000,1
1505993498,21960601,52.26,1.09780000,1
1505993487,21960592,52.14,13.87000000,1
1505993487,21960591,52.25,1.10000000,1
1505993476,21960582,52.30,189.67791885,0
1505993475,21960581,52.30,26.54500000,0
1505993474,21960580,52.30,15.65460100,0
1505993474,21960579,52.29,10.90000000,0
1505993471,21960578,52.24,3.98410000,1
1505993460,21960569,52.26,1.09780000,1
1505993449,21960568,52.27,1.09780000,1
1505993444,21960565,52.30,18.12248015,0
1505993435,21960558,52.25,14.97000000,1
1505993425,21960554,52.25,14.97000000,1
1505993417,21960551,52.23,0.26950000,1
1505993410,21960549,52.35,15.00000000,0
1505993409,21960548,52.19,58.46290000,1
1505993401,21960540,52.11,0.08470000,1
1505993401,21960539,52.28,13.00000000,1
1505993401,21960538,52.30,2.06000000,1
1505993399,21960534,52.30,24.02257333,0
1505993399,21960533,52.30,2.06000000,0
1505993399,21960532,52.28,12.94000000,0
1505993394,21960528,52.28,15.38000000,0
1505993394,21960527,52.27,58.73000000,0
1505993390,21960526,52.19,14.97000000,1
1505993041,21960410,52.12,0.25000000,1
1505993008,21960402,52.03,1.28317533,1
1505993008,21960401,52.04,10.87082467,1
1505992999,21960398,52.14,0.25000000,1
1505992991,21960396,52.27,5.85318845,0
1505992986,21960394,52.09,51.94190000,1
1505992986,21960393,52.10,15.00000000,1
1505992964,21960387,52.15,23.63370000,1
1505992941,21960371,52.14,2.94910000,1
1505992923,21960354,52.11,12.61890000,1
1505992923,21960353,52.12,15.00000000,1
1505992923,21960352,52.19,68.74300000,1
1505992907,21960350,52.12,14.97000000,1
1505992889,21960346,52.19,1.09780000,1
1505992878,21960313,52.15,0.15970000,1
1505992875,21960308,52.33,9.12310900,0
1505992875,21960307,52.31,1.10000000,0
1505992867,21960301,52.15,79.85600000,1
1505992857,21960293,52.15,0.80000000,1
1505992856,21960292,52.15,84.80000000,1
1505992856,21960291,52.16,15.00000000,1
1505992847,21960288,52.14,0.80000000,1
1505992836,21960283,52.09,0.80000000,1
1505992827,21960282,52.22,0.80000000,1
1505992820,21960278,52.19,1.00000000,1
1505992817,21960277,52.19,0.80000000,1
1505992808,21960271,52.19,0.80000000,1
1505992805,21960270,52.19,3.63980000,1
1505992797,21960269,52.23,0.80000000,1
1505992793,21960268,52.17,16.81040000,1
1505992787,21960267,52.21,0.80000000,1
1505992782,21960263,52.19,27.80330000,1
1505992777,21960262,52.17,0.80000000,1
1505992770,21960259,52.17,9.02580000,1
1505992770,21960258,52.21,15.80700000,1
1505992770,21960256,52.22,14.20000000,1
1505992769,21960255,52.22,0.80000000,1
1505992762,21960254,52.23,0.80000000,1
1505992759,21960252,52.22,14.17160000,1
1505992753,21960248,52.21,0.80000000,1
1505992748,21960246,52.18,7.85960000,1
1505992748,21960245,52.19,23.30700000,1
1505992743,21960244,52.23,0.80000000,1
1505992737,21960242,52.17,14.97000000,1
1505992734,21960237,52.20,0.80000000,1
1505992726,21960233,52.17,0.80000000,1
