date,tid,price,amount,type
1506038265,22014357,0.00004748,50.00000000,0
1506038100,22014303,0.00004743,4290.83343875,1
1506038098,22014302,0.00004736,1496.69665328,0
1506037585,22014066,0.00004732,1585.00000000,0
1506037216,22013946,0.00004729,1923.07950941,0
1506037189,22013921,0.00004730,2220.45921205,0
1506037110,22013871,0.00004738,5422.83305192,1
1506037071,22013867,0.00004772,7720.32313495,1
1506037071,22013866,0.00004761,634.88524268,0
1506037069,22013865,0.00004742,3174.42621339,0
1506036617,22013559,0.00004754,2456.90660496,0
1506036574,22013541,0.00004743,1418.54923044,0
1506036138,22013274,0.00004749,415.38690000,0
1506035693,22012908,0.00004749,241.31554000,0
1506035651,22012835,0.00004753,316.44940000,0
1506035622,22012797,0.00004752,481.91595000,0
1506035608,22012756,0.00004748,1428.56900000,0
1506035414,22012566,0.00004753,300.00000000,0
1506035163,22012460,0.00004752,737.48653198,0
1506035030,22012344,0.00004753,316.78308436,0
1506034959,22012313,0.00004754,2307.57097791,0
1506034073,22011560,0.00004719,422.76160203,0
1506033853,22011407,0.00004711,1744.19634897,0
1506033626,22011322,0.00004717,130.62179351,0
1506033455,22011254,0.00004703,999.99999998,1
1506033455,22011253,0.00004711,0.00000002,1
1506033446,22011248,0.00004711,788.57915800,1
1506033118,22011065,0.00004717,94.92552000,0
1506032885,22010940,0.00004711,115.70382602,0
1506032847,22010915,0.00004704,774.74962645,1
1506032749,22010880,0.00004695,3651.27031642,1
1506032749,22010879,0.00004695,1000.00000000,1
1506032748,22010878,0.00004696,453.00400958,1
1506032748,22010877,0.00004697,1420.41620000,1
1506032748,22010876,0.00004699,75.00000000,1
1506032748,22010874,0.00004700,493.20000000,1
1506032610,22010813,0.00004699,575.00000000,1
1506032609,22010812,0.00004700,500.00000000,1
1506032570,22010782,0.00004704,8873.33298963,1
1506032569,22010780,0.00004718,0.00000032,1
1506032569,22010779,0.00004720,42.77113400,1
1506032485,22010760,0.00004724,1323.69284504,0
1506032416,22010710,0.00004730,160.00000000,1
1506032409,22010708,0.00004731,1391.57493130,0
1506032320,22010663,0.00004736,527.95122466,0
1506032144,22010589,0.00004720,1957.22886600,1
1506031994,22010497,0.00004728,336.03714000,0
1506031980,22010485,0.00004718,979.97161600,1
1506031803,22010363,0.00004752,750.85837542,0
1506031680,22010301,0.00004741,1402.51929963,1
1506031680,22010299,0.00004744,0.00000037,1
1506031547,22010197,0.00004744,3530.99595600,1
1506031546,22010196,0.00004745,2993.36208895,1
1506031521,22010145,0.00004749,3151.33931800,1
1506031516,22010138,0.00004750,3304.34989261,1
1506031490,22010126,0.00004759,418.76574307,0
1506031454,22010095,0.00004749,1269.66068200,1
1506031454,22010094,0.00004750,7423.93428000,1
1506031303,22009937,0.00004764,209.38413098,0
1506031139,22009862,0.00004764,317.04995802,0
1506030943,22009768,0.00004787,7504.11468560,0
1506030943,22009767,0.00004785,16507.74500000,0
1506030941,22009766,0.00004781,3039.31677578,0
1506030806,22009646,0.00004777,1244.33765961,0
1506030768,22009622,0.00004776,738.61909516,0
1506030386,22009349,0.00004754,49.46869327,0
1506030252,22009275,0.00004754,445.21823938,0
1506030101,22009085,0.00004778,104.38530766,0
1506029868,22008918,0.00004789,6.73042388,1
1506029866,22008914,0.00004783,264.37929819,0
1506029704,22008772,0.00004772,2612.91429170,0
1506029651,22008675,0.00004762,4132.53654837,0
1506029608,22008585,0.00004762,366.19596000,0
1506029594,22008564,0.00004755,246.24942000,0
1506029582,22008553,0.00004755,237.21915827,0
1506029555,22008526,0.00004755,1305.03742641,0
1506029502,22008495,0.00004756,246.92345000,0
1506029332,22008256,0.00004753,1275.86565000,1
1506029269,22008221,0.00004754,1264.37787000,0
1506028961,22007934,0.00004755,56.25299684,0
1506028957,22007920,0.00004757,1301.94000000,0
1506028941,22007879,0.00004760,289.22542016,0
1506028935,22007867,0.00004760,2638.34348739,0
1506028871,22007708,0.00004744,430.40070363,1
1506028871,22007707,0.00004753,694.96976997,1
1506028870,22007706,0.00004753,112.83497884,1
1506028857,22007683,0.00004753,34.31815500,1
1506028857,22007682,0.00004755,563.86249600,1
1506028856,22007680,0.00004755,842.12290400,1
1506028845,22007667,0.00004753,842.12290381,1
1506028845,22007666,0.00004753,842.12290381,1
1506028845,22007665,0.00004755,272.09870425,1
1506028836,22007645,0.00004753,842.12290381,1
1506028836,22007644,0.00004753,842.12290381,1
1506028836,22007643,0.00004753,842.12290381,1
1506028836,22007642,0.00004753,842.12290381,1
1506028834,22007641,0.00004753,842.12290381,1
1506028834,22007639,0.00004753,842.12290381,1
1506028834,22007637,0.00004753,842.12290381,1
1506028830,22007612,0.00004754,6682.82586764,1
1506028830,22007611,0.00004755,114.22733964,1
1506028829,22007610,0.00004755,186.53543638,1
1506028829,22007609,0.00004760,410.00000000,1
1506028829,22007608,0.00004761,396.86471534,1
1506028829,22007607,0.00004766,1394.84600000,1
1506028827,22007605,0.00004766,341.37265775,1
1506028827,22007604,0.00004767,79.11604000,1
1506028811,22007582,0.00004783,831.11517937,1
1506028808,22007578,0.00004783,987.25503100,1
1506028804,22007574,0.00004783,1948.73490000,1
1506028804,22007573,0.00004783,9187.49869900,1
1506028800,22007561,0.00004783,3957.66001200,1
1506028794,22007557,0.00004779,18301.39365246,1
1506028794,22007556,0.00004779,252.85534754,1
1506028790,22007550,0.00004781,89.02694042,1
1506028790,22007548,0.00004781,446.70075209,1
1506028789,22007547,0.00004782,6612.73229584,1
1506028764,22007515,0.00004862,2397.16827503,0
1506028761,22007510,0.00004778,783.08377856,1
1506028761,22007508,0.00004779,100.31919695,1
1506028761,22007507,0.00004779,504.40852449,1
1506028748,22007490,0.00004779,141.50687638,1
1506028748,22007489,0.00004779,102.16492362,1
1506028740,22007470,0.00004779,367.65853000,1
1506028728,22007455,0.00004776,3084.29970000,1
1506028727,22007452,0.00004775,2095.95704723,1
1506028727,22007451,0.00004775,127.82462223,1
1506028726,22007450,0.00004775,648.04833054,1
1506028726,22007446,0.00004900,1268.32401551,0
1506028724,22007441,0.00004776,4916.62000000,1
1506028718,22007418,0.00004770,4973.07280700,1
1506028715,22007408,0.00004774,802.50129912,1
1506028714,22007406,0.00004775,631.13074500,1
1506028713,22007402,0.00004770,804.72196010,1
1506028713,22007401,0.00004771,183.70445395,1
1506028712,22007400,0.00004771,934.13358595,1
1506028709,22007390,0.00004952,1125.37047360,1
1506028708,22007389,0.00004952,2097.78211075,1
1506028708,22007386,0.00004952,1010.22152040,0
1506028708,22007385,0.00004951,802.50129913,0
1506028698,22007355,0.00004976,5214.35329581,1
1506028697,22007350,0.00004976,145.84374300,0
1506028683,22007305,0.00004766,763.48264986,1
1506028683,22007304,0.00004767,232.79782958,1
1506028683,22007302,0.00004767,1187.71952056,1
1506028672,22007263,0.00004766,1422.11210000,0
1506028670,22007255,0.00004766,388.79539513,1
1506028670,22007253,0.00004767,145.84374287,1
1506028628,22007099,0.00005048,327.68618548,0
1506028627,22007094,0.00005048,1631.68064261,0
1506028625,22007077,0.00005051,65.13858642,1
1506028624,22007075,0.00004756,2761.86812722,1
1506028624,22007073,0.00004825,305.07694362,1
1506028624,22007072,0.00004825,289.42140103,1
1506028624,22007070,0.00004825,272.86911372,1
1506028623,22007069,0.00004825,255.24568374,1
1506028623,22007068,0.00004825,236.31158439,1
1506028623,22007067,0.00004825,215.72197562,1
1506028623,22007066,0.00004825,192.94760069,1
1506028623,22007065,0.00004825,167.09752380,1
1506028623,22007064,0.00004825,136.43455686,1
1506028623,22007063,0.00004825,96.47380034,1
1506028623,22007062,0.00004930,427.00000000,1
1506028623,22007061,0.00005050,19523.15879000,1
1506028622,22007060,0.00005051,331.49123446,1
1506028622,22007059,0.00005210,3600.00000000,1
1506028622,22007058,0.00005226,1159.50387507,1
1506028622,22007057,0.00005229,9791.44227944,1
1506028621,22007052,0.00005226,2343.78638102,1
1506028620,22007050,0.00005226,36.43678591,1
1506028620,22007049,0.00005502,989.38321409,1
1506028619,22007044,0.00005502,600.00000000,1
1506028618,22007037,0.00005674,8266.75837151,0
1506028618,22007036,0.00005670,1000.00000000,0
1506028618,22007033,0.00005670,37.97146274,1
1506028617,22007029,0.00005660,1000.00000000,0
1506028617,22007026,0.00005650,1000.00000000,0
1506028617,22007025,0.00005650,189.85731371,1
1506028616,22007023,0.00005640,1000.00000000,0
1506028616,22007020,0.00005637,405.90030518,0
1506028616,22007018,0.00005637,196.02000000,1
1506028616,22007016,0.00005637,184.45762989,1
1506028616,22007015,0.00005630,1000.00000000,0
1506028615,22007012,0.00005620,1000.00000000,0
1506028615,22007010,0.00005620,55.11986100,1
1506028615,22007009,0.00005620,112.61261261,1
1506028615,22007008,0.00005620,600.00000000,1
1506028614,22007005,0.00005618,10091.21961820,0
1506028614,22007002,0.00005610,1000.00000000,0
1506028614,22007001,0.00005610,367.46570908,1
1506028614,22006998,0.00005607,277.40000000,0
1506028614,22006995,0.00005607,3359.33874480,0
1506028613,22006991,0.00005600,400.00000000,0
1506028613,22006988,0.00005600,3600.00000000,0
1506028613,22006987,0.00005600,1000.00000000,0
1506028613,22006986,0.00005600,315.98925342,1
1506028613,22006984,0.00005599,114.76718223,0
1506028612,22006981,0.00005590,1000.00000000,0
1506028612,22006979,0.00005590,1068.71322800,1
1506028612,22006976,0.00005590,1279.44000000,1
1506028611,22006969,0.00005583,3539.72704200,0
1506028611,22006963,0.00005580,1000.00000000,0
1506028611,22006961,0.00005580,1774.36773800,1
1506028611,22006958,0.00005580,8284.28500000,1
1506028611,22006956,0.00005580,14301.90811100,1
1506028610,22006951,0.00005577,33050.00000000,0
1506028610,22006947,0.00005570,428.58673524,0
1506028610,22006945,0.00005570,1000.00000000,0
1506028610,22006942,0.00005570,2270.03209893,1
1506028609,22006939,0.00005564,180.17613200,0
1506028609,22006936,0.00005562,12470.64707510,0
1506028609,22006935,0.00005562,532.35627201,1
1506028609,22006933,0.00005562,400.00000000,1
1506028608,22006930,0.00005560,1000.00000000,0
1506028608,22006926,0.00005555,1000.00000000,0
1506028608,22006924,0.00005555,311.13596216,1
1506028608,22006922,0.00005555,1243.26683225,1
1506028607,22006918,0.00005553,305.07694362,0
1506028607,22006915,0.00005553,130.00000000,0
1506028607,22006912,0.00005550,1000.00000000,0
1506028607,22006910,0.00005550,5099.08353000,1
1506028606,22006908,0.00005550,2319.30447100,1
1506028606,22006904,0.00005550,15057.17552900,1
1506028606,22006902,0.00005550,1552.73668700,1
1506028606,22006901,0.00005550,3990.00000000,1
1506028606,22006900,0.00005550,26303.64881500,1
1506028605,22006898,0.00005545,40.00000000,0
1506028605,22006897,0.00005540,1000.00000000,0
1506028605,22006895,0.00005540,466.77982500,1
1506028605,22006893,0.00005540,7959.71322300,1
1506028605,22006891,0.00005540,228.90861508,1
1506028604,22006886,0.00005525,60.00000000,0
1506028604,22006885,0.00005507,11949.83240302,0
1506028604,22006883,0.00005507,1427.81766800,1
1506028604,22006882,0.00005507,900.53767500,1
1506028603,22006879,0.00005504,200.00000000,0
1506028603,22006877,0.00005501,38.25572741,0
1506028603,22006875,0.00005501,61.24429441,1
1506028602,22006874,0.00005500,67.30000000,0
1506028602,22006873,0.00005500,500.00000000,0
1506028602,22006871,0.00005500,427.00000000,0
1506028602,22006868,0.00005500,1346.52819311,0
1506028602,22006866,0.00005500,100.00000000,0
1506028602,22006864,0.00005500,22715.13883285,0
1506028602,22006862,0.00005499,4600.00000000,0
1506028601,22006861,0.00005499,306.22147206,1
1506028601,22006860,0.00005497,124.47659906,0
1506028601,22006857,0.00005480,289.42140103,0
1506028600,22006856,0.00005480,1000.00000000,1
1506028600,22006855,0.00005470,1102.83505154,0
1506028600,22006854,0.00005470,400.00000000,0
1506028600,22006853,0.00005462,369.78823927,0
1506028599,22006852,0.00005454,19523.15879000,0
1506028599,22006850,0.00005452,14232.75359585,0
1506028599,22006849,0.00005452,4649.15655523,1
1506028599,22006848,0.00005452,55701.11023477,1
1506028599,22006847,0.00005450,598.50000000,0
1506028598,22006846,0.00005450,8549.80000000,0
1506028598,22006845,0.00005450,6266.00000000,0
1506028598,22006842,0.00005407,272.86911372,0
1506028598,22006840,0.00005400,100.00000000,0
1506028597,22006839,0.00005400,405.51615000,1
1506028597,22006838,0.00005398,14408.77951595,0
1506028597,22006837,0.00005398,460.03754040,0
1506028597,22006836,0.00005334,255.24568374,0
1506028596,22006835,0.00005301,760.48177629,0
1506028596,22006834,0.00005298,3500.00000000,0
1506028596,22006833,0.00005298,1120.32647856,1
1506028595,22006831,0.00005262,236.31158439,0
1506028595,22006828,0.00005194,3000.00000000,0
1506028595,22006827,0.00005194,1000.00000000,1
1506028594,22006825,0.00005189,215.72197562,0
1506028594,22006823,0.00005150,172.10657479,0
1506028594,22006821,0.00005150,504.43258274,0
1506028594,22006820,0.00005150,670.36823545,0
1506028594,22006819,0.00005150,901.18282039,0
1506028593,22006817,0.00005150,530.53849842,0
1506028593,22006816,0.00005149,356.39000000,0
1506028593,22006815,0.00005144,50281.13883421,0
1506028592,22006812,0.00005116,192.94760069,0
1506028592,22006810,0.00005087,51.83610351,0
1506028592,22006808,0.00005087,21437.85400000,1
1506028592,22006807,0.00005043,167.09752380,0
1506028591,22006805,0.00005031,205.50688883,0
1506028591,22006804,0.00005031,220.49434132,1
1506028591,22006803,0.00005031,5317.16000000,1
1506028591,22006801,0.00005000,2500.00000000,0
1506028590,22006798,0.00004995,2350.00000000,1
1506028590,22006797,0.00004995,5317.16000000,1
1506028590,22006796,0.00004970,136.43455686,0
1506028589,22006795,0.00004932,57.56553756,0
1506028589,22006794,0.00004932,5317.16000000,1
1506028589,22006793,0.00004898,96.47380034,0
1506028589,22006792,0.00004897,182.55683725,0
1506028588,22006791,0.00004897,124.33892484,1
1506028588,22006790,0.00004881,10000.00000000,0
1506028588,22006788,0.00004880,46726.50524000,0
1506028588,22006786,0.00004880,621.69462422,1
1506028587,22006785,0.00004879,9791.44227944,1
1506028587,22006784,0.00004879,7288.07919543,1
1506028587,22006783,0.00004879,5317.16000000,1
1506028587,22006782,0.00004817,1030.09543385,0
1506028586,22006780,0.00004802,538.20491548,0
1506028586,22006777,0.00004785,118.03725818,0
1506028586,22006776,0.00004785,590.18629089,0
1506028586,22006774,0.00004776,16564.34500000,0
1506028585,22006767,0.00004774,4936.56775431,0
1506028578,22006756,0.00004754,199.00000000,1
1506028573,22006748,0.00004755,199.00000000,1
1506028559,22006724,0.00004754,4725.05011674,1
1506028559,22006723,0.00004755,1642.94988326,1
1506028506,22006602,0.00004755,234.65045600,1
1506028506,22006601,0.00004766,400.00000000,1
1506028499,22006581,0.00004783,4757.17562199,0
1506028498,22006580,0.00004782,156.28330314,1
1506028498,22006577,0.00004782,347.99948971,0
1506028477,22006519,0.00004784,24.82859531,0
1506028475,22006510,0.00004783,14938.16016797,0
1506028430,22006391,0.00004791,285.23961595,0
1506028413,22006361,0.00004787,1311.22999791,0
1506028318,22006272,0.00004794,328.80705047,1
1506028316,22006270,0.00004792,583.65770490,0
1506028222,22006181,0.00004779,10371.89373501,1
1506028222,22006180,0.00004780,1399.58280000,1
1506028221,22006179,0.00004780,1660.53180896,1
1506028221,22006178,0.00004781,4659.24165603,1
1506028220,22006175,0.00004780,199.00000000,1
1506028219,22006171,0.00004780,2985.00000000,1
1506027937,22005996,0.00004779,1430.15498559,1
1506027897,22005946,0.00004796,2500.00000000,0
1506027882,22005938,0.00004795,966.64097126,0
1506027882,22005937,0.00004795,1145.26878747,0
1506027724,22005701,0.00004787,95.67704198,0
1506027722,22005700,0.00004782,2.00406251,0
1506027717,22005694,0.00004781,2826.41233295,0
1506027717,22005693,0.00004781,902.47523605,0
1506027531,22005515,0.00004781,2287.35288728,1
1506027474,22005468,0.00004775,2633.69947643,0
1506027465,22005461,0.00004754,450.00000000,1
1506027389,22005413,0.00004754,1854.53131120,1
1506027379,22005404,0.00004759,2049.79209857,1
1506027379,22005401,0.00004760,748.05705794,1
1506027355,22005379,0.00004757,618.11553647,1
1506027355,22005377,0.00004764,1491.31182374,1
1506027355,22005376,0.00004766,847.22293979,1
1506027337,22005368,0.00004766,5027.50902400,1
1506027329,22005363,0.00004766,3024.78100200,1
1506027327,22005360,0.00004772,2970.56754386,1
1506027327,22005358,0.00004772,2323.71389855,1
1506027280,22005342,0.00004780,894.04972800,1
1506027195,22005303,0.00004782,7645.40895800,0
1506027136,22005256,0.00004764,7636.66111315,1
1506027136,22005255,0.00004765,1349.54304985,1
1506027080,22005173,0.00004768,182.55683725,1
1506027031,22005073,0.00004795,524.05255474,0
1506026854,22004784,0.00004769,1032.62536600,1
1506026730,22004687,0.00004790,313.84422900,1
1506026730,22004686,0.00004785,1930.17000000,0
1506026628,22004552,0.00004777,732.53555358,1
1506026628,22004551,0.00004778,417.92444642,1
1506026556,22004466,0.00004783,1813.86000000,1
1506026484,22004412,0.00004759,435.46805000,1
1506026484,22004411,0.00004759,2137.24397577,1
1506026476,22004401,0.00004795,2192.26345345,0
1506026475,22004397,0.00004782,5429.92175900,1
1506026471,22004389,0.00004782,1655.86707803,1
1506026471,22004388,0.00004801,305.07694362,1
1506026471,22004387,0.00004801,289.42140103,1
1506026468,22004380,0.00004801,272.86911372,1
1506026468,22004379,0.00004801,255.24568374,1
1506026468,22004377,0.00004801,236.31158439,1
1506026468,22004376,0.00004801,126.73465697,1
1506026468,22004375,0.00004801,88.98731865,1
1506026467,22004374,0.00004801,192.94760069,1
1506026467,22004373,0.00004801,167.09752380,1
1506026467,22004372,0.00004801,136.43455686,1
1506026466,22004368,0.00004801,96.47380034,1
1506026466,22004367,0.00004802,2202.74202995,1
1506026453,22004301,0.00005000,2152.86770944,1
1506026453,22004299,0.00005000,2364.00000000,1
1506026452,22004295,0.00005000,4665.33073100,1
1506026451,22004293,0.00005001,7152.09178433,1
1506026450,22004284,0.00005054,678.75751231,0
1506026449,22004283,0.00005001,2002.89171487,0
1506026449,22004279,0.00005001,124.70828513,1
1506026449,22004275,0.00005001,670.36826000,1
1506026448,22004272,0.00005001,1568.92345487,1
1506026448,22004270,0.00005054,664.56410763,1
1506026448,22004266,0.00005054,7427.44227944,0
1506026446,22004261,0.00005000,1492.80155956,1
1506026446,22004260,0.00005000,2150.00000000,1
1506026446,22004259,0.00005000,6150.00000000,1
1506026445,22004258,0.00005001,7427.44227944,1
1506026444,22004254,0.00005151,40.99214309,1
1506026444,22004253,0.00005151,2324.80289705,1
1506026444,22004252,0.00005151,500.49882491,1
1506026443,22004245,0.00005398,2787.96245960,0
1506026442,22004240,0.00005370,56.32517215,0
1506026442,22004238,0.00005370,69999.30000000,1
1506026442,22004235,0.00005370,14757.94440000,1
1506026442,22004232,0.00005370,180.97261283,1
1506026441,22004227,0.00005353,14274.24081276,0
1506026441,22004225,0.00005300,14969.60075769,0
1506026441,22004224,0.00005300,4000.00000000,0
1506026441,22004223,0.00005300,721.02415341,0
1506026441,22004222,0.00005300,10675.00000000,0
1506026440,22004221,0.00005300,2150.00000000,0
1506026440,22004219,0.00005300,6150.00000000,0
1506026440,22004215,0.00005300,904.86306416,1
1506026440,22004214,0.00005300,16658.79329352,1
1506026440,22004213,0.00005276,305.07694362,0
1506026439,22004212,0.00005247,52.16995893,0
1506026439,22004211,0.00005247,267.30000000,1
1506026439,22004210,0.00005247,6572.42501200,1
1506026439,22004209,0.00005247,14528.09021800,1
1506026439,22004208,0.00005247,3000.00000000,1
1506026439,22004207,0.00005247,8140.60586900,1
1506026439,22004206,0.00005247,27608.99946000,1
1506026438,22004205,0.00005247,1744.96966200,1
1506026438,22004200,0.00005247,2128.11194000,1
1506026438,22004197,0.00005247,1668.99427100,1
1506026438,22004196,0.00005247,3712.34000000,1
1506026438,22004195,0.00005247,1533.98000000,1
1506026437,22004187,0.00005234,11099.86091794,0
1506026436,22004182,0.00005231,842.12290381,0
1506026436,22004181,0.00005231,24952.52468300,1
1506026436,22004179,0.00005231,1686.08057900,1
1506026436,22004178,0.00005231,1454.24422400,1
1506026436,22004175,0.00005229,1000.00000000,0
1506026435,22004174,0.00005228,289.42140103,0
1506026435,22004173,0.00005228,114.83693156,1
1506026435,22004172,0.00005228,1722.55397336,1
1506026435,22004170,0.00005228,429.34485000,1
1506026435,22004168,0.00005228,1722.90520980,1
1506026434,22004164,0.00005220,246.43814833,0
1506026434,22004161,0.00005220,253.56185167,0
1506026433,22004156,0.00005200,120.00000000,0
1506026433,22004155,0.00005200,64.00000000,0
1506026433,22004154,0.00005200,429.03225806,0
1506026433,22004152,0.00005200,2312.16909796,1
1506026433,22004150,0.00005199,500.00000000,0
1506026432,22004148,0.00005183,842.12290381,0
1506026432,22004147,0.00005183,1000.00000000,1
1506026432,22004146,0.00005181,272.86911372,0
1506026431,22004145,0.00005161,58.35292949,0
1506026431,22004144,0.00005161,2364.00000000,1
1506026431,22004143,0.00005161,203.49000000,1
1506026431,22004140,0.00005160,895.58823529,0
1506026430,22004138,0.00005150,699.50000000,0
1506026430,22004136,0.00005150,423.24494653,0
1506026430,22004134,0.00005150,1659.17871000,1
1506026430,22004129,0.00005149,5100.00000000,0
1506026429,22004128,0.00005136,842.12290381,0
1506026429,22004126,0.00005136,400.00000000,1
1506026429,22004124,0.00005136,73032.60300000,1
1506026428,22004121,0.00005133,255.24568374,0
1506026428,22004119,0.00005120,750.00000000,0
1506026428,22004118,0.00005120,7548.18689900,1
1506026428,22004117,0.00005120,191.67893370,1
1506026428,22004116,0.00005105,50.00000000,0
1506026427,22004115,0.00005100,251.50000000,0
1506026427,22004114,0.00005100,64.00000000,0
1506026427,22004113,0.00005100,1000.00000000,0
1506026427,22004112,0.00005100,1199.00000000,1
1506026426,22004108,0.00005091,323.00000000,0
1506026426,22004107,0.00005088,842.12290381,0
1506026426,22004105,0.00005088,18413.23749140,1
1506026426,22004103,0.00005088,3454.73485100,1
1506026426,22004102,0.00005088,6376.86976500,1
1506026426,22004100,0.00005088,1800.07453900,1
1506026425,22004095,0.00005086,236.31158439,0
1506026425,22004092,0.00005053,200.00000000,0
1506026425,22004090,0.00005053,242.37403558,1
1506026425,22004089,0.00005053,149.78310000,1
1506026424,22004088,0.00005041,842.12290381,0
1506026424,22004087,0.00005038,215.72197562,0
1506026424,22004085,0.00005038,1211.87017788,1
1506026423,22004083,0.00005032,4500.00000000,0
1506026423,22004081,0.00004993,842.12290381,0
1506026423,22004080,0.00004993,3369.28117600,1
1506026423,22004079,0.00004991,192.94760069,0
1506026422,22004078,0.00004983,5180.36839500,0
1506026422,22004077,0.00004983,5090.91318400,1
1506026422,22004073,0.00004945,842.12290381,0
1506026422,22004071,0.00004943,167.09752380,0
1506026422,22004070,0.00004943,9116.13479600,1
1506026421,22004069,0.00004943,18296.71084800,1
1506026421,22004068,0.00004898,842.12290381,0
1506026421,22004064,0.00004896,136.43455686,0
1506026421,22004063,0.00004896,4199.94739400,1
1506026421,22004062,0.00004896,601.00700000,1
1506026420,22004061,0.00004888,6790.16360400,0
1506026420,22004060,0.00004856,223.15382634,0
1506026420,22004059,0.00004856,19124.94240237,1
1506026420,22004058,0.00004856,2428.69000000,1
1506026419,22004056,0.00004850,842.12290381,0
1506026419,22004054,0.00004848,96.47380034,0
1506026419,22004053,0.00004848,770.22900000,1
1506026418,22004052,0.00004803,842.12290381,0
1506026418,22004051,0.00004801,295.12398994,0
1506026418,22004049,0.00004796,693.90000000,0
1506026417,22004048,0.00004795,73654.81900000,1
1506026417,22004046,0.00004795,1370.66404261,1
1506026417,22004044,0.00004795,15431.36166423,0
1506026416,22004042,0.00004795,41859.92700000,0
1506026412,22004032,0.00004797,6711.21638524,0
1506026412,22004030,0.00004796,1689.61500000,1
1506026410,22004027,0.00004752,209.99590604,0
1506026409,22004021,0.00004749,2364.00000000,1
1506026374,22003978,0.00004753,301.65472848,1
1506026373,22003972,0.00004754,1689.61500000,1
1506026371,22003969,0.00004752,259.87927142,0
1506026369,22003965,0.00004744,585.02400000,1
1506026369,22003959,0.00004752,57.56553756,0
1506026368,22003956,0.00004752,51.83610351,0
1506026367,22003954,0.00004752,142.36972203,0
1506026365,22003938,0.00004744,5416.57934000,1
1506026365,22003935,0.00004752,511.65066000,1
1506026358,22003856,0.00004856,307.38469462,1
1506026357,22003850,0.00004856,282.10255090,1
1506026357,22003848,0.00004856,1410.51275448,1
1506026356,22003843,0.00004876,842.12290381,0
1506026356,22003842,0.00004934,136.43455686,0
1506026356,22003840,0.00004934,96.47380034,0
1506026355,22003839,0.00004951,842.12290381,0
1506026355,22003838,0.00005053,53260.29316737,1
1506026355,22003836,0.00005053,3169.23653300,1
1506026355,22003835,0.00005053,2984.42130500,1
1506026355,22003834,0.00005053,1728.24223500,1
1506026355,22003833,0.00005053,19733.69421900,1
1506026355,22003832,0.00005053,33421.66576900,1
1506026355,22003830,0.00005053,29618.16700000,1
1506026354,22003829,0.00005053,11916.61418200,1
1506026354,22003828,0.00005053,3805.25528000,1
1506026354,22003826,0.00005053,3666.31474000,1
1506026354,22003825,0.00005053,954.61400000,1
1506026354,22003824,0.00005053,1814.55000000,1
1506026354,22003823,0.00005053,486.29700000,1
1506026354,22003822,0.00005053,2236.67877610,1
1506026353,22003821,0.00005053,22343.62404048,1
1506026351,22003809,0.00005052,842.12290381,0
1506026351,22003806,0.00005032,136.43455686,0
1506026351,22003804,0.00005032,10414.08669400,1
1506026351,22003803,0.00005032,10414.08669400,1
1506026351,22003802,0.00005032,2683.54602000,1
1506026350,22003801,0.00005032,16309.02225600,1
1506026350,22003800,0.00005032,3932.26000000,1
1506026350,22003798,0.00005032,1100.00000000,1
1506026350,22003797,0.00005032,857.22699276,1
1506026349,22003794,0.00005020,49.50000000,0
1506026349,22003790,0.00005003,842.12290381,0
1506026349,22003789,0.00005003,4500.00000000,1
1506026349,22003788,0.00005003,22872.73388900,1
1506026349,22003787,0.00005003,2380.47195000,1
1506026349,22003785,0.00005003,2335.89000000,1
1506026348,22003781,0.00005000,66.00000000,0
1506026347,22003778,0.00004999,300.00000000,0
1506026347,22003777,0.00004999,250.00000000,0
1506026347,22003775,0.00004999,385.33871894,0
1506026347,22003774,0.00004999,5288.33000800,1
1506026347,22003773,0.00004999,1738.62648508,1
1506026347,22003772,0.00004999,611.05245662,1
1506026346,22003770,0.00004983,96.47380034,0
1506026346,22003767,0.00004982,14447.31248647,0
1506026346,22003766,0.00004982,38568.81997500,1
1506026346,22003764,0.00004982,5873.39000000,1
1506026346,22003762,0.00004982,3055.26228311,1
1506026345,22003757,0.00004951,1117.73000000,0
1506026345,22003754,0.00004951,1117.73000000,0
1506026345,22003753,0.00004951,1117.73000000,0
1506026345,22003752,0.00004951,1117.73000000,0
1506026345,22003750,0.00004951,239.30000000,0
1506026345,22003748,0.00004951,878.43000000,0
1506026345,22003746,0.00004951,1117.73000000,0
1506026344,22003740,0.00004937,210.38145295,0
1506026344,22003738,0.00004937,8241.21910600,1
1506026344,22003734,0.00004923,2000.00000000,0
1506026343,22003732,0.00004918,300.00000000,0
1506026343,22003730,0.00004918,115.90843234,1
1506026343,22003725,0.00004917,56.10000000,0
1506026343,22003724,0.00004917,423.48246000,1
1506026342,22003722,0.00004900,100000.00000000,0
1506026342,22003721,0.00004888,188.00000000,0
1506026342,22003720,0.00004888,821.80236000,1
1506026341,22003718,0.00004876,100.00000000,0
1506026341,22003716,0.00004872,10000.00000000,0
1506026341,22003714,0.00004872,9559.05463286,1
1506026340,22003711,0.00004836,200.82000000,0
1506026340,22003710,0.00004836,173.92000000,0
1506026340,22003709,0.00004836,76.23283137,0
1506026340,22003708,0.00004836,65.76716863,0
1506026340,22003707,0.00004836,0.00000369,0
1506026340,22003706,0.00004836,100.40999631,0
1506026339,22003705,0.00004831,511.65066000,0
1506026339,22003704,0.00004831,19800.00000000,1
1506026339,22003703,0.00004826,344.78886598,0
1506026339,22003702,0.00004826,124.57819508,0
1506026339,22003701,0.00004814,65.00000000,0
1506026338,22003700,0.00004812,104.53190596,0
1506026338,22003699,0.00004787,9963.00000000,0
1506026337,22003698,0.00004786,81085.97435000,0
1506026337,22003697,0.00004786,20427.32761200,1
1506026337,22003696,0.00004782,754.38574891,0
1506026336,22003694,0.00004780,4019.30122635,1
1506026336,22003692,0.00004727,3771.92874457,0
1506026336,22003690,0.00004726,24973.14700000,0
1506026335,22003688,0.00004725,7589.22700000,1
1506026335,22003687,0.00004725,5635.90092625,0
1506026326,22003671,0.00004719,2677.97414706,0
1506026317,22003657,0.00004720,160.00000000,1
1506026272,22003555,0.00004721,3377.73660000,1
1506026220,22003424,0.00004724,300.00000000,1
1506026084,22002980,0.00004747,194.85991152,0
1506026056,22002944,0.00004747,420.00000000,0
1506025731,22002521,0.00004748,170.59814658,0
1506025683,22002390,0.00004738,1213.76611532,1
1506025682,22002380,0.00004738,10650.85000000,0
1506025682,22002379,0.00004736,16238.18699484,0
1506025682,22002377,0.00004734,3527.24358984,0
1506025681,22002376,0.00004734,1213.76611758,0
1506025652,22002303,0.00004733,503.01000000,0
1506025590,22002232,0.00004741,420.79730014,1
1506025455,22001998,0.00004751,61.78950000,0
1506025445,22001971,0.00004751,617.46030000,0
1506025436,22001952,0.00004754,0.00000015,1
1506025427,22001939,0.00004754,1696.34075690,1
1506025427,22001938,0.00004754,1443.17399210,1
1506025393,22001892,0.00004754,717.91175753,1
1506025393,22001891,0.00004754,208.42164647,1
1506025392,22001890,0.00004754,320.58000000,1
1506025392,22001889,0.00004754,814.78486200,1
1506025385,22001882,0.00004754,1630.28208650,1
1506025362,22001855,0.00004754,2930.72170950,1
1506025362,22001854,0.00004754,200.78318885,1
1506025362,22001853,0.00004755,3052.08842165,1
1506025356,22001847,0.00004755,3745.61390865,1
1506025356,22001846,0.00004756,2385.22470735,1
1506025345,22001838,0.00004784,2385.22470735,0
1506025342,22001829,0.00004755,3049.29675400,1
1506025333,22001814,0.00004755,2364.00000000,1
1506025291,22001737,0.00004778,100.20971118,0
1506025094,22001520,0.00004766,1431.76660000,1
1506025015,22001406,0.00004773,4467.11039300,1
1506025015,22001404,0.00004773,1425.17840000,1
1506024936,22001322,0.00004783,313.17744387,1
1506024936,22001320,0.00004783,226.99229571,1
1506024936,22001319,0.00004784,206.51462642,1
1506024836,22001111,0.00004797,1779.09248000,0
1506024801,22000980,0.00004799,383.80752000,1
1506024722,22000767,0.00004787,300.00000000,1
1506024719,22000746,0.00004786,957.16644586,1
1506024718,22000743,0.00004786,1696.34075705,0
1506024717,22000733,0.00004786,2161.08574963,0
1506024717,22000731,0.00004786,208.42164647,0
1506024713,22000719,0.00004786,320.58000000,0
1506024666,22000614,0.00004786,814.78486200,0
1506024659,22000593,0.00004785,1302.38161000,0
1506024649,22000558,0.00004785,3384.04654300,0
1506024621,22000475,0.00004786,4561.00379600,0
1506024611,22000446,0.00004786,200.78318885,0
1506024611,22000445,0.00004785,39.35733115,0
1506024592,22000337,0.00004783,236.82839211,0
1506024586,22000274,0.00004785,1523.24007800,0
1506024574,22000222,0.00004785,3114.92378400,0
1506024572,22000215,0.00004785,686.43124000,0
1506024563,22000179,0.00004785,662.81176000,0
1506024539,22000117,0.00004783,2092.00000000,0
1506024533,22000089,0.00004785,135.17253000,0
1506024530,22000065,0.00004785,2250.98822982,0
1506024526,22000040,0.00004785,2864.24952000,0
1506024396,21999810,0.00004785,3185.29613200,0
1506024396,21999809,0.00004785,590.00000000,0
1506024126,21999532,0.00004771,70.86278842,1
1506024077,21999459,0.00004783,4764.16644800,0
1506024034,21999440,0.00004782,4647.93058176,1
1506023961,21999361,0.00004783,2606.90508049,0
1506023917,21999325,0.00004742,1742.72334399,0
1506023917,21999324,0.00004742,2553.06090585,0
1506023916,21999322,0.00004764,13552.70900000,1
1506023916,21999321,0.00004769,1415.76820000,0
1506023914,21999320,0.00004770,135.73855016,1
1506023810,21999264,0.00004779,1252.36179117,0
1506023676,21999106,0.00004761,4667.82477100,0
1506023405,21998685,0.00004732,482.09732550,1
1506023405,21998684,0.00004733,929.74797450,1
1506023399,21998669,0.00004743,3645.36449700,1
1506023393,21998651,0.00004750,297.00000000,1
1506023266,21998457,0.00004772,243.57314000,0
1506023264,21998451,0.00004766,3197.32950789,1
1506023257,21998448,0.00004772,242.63572339,0
1506023255,21998445,0.00004772,233.71303464,0
1506023253,21998443,0.00004766,1475.36800000,1
1506023217,21998423,0.00004767,2985.18197000,1
1506023173,21998356,0.00004784,5545.51964882,1
1506023173,21998355,0.00004771,5551.71981135,0
1506023173,21998353,0.00004768,9801.17000000,0
1506023089,21998253,0.00004778,214.94349100,1
1506022937,21998064,0.00004744,508.87194800,1
1506022937,21998063,0.00004746,587.81700000,1
1506022917,21998039,0.00004746,9375.18300000,1
1506022787,21997934,0.00004744,607.07041000,1
1506022761,21997911,0.00004745,1764.25907700,1
1506022714,21997856,0.00004750,1791.33252553,1
1506022703,21997836,0.00004745,1436.02500000,1
1506022703,21997835,0.00004755,3570.38300711,1
1506022703,21997834,0.00004757,16253.16855646,1
1506022702,21997830,0.00004764,104.95382032,1
1506022540,21997605,0.00004782,50.00000000,0
1506022350,21997297,0.00004778,373.74605500,1
1506022350,21997296,0.00004785,590.00000000,1
1506022261,21997139,0.00004787,135.29621892,0
1506022242,21997102,0.00004782,87.85857094,1
1506022241,21997099,0.00004782,794.98541500,1
1506022188,21997007,0.00004789,101.76947170,0
1506022105,21996771,0.00004778,124.99818900,1
1506022094,21996755,0.00004779,174.32431927,1
1506022009,21996628,0.00004779,449.02500100,1
1506022008,21996627,0.00004779,117.10332400,1
1506022006,21996618,0.00004780,1693.88030288,1
1506021966,21996576,0.00004795,83.21209593,0
1506021958,21996559,0.00004780,478.53896600,1
1506021688,21995766,0.00004778,311.13141000,0
1506021681,21995749,0.00004785,103.54893857,1
1506021681,21995748,0.00004785,1459.94029863,0
1506021655,21995703,0.00004787,2348.18612909,0
1506021636,21995662,0.00004778,1782.81650121,1
1506021636,21995660,0.00004781,603.00000000,1
1506021636,21995658,0.00004781,106.83448063,1
1506021602,21995569,0.00004781,513.72710963,1
1506021579,21995539,0.00004774,101.96183300,1
1506021579,21995537,0.00004776,761.12505000,1
1506021555,21995520,0.00004777,3553.93996200,1
1506021543,21995490,0.00004783,239.04720000,0
1506021536,21995471,0.00004780,2390.22720000,1
1506021392,21995165,0.00004777,2472.71668980,1
1506021392,21995164,0.00004778,1942.19092220,1
1506021359,21995112,0.00004798,113.41725719,0
1506021353,21995095,0.00004797,97.56097560,1
1506021332,21995023,0.00004780,750.99677695,1
1506021332,21995022,0.00004780,1415.10320000,1
1506021231,21994807,0.00004787,532.35564400,0
1506021207,21994758,0.00004786,0.00000358,0
1506021206,21994755,0.00004786,5428.15484000,0
1506021183,21994688,0.00004789,106.80092000,1
1506021182,21994681,0.00004780,160.00000000,0
1506021177,21994652,0.00004777,76.14306000,1
1506021160,21994596,0.00004777,0.89698067,0
1506021043,21994224,0.00004773,64.86426000,1
1506021035,21994202,0.00004775,648.39852000,0
1506020990,21994099,0.00004765,266.47981680,0
1506020989,21994093,0.00004765,2656.95957400,0
1506020982,21994034,0.00004754,1332.11331800,1
1506020969,21993979,0.00004756,1493.73804300,1
1506020872,21993604,0.00004761,172.43190000,0
1506020757,21993139,0.00004760,1194.49264706,0
1506020591,21992942,0.00004755,617.69316508,0
1506020590,21992940,0.00004750,7391.42677700,1
1506020590,21992938,0.00004750,1160.69861573,1
1506020082,21992645,0.00004765,518.62413431,0
1506020080,21992641,0.00004757,0.44000000,0
1506019933,21992590,0.00004764,628.00000000,1
1506019876,21992552,0.00004764,521.70340050,0
1506019308,21991974,0.00004769,323.10547284,0
1506019308,21991973,0.00004768,334.32622122,1
1506019307,21991972,0.00004766,1933.97572287,0
1506018956,21991772,0.00004761,1299.00735139,0
1506018885,21991741,0.00004761,30.79151783,1
1506018872,21991734,0.00004761,520.51388045,1
1506018863,21991725,0.00004761,521.60252717,0
1506018862,21991716,0.00004761,670.51739000,0
1506018841,21991677,0.00004762,4202.58714825,0
1506018841,21991676,0.00004762,1459.10580898,0
1506018749,21991629,0.00004768,99.15663661,0
1506018646,21991515,0.00004771,1115.33703626,0
1506018636,21991502,0.00004770,1148.25340599,0
1506018473,21991268,0.00004766,1490.02038563,0
1506018424,21991231,0.00004766,4313.92446496,0
1506018423,21991230,0.00004765,3077.65756401,1
1506018422,21991229,0.00004765,3077.65756401,0
1506018353,21991137,0.00004750,1336.51262800,1
1506018128,21990948,0.00004766,14668.27528325,0
1506018120,21990938,0.00004750,4273.85258424,1
1506018120,21990937,0.00004751,1171.45721476,1
1506018010,21990898,0.00004768,292.89177852,0
1506017894,21990733,0.00004750,299.98000000,1
1506017889,21990732,0.00004768,878.56543624,1
1506017796,21990608,0.00004771,1411.83270000,1
1506017793,21990604,0.00004781,1276.95301933,1
1506017791,21990596,0.00004781,570.65800000,1
1506017788,21990589,0.00004781,1454.41668800,1
1506017767,21990569,0.00004781,23860.64738500,1
1506017765,21990568,0.00004781,1261.14039766,1
1506017765,21990567,0.00004783,192.91030734,1
1506017753,21990550,0.00004781,2266.56418200,1
1506017752,21990547,0.00004781,2168.30000000,1
1506017748,21990544,0.00004781,917.43581800,1
1506017742,21990540,0.00004781,2067.56418200,1
1506017738,21990533,0.00004781,1116.43581800,1
1506017733,21990530,0.00004781,2985.00000000,1
1506017729,21990519,0.00004781,2985.00000000,1
1506017727,21990517,0.00004781,29674.67967200,1
1506017727,21990516,0.00004781,199.00000000,1
1506017720,21990509,0.00004781,199.00000000,1
1506017719,21990508,0.00004781,2985.00000000,1
1506017715,21990506,0.00004781,199.00000000,1
1506017713,21990505,0.00004781,2985.00000000,1
1506017710,21990504,0.00004781,199.00000000,1
1506017706,21990501,0.00004781,3184.00000000,1
1506017704,21990498,0.00004781,2985.00000000,1
1506017700,21990495,0.00004781,30309.98187800,1
1506017698,21990494,0.00004781,1183.05522000,1
1506017679,21990486,0.00004781,3184.00000000,1
1506017676,21990484,0.00004781,1460.87616813,1
1506017676,21990483,0.00004782,1301.16093187,1
1506017666,21990479,0.00004781,2985.00000000,1
1506017661,21990474,0.00004781,3184.00000000,1
1506017656,21990468,0.00004783,199.00000000,1
1506017655,21990466,0.00004782,2985.00000000,1
1506017652,21990463,0.00004781,199.00000000,1
1506017651,21990461,0.00004781,2985.00000000,1
1506017650,21990460,0.00004781,500.00000000,1
1506017646,21990447,0.00004781,3184.00000000,1
1506017642,21990443,0.00004781,199.00000000,1
1506017640,21990442,0.00004781,2985.00000000,1
1506017638,21990441,0.00004781,2985.00000000,1
1506017637,21990440,0.00004781,198.99799400,1
1506017633,21990438,0.00004781,198.99760400,1
1506017628,21990434,0.00004781,2985.00000000,1
1506017624,21990433,0.00004781,199.00000000,1
1506017618,21990425,0.00004781,199.00000000,1
1506017617,21990423,0.00004781,2985.00000000,1
1506017613,21990418,0.00004781,2985.00000000,1
1506017610,21990412,0.00004781,329.21343300,1
1506017608,21990408,0.00004781,3184.00000000,1
1506017594,21990403,0.00004781,30330.77462000,1
1506017573,21990379,0.00004788,519.15204678,0
1506017451,21990332,0.00004789,518.69743161,0
1506017378,21990281,0.00004782,3096.80911680,0
1506017357,21990255,0.00004781,964.22170600,1
1506017356,21990254,0.00004781,2432.94505200,1
1506017343,21990247,0.00004781,10687.90869500,1
1506017295,21990207,0.00004781,3647.27156100,1
1506017292,21990202,0.00004781,805.15994301,1
1506017287,21990199,0.00004781,1984.81097700,1
1506017287,21990197,0.00004781,2895.45703703,1
1506017282,21990186,0.00004781,1123.83778400,1
1506017276,21990178,0.00004781,1618.73010000,1
1506017238,21990135,0.00004781,199.00000000,1
1506017235,21990126,0.00004781,199.00000000,1
1506017232,21990121,0.00004781,3830.31095400,1
1506017230,21990116,0.00004781,199.00000000,1
1506017228,21990115,0.00004781,2985.00000000,1
1506017226,21990112,0.00004781,4557.89463100,1
1506017224,21990107,0.00004781,199.00000000,1
1506017223,21990105,0.00004781,3228.61539500,1
1506017197,21990013,0.00004781,2333.14132800,1
1506017196,21990011,0.00004781,11702.79515246,1
1506017196,21990010,0.00004782,5129.28174754,1
1506017195,21990004,0.00004781,1662.74085198,1
1506017195,21990002,0.00004782,5667.71510144,1
1506017195,21990001,0.00004783,9120.29474558,1
1506017130,21989947,0.00004783,199.00000000,1
1506017097,21989928,0.00004780,158.33832838,0
1506016791,21989739,0.00004780,1231.33686800,0
1506016779,21989734,0.00004776,312.30000000,0
1506016549,21989570,0.00004778,2403.93515800,0
1506016480,21989505,0.00004776,927.03896000,1
1506016477,21989497,0.00004776,807.96104000,1
1506016475,21989496,0.00004777,1949.88622900,1
1506016444,21989404,0.00004791,0.00000080,1
1506016425,21989357,0.00004791,208.40576000,1
1506016358,21989277,0.00004788,1195.20000000,1
1506016209,21989119,0.00004783,3794.02008800,1
1506016206,21989113,0.00004785,2175.97991200,1
1506016185,21989088,0.00004788,973.16819264,0
1506016159,21989078,0.00004777,0.98690000,1
1506016159,21989077,0.00004780,1402.96310000,1
1506016139,21989056,0.00004776,4055.23526600,1
1506016074,21989008,0.00004788,312.50187970,0
1506016010,21988973,0.00004780,1098.72765400,0
1506015980,21988961,0.00004780,7391.42677700,0
1506015923,21988924,0.00004780,7071.04382797,0
1506015922,21988923,0.00004776,9933.72881355,0
1506015922,21988922,0.00004775,4564.71360148,0
1506015907,21988915,0.00004775,573.46022600,0
1506015792,21988827,0.00004774,5223.50230414,0
1506015752,21988781,0.00004775,195.89717277,0
1506015670,21988557,0.00004771,2252.71449122,0
1506015650,21988419,0.00004759,2292.02245100,0
1506015595,21988300,0.00004746,200.00000000,1
1506015388,21988121,0.00004744,2115.97163300,1
1506015382,21988115,0.00004756,3271.05382674,0
1506015382,21988114,0.00004750,6645.50390073,1
1506015382,21988113,0.00004750,1420.15640000,0
1506015380,21988108,0.00004749,2477.43510007,0
1506015337,21988069,0.00004744,1218.66210200,1
1506015309,21988044,0.00004744,49.42390700,1
1506015308,21988043,0.00004745,119.13646000,1
1506015133,21987897,0.00004749,313.01326595,0
1506015122,21987886,0.00004745,555.80300000,1
1506015114,21987855,0.00004745,11587.48590000,0
1506015114,21987853,0.00004745,2435.54391325,0
1506014986,21987717,0.00004741,247.07613000,0
1506014903,21987565,0.00004747,32329.35547676,1
1506014802,21987460,0.00004747,268.82751700,1
1506014799,21987459,0.00004747,500.00000000,1
1506014786,21987454,0.00004747,199.00000000,1
1506014786,21987453,0.00004747,2991.12391600,1
1506014777,21987449,0.00004747,2831.00000000,1
1506014775,21987448,0.00004747,199.00000000,1
1506014775,21987447,0.00004747,3184.00000000,1
1506014770,21987442,0.00004747,199.00000000,1
1506014769,21987441,0.00004747,2985.00000000,1
1506014766,21987437,0.00004747,570.61000000,1
1506014764,21987431,0.00004747,199.00000000,1
1506014763,21987427,0.00004747,2985.00000000,1
1506014760,21987424,0.00004747,199.00000000,1
1506014759,21987423,0.00004747,2985.00000000,1
1506014749,21987420,0.00004747,14435.34000000,1
1506014745,21987413,0.00004747,1864.91940200,1
1506014741,21987409,0.00004747,1072.04814100,1
1506014739,21987408,0.00004747,3184.00000000,1
1506014736,21987407,0.00004747,1648.26728900,1
1506014669,21987338,0.00004747,1431.41695800,1
1506014665,21987330,0.00004747,19746.60303700,1
1506014665,21987328,0.00004747,73243.84862039,1
1506014665,21987327,0.00004748,1733.17937961,1
1506014657,21987311,0.00004747,8291.52686389,1
1506014656,21987309,0.00004748,1915.26826311,1
1506014644,21987292,0.00004747,1825.91756542,1
1506014644,21987291,0.00004748,2116.49799558,1
1506014642,21987286,0.00004750,989.12516200,1
1506014623,21987278,0.00004749,7826.83754400,1
1506014534,21987236,0.00004749,366.90958300,1
1506014496,21987197,0.00004748,120.66532200,1
1506014486,21987190,0.00004747,8779.19280599,1
1506014486,21987189,0.00004748,553.85276701,1
1506014484,21987186,0.00004748,1735.50000000,1
1506014460,21987170,0.00004747,601.14213500,1
1506014458,21987169,0.00004747,595.45012991,1
1506014457,21987168,0.00004748,852.17123709,1
1506014456,21987166,0.00004749,1001.58897600,1
1506014456,21987165,0.00004749,6719.04490400,1
1506014454,21987163,0.00004747,7748.31818924,1
1506014454,21987161,0.00004747,7342.23193654,1
1506014454,21987160,0.00004746,1111.50000000,0
1506014124,21986875,0.00004722,1219.37465100,1
1506014055,21986790,0.00004722,1475.08160800,1
1506014055,21986789,0.00004726,76.89366000,1
1506013988,21986631,0.00004720,1480.62417500,1
1506013970,21986589,0.00004731,2917.59126079,0
1506013925,21986441,0.00004720,369.14815900,0
1506013894,21986401,0.00004720,718.67582492,1
1506013821,21986270,0.00004720,7131.06366800,1
1506013820,21986263,0.00004720,718.67582500,1
1506013799,21986214,0.00004720,1228.11127152,1
1506013799,21986213,0.00004721,202.00792148,1
1506013782,21986185,0.00004720,137.20222411,1
1506013781,21986184,0.00004722,2832.79777589,1
1506013774,21986171,0.00004722,3681.79827000,0
1506013751,21986108,0.00004724,1511.44826400,0
1506013749,21986097,0.00004725,1613.43500000,1
1506013749,21986095,0.00004731,330.16500000,1
1506013611,21985776,0.00004726,2438.42378151,0
1506013596,21985722,0.00004724,2614.04386315,1
1506013578,21985681,0.00004733,118.86210600,0
1506013574,21985667,0.00004733,7114.62723600,0
1506013569,21985648,0.00004732,581.35933752,1
1506013075,21984963,0.00004751,422.10000000,0
1506012731,21984441,0.00004778,5292.60841356,0
1506012729,21984429,0.00004749,388.06415116,0
1506012728,21984405,0.00004748,597.62005054,0
1506012640,21984188,0.00004747,82.96018538,0
1506012593,21984078,0.00004740,2000.00000000,1
1506012572,21984009,0.00004741,2000.00000000,1
1506012563,21984002,0.00004749,1748.34702042,0
1506012528,21983892,0.00004746,2199.30000000,1
1506012343,21983636,0.00004756,1563.05220883,1
1506012331,21983607,0.00004775,300.81842932,0
1506012139,21983288,0.00004766,534.90300000,1
1506012131,21983278,0.00004764,386.78300000,1
1506012101,21983232,0.00004788,415.32706766,0
1506012100,21983229,0.00004781,888.45263912,0
1506011999,21983093,0.00004764,166.13818266,0
1506011999,21983090,0.00004765,1395.62990000,1
1506011995,21983072,0.00004773,1559.24225000,0
1506011974,21983013,0.00004746,494.04476639,1
1506011871,21982783,0.00004785,23118.14894684,1
1506011865,21982777,0.00004777,3828.63682316,0
1506011828,21982674,0.00004776,548.69717000,0
1506011709,21982434,0.00004777,589.59598074,0
1506011326,21981128,0.00004762,1583.54029904,0
1506011163,21980913,0.00004762,194.55970096,0
1506011163,21980912,0.00004762,1499.85429404,0
1506011155,21980902,0.00004762,50.00000000,0
1506010973,21980584,0.00004779,329.58472890,0
1506010973,21980583,0.00004778,250.73804110,0
1506010971,21980579,0.00004778,1160.96588827,0
1506010971,21980578,0.00004778,1643.10715173,0
1506010886,21980411,0.00004764,919.20218884,1
1506010881,21980398,0.00004764,1188.50134700,1
1506010877,21980392,0.00004767,1526.89715486,1
1506010836,21980296,0.00004769,199.80000000,0
1506010699,21980037,0.00004785,94.42980000,0
1506010664,21979959,0.00004779,1301.97869400,1
1506010658,21979933,0.00004787,618.00000000,0
1506010555,21979619,0.00004788,299.00286000,0
1506010547,21979593,0.00004780,160.48895812,0
1506010542,21979580,0.00004780,2129.15762400,0
1506010540,21979576,0.00004780,160.48895800,0
1506010534,21979560,0.00004780,2184.64907560,0
1506010534,21979559,0.00004780,1550.04291740,0
1506010513,21979403,0.00004780,3031.43492000,0
1506010508,21979362,0.00004780,2684.82753300,0
1506010507,21979353,0.00004780,521.88235326,0
1506010507,21979352,0.00004778,2978.11764674,0
1506010477,21979193,0.00004779,249.29327000,1
1506010474,21979187,0.00004780,5195.45543933,0
1506010468,21979119,0.00004780,5716.26245300,0
1506010459,21979072,0.00004780,1297.80209205,0
1506010455,21979062,0.00004780,688.09619600,0
1506010448,21979018,0.00004779,845.08379600,0
1506010437,21978974,0.00004780,1768.97454785,0
1506010437,21978973,0.00004779,4891.37718315,0
1506010428,21978953,0.00004779,3552.45264674,1
1506010413,21978910,0.00004779,1943.79978700,0
1506010389,21978811,0.00004779,300.23928000,0
1506010375,21978757,0.00004778,2697.42809889,1
1506010327,21978549,0.00004779,1067.64864853,0
1506010159,21978294,0.00004779,364.35342121,0
1506010158,21978293,0.00004778,2207.68425289,0
1506010127,21978279,0.00004779,1565.54300062,0
1506010125,21978278,0.00004778,1006.23642328,0
1506010108,21978271,0.00004778,854.60171619,0
1506010108,21978270,0.00004778,2193.30000000,0
1506010094,21978258,0.00004756,4754.80694711,1
1506010093,21978257,0.00004757,1375.29780000,1
1506010093,21978256,0.00004758,14650.71100000,0
1506010093,21978255,0.00004763,2011.50000000,1
1506010092,21978253,0.00004764,2207.68425289,1
1506009857,21977982,0.00004774,1635.66000000,0
1506009775,21977785,0.00004770,1817.40000000,1
1506009768,21977760,0.00004769,1045.88997178,0
1506009656,21977415,0.00004755,545.32071503,0
1506009651,21977393,0.00004746,2495.37417398,0
1506009649,21977377,0.00004742,1139.40000000,0
1506009617,21977244,0.00004742,1162.09996865,1
1506009428,21976953,0.00004766,8748.75093800,0
1506009419,21976936,0.00004766,9232.74635900,0
1506009378,21976859,0.00004754,227.00000000,1
1506009241,21976708,0.00004753,3178.73043924,0
1506009239,21976704,0.00004754,1874.26956106,1
1506009105,21976461,0.00004772,2865.08675607,0
1506009057,21976400,0.00004753,13825.11078200,1
1506008881,21976031,0.00004760,577.08500000,1
1506008757,21975875,0.00004760,1336.51262810,1
1506008742,21975825,0.00004764,3051.22254900,0
1506008739,21975812,0.00004765,113.59118532,1
1506008739,21975811,0.00004765,1703.86777986,1
1506008728,21975781,0.00004780,208.68326360,0
1506008692,21975716,0.00004780,611.53828451,0
1506008660,21975670,0.00004764,3008.31977100,1
1506008482,21975389,0.00004779,138.72165713,0
1506008482,21975388,0.00004779,0.00000012,0
1506008427,21975282,0.00004779,3646.93120996,0
1506008427,21975281,0.00004778,4930.15582604,0
1506008427,21975280,0.00004775,1760.00000000,0
1506008427,21975279,0.00004768,1804.57906000,0
1506008411,21975223,0.00004768,391.82094000,0
1506008337,21975112,0.00004773,496.71144000,0
1506008259,21974989,0.00004766,2954.44577871,0
1506008259,21974988,0.00004766,604.12159329,0
1506008208,21974911,0.00004766,2442.00000000,0
1506008170,21974807,0.00004760,1402.86960000,1
1506008164,21974778,0.00004762,107.26990000,1
1506008164,21974777,0.00004762,701.87484300,1
1506008162,21974771,0.00004763,4446.43709100,1
1506008157,21974755,0.00004763,224.97269343,1
1506008157,21974753,0.00004763,2196.40000000,1
1506008148,21974712,0.00004762,3041.69971671,1
1506008119,21974545,0.00004778,417.53871912,0
1506007973,21974125,0.00004779,281.30949000,0
1506007968,21974111,0.00004771,1572.91956000,0
1506007963,21974100,0.00004770,4500.00000000,1
1506007704,21973496,0.00004764,862.30725464,0
1506007655,21973327,0.00004756,576.72066396,0
1506007608,21973068,0.00004756,985.70227081,0
1506007560,21972651,0.00004762,0.00004406,1
1506007556,21972633,0.00004762,898.77117923,1
1506007544,21972517,0.00004765,898.20534856,0
1506007500,21972290,0.00004778,3400.22392214,0
1506007498,21972266,0.00004778,2388.65956176,0
1506007497,21972259,0.00004778,829.79543000,0
1506007495,21972253,0.00004777,270.25918794,0
1506007493,21972234,0.00004778,2250.17285657,0
1506007416,21971869,0.00004779,62.35614145,0
1506007414,21971853,0.00004768,0.00000279,0
1506007393,21971634,0.00004768,1119.30751000,0
1506007379,21971548,0.00004768,505.17491610,0
1506007358,21971420,0.00004768,194.85558000,0
1506007310,21971180,0.00004768,255.46082000,0
1506007266,21971025,0.00004768,286.88305000,0
1506007234,21970954,0.00004758,4627.00000000,1
1506007234,21970952,0.00004768,464.78838087,0
1506007233,21970949,0.00004759,499.00000000,1
1506007229,21970942,0.00004759,1325.30676900,1
1506007043,21970001,0.00004751,2038.27105891,0
1506007020,21969893,0.00004753,390.26488533,0
1506006858,21969431,0.00004745,1375.08973230,0
1506006823,21969397,0.00004749,1413.66844879,0
1506006780,21969376,0.00004738,1299.85940687,0
1506006750,21969342,0.00004739,603.73454315,0
1506006625,21969113,0.00004735,1021.44693100,1
1506006615,21969099,0.00004735,212.81459900,1
1506006613,21969096,0.00004739,282.91968000,0
1506006605,21969089,0.00004739,1361.27780336,0
1506006591,21969038,0.00004740,1247.69916000,0
1506006537,21968956,0.00004751,42.31656493,0
1506006403,21968848,0.00004756,605.01303069,0
1506006241,21968661,0.00004759,789.13133011,0
1506006173,21968474,0.00004754,275.50143100,1
1506006168,21968464,0.00004754,2284.49856900,1
1506005971,21967990,0.00004755,1509.37669200,0
1506005872,21967799,0.00004768,48.81817904,1
1506005872,21967796,0.00004767,2296.02854039,0
1506005872,21967795,0.00004755,2500.00000000,0
1506005871,21967788,0.00004753,52.30770745,0
1506005848,21967683,0.00004753,700.87482379,0
1506005845,21967659,0.00004754,111.29674555,1
1506005845,21967658,0.00004754,1651.14854378,1
1506005843,21967648,0.00004754,18.30263947,0
1506005843,21967646,0.00004754,173.13764490,0
1506005832,21967563,0.00004739,1670.92774108,1
1506005827,21967507,0.00004739,1670.92774108,1
1506005826,21967500,0.00004754,1927.57873600,0
1506005819,21967440,0.00004754,652.02986958,0
1506005817,21967403,0.00004750,1518.62683677,0
1506005751,21967065,0.00004750,887.91957894,0
1506005742,21967053,0.00004750,737.98836000,1
1506005667,21966780,0.00004751,1540.41928015,0
1506005437,21966574,0.00004734,2968.16666666,1
1506005237,21966175,0.00004751,729.44958956,1
1506005237,21966173,0.00004750,160.00000000,0
1506005235,21966165,0.00004738,1617.70000000,0
1506005034,21965888,0.00004737,502.87270424,0
1506004984,21965872,0.00004740,1257.30021097,0
1506004747,21965702,0.00004734,500.08365019,0
1506004095,21965029,0.00004739,10524.37223042,0
1506003832,21964963,0.00004734,2317.29066328,0
1506003832,21964962,0.00004731,2729.44787733,1
1506003748,21964946,0.00004735,4304.41414994,0
1506003746,21964945,0.00004734,2030.49467493,0
1506003647,21964914,0.00004734,273.76425855,0
1506003523,21964838,0.00004717,1765.96995826,1
1506003258,21964757,0.00004720,8508.48723000,1
1506003254,21964755,0.00004722,1648.98587369,0
1506003252,21964746,0.00004722,1618.19793965,1
1506002945,21964634,0.00004736,100.00000000,0
1506002737,21964488,0.00004737,494.68693265,0
1506002313,21964353,0.00004715,499.54023231,1
1506002268,21964330,0.00004733,421.33910838,1
1506002190,21964305,0.00004736,1347.98120777,0
1506002166,21964301,0.00004747,1050.67010744,0
1506002076,21964237,0.00004735,499.54023231,0
1506001808,21964125,0.00004736,5038.97170608,0
1506001773,21964121,0.00004735,354.60232313,0
1506001451,21964021,0.00004725,0.00000045,0
1506001407,21963988,0.00004725,4271.50608000,0
1506000707,21963639,0.00004725,2604.49396825,0
1506000345,21963466,0.00004745,1841.36564805,0
1506000343,21963463,0.00004733,2212.10000000,0
1506000343,21963462,0.00004733,1000.00000000,0
1505999965,21963287,0.00004726,704.49131086,1
1505999929,21963279,0.00004726,984.20949320,0
1505999253,21962984,0.00004722,2325.74644208,0
1505999104,21962895,0.00004722,70.09339263,0
1505997787,21962385,0.00004718,2212.10000000,1
1505997665,21962269,0.00004733,203.26051130,0
1505997625,21962257,0.00004726,50.00000000,1
1505997478,21962175,0.00004746,607.14866045,1
1505997403,21962150,0.00004746,488.90497480,0
1505997362,21962135,0.00004748,559.04916154,0
1505997238,21962099,0.00004745,1578.99957850,0
1505997099,21962059,0.00004746,42.03560893,0
1505996919,21961948,0.00004732,145.45202874,0
1505996745,21961908,0.00004754,41.96487169,0
1505996375,21961815,0.00004744,338.72545550,0
1505996330,21961793,0.00004744,308.15818043,0
1505996282,21961766,0.00004745,317.67018054,0
1505996167,21961686,0.00004741,1513.59001100,1
1505996112,21961664,0.00004741,145.35998900,1
1505995954,21961618,0.00004741,2926.00000000,1
1505995899,21961596,0.00004741,22668.05000000,1
1505995859,21961589,0.00004741,2747.00000000,1
1505995851,21961588,0.00004742,2926.00000000,1
1505995845,21961587,0.00004742,2043.00000000,1
1505995581,21961484,0.00004750,876.92973270,1
1505995560,21961479,0.00004750,459.55264453,1
1505995557,21961478,0.00004750,4172.23000000,1
1505995556,21961476,0.00004750,3152.19000000,1
1505995555,21961474,0.00004750,582.31480000,1
1505995555,21961471,0.00004750,474.35102889,1
1505995554,21961470,0.00004750,583.30600000,1
1505995551,21961463,0.00004750,10540.14671000,1
1505995551,21961462,0.00004750,727.09000000,1
1505995548,21961460,0.00004745,2338.76206017,0
1505995548,21961459,0.00004744,3733.12702371,0
1505995548,21961458,0.00004743,1200.00000000,0
1505995548,21961457,0.00004737,160.00000000,0
1505995548,21961456,0.00004735,1000.00000000,0
1505995548,21961455,0.00004734,20000.00000000,0
1505995512,21961444,0.00004730,18679.80882798,0
1505995490,21961440,0.00004730,628.46237500,0
1505995487,21961439,0.00004729,5919.98020000,0
1505995487,21961438,0.00004718,31.62921900,0
1505995137,21961303,0.00004718,5068.37078100,0
1505993838,21960761,0.00004712,500.00000000,0
1505993785,21960750,0.00004712,330.24384550,0
1505993733,21960742,0.00004713,649.76532994,0
1505993632,21960661,0.00004712,50.00000000,0
1505993359,21960517,0.00004712,529.23705433,0
1505993003,21960399,0.00004706,1548.61432214,0
1505992861,21960297,0.00004710,2436.08683651,0
1505992627,21960182,0.00004705,126.70690754,0
1505992569,21960158,0.00004705,82.67800212,0
1505992478,21960097,0.00004707,165.60718079,0
1505992242,21959965,0.00004703,46.97852434,0
1505992200,21959941,0.00004687,2335.71489269,1
1505992200,21959940,0.00004688,357.64572031,1
1505992164,21959909,0.00004687,816.28510700,1
1505992161,21959908,0.00004687,1621.85889677,1
1505992161,21959907,0.00004688,517.85599623,1
1505992160,21959906,0.00004688,196.00000000,1
1505992157,21959905,0.00004687,197.00000000,1
1505992156,21959904,0.00004687,2955.00000000,1
1505992149,21959901,0.00004687,575.57297124,1
1505992147,21959898,0.00004688,1424.42702876,1
1505992140,21959894,0.00004687,196.00000000,1
1505992130,21959884,0.00004688,2646.30687400,1
1505992129,21959882,0.00004688,196.00000000,1
1505992114,21959870,0.00004688,835.61328900,1
1505992104,21959848,0.00004688,143.98724000,1
1505991989,21959808,0.00004704,169.64285714,0
1505991766,21959648,0.00004687,2254.43679735,1
1505991766,21959647,0.00004688,866.56320265,1
1505991765,21959645,0.00004688,2754.84703600,1
1505991686,21959567,0.00004688,5938.88000000,1
1505991597,21959495,0.00004680,62.97388374,1
1505991415,21959429,0.00004688,2231.00000000,0
1505990063,21958781,0.00004650,3401.29410888,0
1505990062,21958779,0.00004650,4284.38103500,0
1505990061,21958778,0.00004650,1223.99803600,0
1505990061,21958777,0.00004650,824.31915800,0
1505990061,21958776,0.00004650,3738.74906100,0
1505990061,21958775,0.00004650,1769.63001000,0
1505990060,21958774,0.00004650,5392.93653900,0
1505990060,21958773,0.00004650,1837.89867000,0
1505990058,21958771,0.00004650,3401.29410900,0
1505990058,21958769,0.00004650,165.31595681,0
1505990057,21958768,0.00004650,824.70831016,0
1505990057,21958767,0.00004650,6654.44227944,0
1505990056,21958766,0.00004650,200.00000000,1
1505990056,21958765,0.00004650,5148.90322580,1
1505990056,21958764,0.00004650,160.00000000,1
1505990056,21958763,0.00004650,1174.51001145,1
1505990056,21958762,0.00004651,62594.93100000,1
1505990056,21958761,0.00004666,165.26305006,1
1505990056,21958760,0.00004668,10542.91700000,1
1505990056,21958759,0.00004669,825.94501928,1
1505990055,21958758,0.00004674,1366.23660000,1
1505989779,21958546,0.00004694,3137.00000000,1
1505989748,21958533,0.00004704,593.48129251,0
1505989609,21958470,0.00004704,889.98745748,0
1505989608,21958469,0.00004703,7920.34944397,0
1505989583,21958467,0.00004696,1000.00000000,1
1505989583,21958466,0.00004702,332.24755700,1
1505989017,21958224,0.00004715,964.70240780,1
1505989016,21958222,0.00004715,2241.60759200,1
1505989011,21958220,0.00004715,964.70240800,1
1505989009,21958218,0.00004715,196.11738500,1
1505989003,21958212,0.00004715,3206.31000000,1
1505988988,21958196,0.00004715,2889.01845500,1
1505988977,21958193,0.00004715,16916.82827600,1
1505988958,21958188,0.00004715,899.99476300,1
1505988945,21958180,0.00004715,222.70933800,1
1505988944,21958179,0.00004715,7728.18694000,1
1505988939,21958175,0.00004715,4043.12328767,1
1505988933,21958172,0.00004715,4037.04109589,1
1505988927,21958168,0.00004715,4031.39726027,1
1505988921,21958164,0.00004715,4025.75342465,1
1505988869,21958120,0.00004715,1284.78997260,1
1505988859,21958111,0.00004715,1033.10267100,1
1505988859,21958110,0.00004718,1000.00000000,1
1505988853,21958102,0.00004715,2102.61472312,1
1505988789,21958066,0.00004702,2784.43299000,1
1505988771,21958027,0.00004708,1354.61169522,1
1505988771,21958026,0.00004708,981.47820706,1
1505988747,21958011,0.00004708,624.76089647,1
1505988742,21958007,0.00004708,624.76089647,1
1505988489,21957811,0.00004722,1003.42100805,0
1505988204,21957648,0.00004730,691.72879702,0
1505988204,21957647,0.00004729,851.48489457,0
1505988204,21957645,0.00004726,4257.42447286,0
1505988204,21957644,0.00004719,6404.39700000,0
1505988203,21957643,0.00004717,19067.36300000,0
1505988203,21957642,0.00004717,18437.97900000,0
1505988203,21957641,0.00004716,289.62283555,0
1505988192,21957635,0.00004713,2025.48992149,0
1505987497,21957302,0.00004712,1081.32470288,0
1505986201,21956526,0.00004700,5194.87957446,0
1505986199,21956521,0.00004693,5424.68903180,0
1505985009,21955654,0.00004661,3016.10297936,1
1505985009,21955652,0.00004665,150.00000000,1
1505985009,21955651,0.00004678,552.14649000,1
1505984517,21955466,0.00004688,231.86220136,0
1505984261,21955372,0.00004696,1647.60000000,0
1505984260,21955371,0.00004695,110.87477537,0
1505984202,21955302,0.00004687,10945.10633574,1
1505984200,21955299,0.00004702,165.51482000,0
1505984200,21955295,0.00004687,34464.20900000,1
1505984199,21955293,0.00004686,2553.16421426,0
1505984199,21955292,0.00004678,1647.60000000,0
1505983901,21955005,0.00004681,330.17655000,0
1505983885,21954989,0.00004683,257.83940000,0
1505982557,21953855,0.00004675,602.58823529,0
1505981968,21953668,0.00004674,762.53462000,0
1505981592,21953502,0.00004667,2127.69997796,1
1505980806,21953151,0.00004685,125.50693703,0
1505980192,21952942,0.00004675,1484.95336898,0
1505980106,21952912,0.00004657,567.54442195,1
1505979996,21952694,0.00004660,532.91905476,1
1505979710,21952617,0.00004675,595.24770053,0
1505979596,21952568,0.00004662,293.78319908,0
1505979198,21952169,0.00004695,1496.71096911,0
1505979121,21952123,0.00004659,122.56045995,1
1505979120,21952122,0.00004660,130.81949331,1
1505978335,21951676,0.00004681,6166.67870113,1
1505978333,21951675,0.00004678,9050.00000000,0
1505978090,21951568,0.00004678,2527.71013253,0
1505977715,21951389,0.00004668,0.00000016,1
1505977388,21951238,0.00004668,9813.15488700,1
1505977376,21951234,0.00004668,16686.93080264,0
1505977153,21951102,0.00004666,3353.95567259,1
1505977153,21951101,0.00004667,2224.09031200,1
1505976381,21950694,0.00004664,472.28400000,0
1505975721,21950436,0.00004676,1864.70166809,0
1505975719,21950435,0.00004669,2696.37424836,0
1505975343,21950220,0.00004670,2252.40000000,1
1505975303,21950171,0.00004703,136.80204125,0
1505975303,21950165,0.00004704,570.61840986,0
1505973700,21949544,0.00004677,507.61692929,1
1505973670,21949527,0.00004678,1373.16837951,0
1505973670,21949526,0.00004686,0.00000049,1
1505973611,21949512,0.00004686,5756.32802100,1
1505973477,21949467,0.00004696,1144.09007666,1
1505973477,21949466,0.00004696,1338.96883733,0
1505973416,21949445,0.00004697,3481.47051309,0
1505973414,21949443,0.00004696,1590.85406415,0
1505972822,21949242,0.00004726,5554.64261531,0
1505972538,21949125,0.00004711,105.71004033,0
1505972530,21949112,0.00004710,1948.67791932,0
1505972504,21949083,0.00004709,4236.46273094,0
1505972406,21949059,0.00004697,782.02115905,1
1505970667,21948570,0.00004651,398.32500000,1
1505970197,21948356,0.00004650,77.48998855,1
1505969330,21947951,0.00004671,714.30791177,1
1505969330,21947950,0.00004672,1277.80000000,1
1505969330,21947949,0.00004685,42.58292423,0
1505969319,21947920,0.00004673,416.17148886,1
1505969283,21947856,0.00004680,16646.44980879,0
1505969282,21947855,0.00004680,9791.44227944,1
1505969011,21947809,0.00004689,850.93282150,0
1505968350,21947636,0.00004715,99.87253446,0
1505968342,21947635,0.00004709,1271.41261414,0
1505968341,21947634,0.00004708,1051.17534782,0
1505968145,21947587,0.00004695,588.68931607,0
1505967828,21947312,0.00004689,469.85416900,0
1505967663,21947198,0.00004695,2246.00000000,0
1505967533,21947084,0.00004706,3174.09996110,1
1505967020,21946753,0.00004720,588.24343220,0
1505966893,21946637,0.00004705,8949.49355354,0
1505966861,21946617,0.00004705,1912.72803900,0
1505966860,21946616,0.00004705,2110.07635100,0
1505966774,21946542,0.00004705,2738.20524118,0
1505966774,21946541,0.00004704,4237.40551982,0
1505966636,21946465,0.00004710,46.49681528,0
1505965981,21946129,0.00004716,1267.09944868,0
1505965517,21945959,0.00004719,42.27611782,0
1505965508,21945935,0.00004719,866.16170694,0
1505965350,21945833,0.00004720,16766.37584745,0
1505965350,21945832,0.00004715,2872.46620227,0
1505965348,21945831,0.00004707,6370.68404310,0
1505965099,21945737,0.00004722,5079.33481575,0
1505965000,21945718,0.00004707,5096.66772891,0
1505964808,21945688,0.00004729,5198.81433706,1
1505964808,21945687,0.00004725,13337.71174828,0
1505964807,21945686,0.00004724,707.93947198,1
1505964807,21945685,0.00004707,3539.69735991,1
1505964807,21945684,0.00004707,929.35689000,1
1505964805,21945683,0.00004705,2245.00000000,0
1505964368,21945566,0.00004710,8711.84819532,1
1505964366,21945565,0.00004693,4177.46724650,0
1505963455,21945399,0.00004693,1275.30364372,0
1505963353,21945378,0.00004693,1310.30000000,1
1505962884,21945247,0.00004713,498.27290530,0
1505962075,21944936,0.00004678,186.76426733,1
1505962075,21944935,0.00004678,933.98854928,1
1505962075,21944934,0.00004689,9791.44227960,1
1505962055,21944932,0.00004689,6756.39169035,1
1505962055,21944931,0.00004690,9791.44227944,1
1505962055,21944930,0.00004690,1029.48059821,1
1505961523,21944841,0.00004703,870.26366149,0
1505961522,21944840,0.00004702,4157.14959917,0
1505960673,21944640,0.00004711,100.00000000,0
1505959559,21944278,0.00004692,1946.78154305,0
1505958564,21943784,0.00004717,422.63713438,0
1505957929,21943541,0.00004709,2633.25546825,0
1505957443,21943349,0.00004707,3744.47783000,1
1505956644,21943033,0.00004710,242.13905299,0
1505956644,21943032,0.00004710,181.43037376,0
1505956256,21942846,0.00004710,432.04076433,0
1505956145,21942762,0.00004695,3300.26218600,1
1505956145,21942761,0.00004701,336.00000000,1
1505956145,21942760,0.00004706,150.00000000,1
1505956072,21942712,0.00004707,217.94518801,0
1505956032,21942675,0.00004708,507.43585386,0
1505956024,21942674,0.00004708,221.11299915,0
1505955612,21942455,0.00004708,1338.27088761,1
1505955453,21942348,0.00004725,1674.92778400,0
1505955384,21942248,0.00004724,5298.69714000,0
1505955379,21942227,0.00004724,644.29696040,0
1505955189,21941930,0.00004725,83.10606000,0
1505955178,21941904,0.00004725,105.76719577,0
1505955145,21941836,0.00004725,2689.46356944,0
1505955145,21941835,0.00004724,4567.26215629,0
1505955145,21941834,0.00004723,5453.92567427,0
1505955135,21941813,0.00004723,159.39125688,0
1505955041,21941692,0.00004724,168.92548688,0
1505955017,21941573,0.00004725,3688.09968253,0
1505955008,21941559,0.00004724,1254.74491955,0
1505954993,21941537,0.00004723,3594.57361800,1
1505954989,21941532,0.00004724,4472.87066045,0
1505954987,21941524,0.00004722,4545.87064746,0
1505954987,21941523,0.00004722,975.55124948,0
1505954982,21941510,0.00004722,24.44875052,0
1505954980,21941507,0.00004720,1020.00000000,0
1505954971,21941475,0.00004718,150.16136000,0
1505954918,21941139,0.00004707,339.00326174,0
1505954917,21941132,0.00004706,150.00000000,0
1505954519,21940682,0.00004681,39.34199431,0
1505954507,21940656,0.00004681,417.88295762,0
1505954161,21940416,0.00004673,5.07415699,0
1505953938,21940343,0.00004673,423.98640368,0
1505953656,21940168,0.00004673,265.54410424,1
1505953525,21940120,0.00004681,91.03396710,0
1505953333,21940080,0.00004682,538.87227680,0
1505953224,21940042,0.00004681,264.39051484,1
1505953223,21940041,0.00004679,990.25540000,0
1505953148,21940027,0.00004681,251.48835719,0
1505952896,21939908,0.00004670,383.69640000,1
1505952147,21939484,0.00004706,2086.96430263,1
1505952147,21939483,0.00004693,4087.48026245,1
1505952145,21939482,0.00004692,2825.55543492,0
