date,tid,price,amount,type
1506038264,22014356,0.14342,1609.43998000,1
1506038264,22014355,0.14343,1134.01630000,0
1506038264,22014354,0.14343,5671.54372000,1
1506038262,22014352,0.14380,190.00000000,1
1506037867,22014233,0.14460,2172.38838174,0
1506037866,22014232,0.14458,1778.25345000,1
1506037866,22014231,0.14450,1447.37400000,0
1506037864,22014228,0.14424,3206.60000000,0
1506037740,22014163,0.14387,8684.00000000,1
1506037541,22014051,0.14458,1034.90060866,0
1506037220,22013948,0.14371,660.58449205,1
1506037189,22013924,0.14479,1559.87472358,1
1506037189,22013923,0.14479,17745.98594000,1
1506037189,22013920,0.14469,514.25705000,0
1506037189,22013919,0.14427,2571.28523000,0
1506037189,22013918,0.14422,3306.90810000,0
1506036726,22013619,0.14486,500.00000000,0
1506036514,22013507,0.14338,365.00000000,1
1506036332,22013434,0.14424,8684.64945888,0
1506036326,22013427,0.14425,100.00000000,0
1506036325,22013426,0.14337,1700.86602251,1
1506036325,22013425,0.14350,700.00000000,1
1506036324,22013423,0.14365,1735.99025409,1
1506036188,22013349,0.14400,1393.93697916,1
1506036188,22013348,0.14400,1905.04239984,1
1506036187,22013347,0.14408,767.76089000,1
1506035848,22013126,0.14409,100.00000000,1
1506035765,22013046,0.14400,94.95760016,1
1506035765,22013045,0.14400,5505.00000000,1
1506035765,22013044,0.14401,4000.00000000,1
1506035765,22013043,0.14444,1000.00000000,1
1506035764,22013042,0.14450,868.24926636,1
1506035764,22013040,0.14450,12247.37100200,1
1506035752,22013030,0.14450,2018.83471633,1
1506035747,22013027,0.14450,4150.97736849,1
1506035744,22013022,0.14450,2191.45346000,1
1506035744,22013021,0.14481,763.89054000,1
1506035729,22012996,0.14500,2146.20802982,1
1506035718,22012980,0.14500,1506.99651000,1
1506035714,22012967,0.14500,1507.75112180,1
1506035713,22012966,0.14500,1272.96019422,1
1506035706,22012943,0.14500,7429.61431657,1
1506035706,22012941,0.14500,675.00000000,1
1506035706,22012940,0.14510,3046.00224943,1
1506035706,22012939,0.14510,941.19929300,1
1506035706,22012938,0.14510,3387.91360600,1
1506035705,22012933,0.14510,608.82539163,1
1506035700,22012918,0.14510,568.48719994,1
1506035695,22012912,0.14510,1755.72324700,1
1506035691,22012906,0.14510,1590.35900000,1
1506035690,22012905,0.14510,352.90100000,1
1506035690,22012904,0.14511,3343.75800000,1
1506035673,22012870,0.14515,568.62692948,1
1506035669,22012868,0.14515,1614.54131200,1
1506035663,22012864,0.14516,3769.64386300,1
1506035627,22012805,0.14510,10231.89839700,1
1506035620,22012791,0.14510,5112.88061600,1
1506035616,22012779,0.14511,9015.23026200,1
1506035615,22012778,0.14520,500.00000000,1
1506035614,22012775,0.14540,1385.00000000,1
1506035369,22012517,0.14511,1617.63920800,1
1506035182,22012478,0.14535,1211.80676000,1
1506035145,22012439,0.14532,507.07125000,1
1506035145,22012438,0.14533,285.76675300,1
1506035145,22012436,0.14533,949.37314700,1
1506035082,22012369,0.14533,399.43009297,0
1506035082,22012365,0.14533,493.20000000,0
1506034271,22011620,0.14695,71948.21691629,0
1506034271,22011619,0.14695,1530.05780300,1
1506034270,22011618,0.14600,5150.31328000,0
1506034270,22011617,0.14600,3919.00412700,1
1506034270,22011616,0.14600,1945.85296900,1
1506034268,22011614,0.14595,17517.95939000,0
1506034251,22011611,0.14571,491.76000000,1
1506033960,22011490,0.14510,2403.81000000,1
1506033960,22011489,0.14520,688.00000000,1
1506033580,22011300,0.14560,104.65200000,1
1506033403,22011221,0.14637,40.88414509,0
1506033210,22011148,0.14506,3955.48690300,1
1506033148,22011088,0.14505,4332.82356263,1
1506033148,22011087,0.14507,2018.63243337,1
1506033139,22011082,0.14557,685.23734285,0
1506033131,22011069,0.14558,500.00000000,0
1506033080,22011037,0.14507,86.21759300,1
1506032899,22010953,0.14507,788.57916000,1
1506032876,22010932,0.14550,301.65134021,0
1506032847,22010914,0.14507,774.74963000,1
1506032831,22010906,0.14505,3403.35392800,1
1506032776,22010889,0.14505,5710.68096700,1
1506032749,22010883,0.14505,3547.78022400,1
1506032749,22010882,0.14506,5858.78525000,1
1506032749,22010881,0.14507,693.90000000,1
1506032693,22010854,0.14566,342.38559758,0
1506032581,22010794,0.14509,3207.16313400,1
1506032305,22010660,0.14508,6.14163300,1
1506032305,22010659,0.14536,6683.01961000,1
1506032305,22010658,0.14537,3321.83823000,1
1506032300,22010656,0.14537,5921.68992000,1
1506032300,22010655,0.14554,760.05902000,1
1506032171,22010598,0.14558,1332.56212000,1
1506032082,22010564,0.14578,204.14187000,0
1506032076,22010563,0.14579,204.14187000,0
1506032068,22010551,0.14579,4500.00000000,0
1506032060,22010544,0.14587,4500.00000000,0
1506032031,22010534,0.14611,37.35780000,0
1506031990,22010493,0.14559,1822.99737600,1
1506031980,22010486,0.14600,5742.16200000,1
1506031979,22010481,0.14600,1100.00000000,1
1506031969,22010473,0.14600,157.83800000,1
1506031656,22010262,0.14611,2657.62344825,1
1506031656,22010261,0.14612,231.81409775,1
1506031655,22010260,0.14612,17644.63634000,1
1506031298,22009925,0.14668,400.00000000,0
1506031268,22009917,0.14596,118.49039000,0
1506031256,22009908,0.14592,40.69520000,0
1506031251,22009907,0.14592,40.70124000,0
1506031242,22009906,0.14628,181.11317000,1
1506031201,22009876,0.14628,575.10087000,1
1506031189,22009870,0.14687,339.58813917,0
1506030947,22009770,0.14671,1179.79000000,0
1506030929,22009757,0.14698,1357.33596408,0
1506030791,22009634,0.14700,362.70101484,1
1506030779,22009630,0.14700,4317.11666500,1
1506030778,22009629,0.14700,3679.30032000,1
1506030772,22009626,0.14700,4042.00133500,1
1506030768,22009623,0.14700,738.61909516,1
1506030767,22009620,0.14700,8359.11800000,1
1506030766,22009619,0.14684,7550.89900000,0
1506030765,22009618,0.14683,1439.85050000,0
1506030765,22009617,0.14682,4510.39407000,0
1506030628,22009456,0.14691,580.26500000,0
1506030146,22009127,0.14699,92.89912204,1
1506030144,22009125,0.14702,752.40776000,1
1506030144,22009124,0.14721,0.00000029,1
1506030037,22009035,0.14721,2554.49187400,1
1506030037,22009034,0.14721,1065.54837600,1
1506030000,22008996,0.14721,78.25974971,1
1506030000,22008994,0.14732,0.00000029,1
1506029943,22008941,0.14836,2017.06571852,0
1506029898,22008928,0.14759,210.00000000,0
1506029499,22008492,0.14810,673.53139770,0
1506029490,22008487,0.14732,677.43957971,1
1506029490,22008485,0.14764,79.14011629,1
1506029490,22008483,0.14776,73.77361000,1
1506029107,22008081,0.14776,579.12600000,1
1506029094,22008076,0.14835,2239.09383215,0
1506029069,22008051,0.14776,95.74000000,1
1506029063,22008050,0.14838,67.49040000,0
1506029024,22008018,0.14820,1106.85172926,1
1506029023,22008016,0.14820,5544.29942000,0
1506029023,22008015,0.14820,1425.82240000,0
1506028963,22007949,0.14830,1083.29000000,0
1506028959,22007923,0.14831,1816.11000000,0
1506028935,22007868,0.14837,4379.23000000,0
1506028907,22007756,0.14842,582.61900000,0
1506028851,22007676,0.14824,61.24429000,1
1506028851,22007675,0.14834,528.49595037,1
1506028841,22007651,0.14835,9529.82551000,1
1506028834,22007638,0.14843,9660.76667965,1
1506028833,22007636,0.14844,6503.99702435,1
1506028830,22007614,0.14843,199.00000000,1
1506028751,22007492,0.14991,1863.11787072,0
1506028726,22007447,0.14997,1257.10922184,0
1506028674,22007270,0.14874,341.37265775,1
1506028671,22007260,0.14897,556.50100000,0
1506028666,22007247,0.14897,0.99380000,0
1506028666,22007246,0.14897,1420.32620000,0
1506028641,22007175,0.14899,10599.95760016,0
1506028640,22007170,0.15059,2824.56789312,1
1506028639,22007167,0.15059,10599.95760016,1
1506028639,22007165,0.15059,3017.40709000,1
1506028639,22007162,0.15059,252.83576641,1
1506028638,22007160,0.15059,13319.44890134,0
1506028638,22007159,0.15056,748.63961000,0
1506028638,22007158,0.15000,1072.90792545,0
1506028638,22007156,0.14999,670.51739000,0
1506028638,22007155,0.14981,752.40776000,0
1506028638,22007154,0.14945,2498.75062468,0
1506028638,22007152,0.14935,2638.14640655,0
1506028637,22007150,0.14934,66.72143000,0
1506028637,22007148,0.14934,333.60717000,0
1506028637,22007147,0.14905,756.21404000,0
1506028637,22007146,0.14900,3000.00000000,0
1506028637,22007145,0.14874,100.74101229,0
1506028636,22007137,0.14874,899.25898771,0
1506028629,22007107,0.14829,4778.68302000,1
1506028628,22007104,0.14829,2117.92241045,1
1506028628,22007101,0.14829,1819.60350855,1
1506028627,22007096,0.14829,582.95534419,1
1506028627,22007092,0.14829,1579.67803723,1
1506028627,22007088,0.14830,109.00930358,1
1506028619,22007045,0.14830,760.05902000,0
1506028616,22007022,0.14829,1013.56543139,0
1506028616,22007019,0.14829,1378.57017858,0
1506028614,22007003,0.14828,5.39968011,0
1506028613,22006992,0.14828,184.45762989,0
1506028612,22006980,0.14829,107.86439003,0
1506028612,22006977,0.14829,306.22147000,0
1506028612,22006974,0.14824,6.12442900,0
1506028611,22006967,0.14824,55.11986100,0
1506028607,22006911,0.14764,33.86616094,0
1506028607,22006909,0.14764,498.49017394,0
1506028606,22006907,0.14756,0.00000009,0
1506028602,22006870,0.14756,763.89053991,0
1506028602,22006867,0.14732,88.04642409,0
1506028595,22006830,0.14732,1120.32647856,0
1506028561,22006730,0.14699,34.12305000,1
1506028524,22006654,0.14699,47.97782796,1
1506028513,22006621,0.14732,616.16250339,0
1506028445,22006416,0.14699,16085.50588475,0
1506028443,22006415,0.14698,413.46474000,0
1506028147,22006122,0.14699,4470.33824000,0
1506028146,22006121,0.14698,343.64179000,0
1506028123,22006109,0.14699,2675.09112700,0
1506028123,22006107,0.14698,408.28727000,0
1506028094,22006089,0.14699,6301.15756173,0
1506028092,22006082,0.14698,485.09378000,0
1506027934,22005989,0.14686,0.06809206,1
1506027925,22005982,0.14700,1155.78813500,0
1506027925,22005981,0.14698,1116.81714000,0
1506027924,22005980,0.14693,781.74224900,0
1506027906,22005955,0.14693,1718.25775100,0
1506027810,22005777,0.14686,499.93190794,1
1506027775,22005758,0.14668,665.75176000,0
1506027775,22005757,0.14667,1621.23069000,0
1506027775,22005756,0.14666,2500.00000000,0
1506027686,22005666,0.14579,530.28328418,1
1506027615,22005615,0.14695,4058.34222500,0
1506027614,22005611,0.14695,2966.21658000,0
1506027614,22005610,0.14694,527.62529000,0
1506027614,22005609,0.14694,2638.12647000,0
1506027609,22005601,0.14627,668.00000000,0
1506027600,22005596,0.14559,579.32106000,1
1506027596,22005591,0.14638,855.38631900,0
1506027596,22005590,0.14638,1500.00000000,0
1506027596,22005589,0.14637,2500.00000000,0
1506027567,22005556,0.14639,1500.00000000,1
1506027561,22005548,0.14641,308.31227376,1
1506027548,22005538,0.14642,2346.22930034,0
1506027548,22005537,0.14641,3860.67289000,0
1506027548,22005536,0.14641,1435.44190000,0
1506027548,22005535,0.14640,2500.00000000,0
1506027547,22005534,0.14640,6879.84021000,0
1506027510,22005496,0.14629,1319.24110178,0
1506027510,22005494,0.14626,2500.00000000,0
1506027508,22005492,0.14625,1430.60130000,0
1506027438,22005454,0.14523,3507.71168102,1
1506027438,22005453,0.14598,54.14978376,1
1506027425,22005436,0.14598,487.34805379,1
1506027379,22005402,0.14599,3416.32988561,1
1506027379,22005399,0.14601,299.10474000,1
1506027355,22005378,0.14605,2292.49581000,1
1506027327,22005359,0.14616,2405.66116400,1
1506027113,22005199,0.14599,1259.59890100,1
1506027064,22005144,0.14755,1873.23754659,1
1506027064,22005142,0.14732,365.08954000,0
1506027062,22005137,0.14699,1825.44768000,0
1506026923,22004870,0.14637,3561.02553878,0
1506026838,22004773,0.14636,1489.33848000,0
1506026838,22004772,0.14634,1456.74510000,0
1506026708,22004645,0.14637,1043.88253500,1
1506026708,22004644,0.14637,3562.80610500,1
1506026687,22004611,0.14633,685.71297600,1
1506026617,22004527,0.14647,765.57700000,1
1506026562,22004472,0.14632,323.08500000,1
1506026562,22004470,0.14632,5157.37000000,1
1506026541,22004456,0.14699,35.00000000,1
1506026514,22004441,0.14697,339.39089610,0
1506026457,22004332,0.14744,538.02773733,0
1506026454,22004306,0.14744,2250.36542268,0
1506026452,22004298,0.14744,2495.95650412,0
1506026452,22004297,0.14742,5100.48209588,0
1506026452,22004296,0.14742,714.91778412,0
1506026449,22004282,0.14745,2127.60000000,1
1506026448,22004271,0.14745,2233.48756250,0
1506026438,22004198,0.14598,30.03969605,0
1506026437,22004191,0.14598,500.49882491,0
1506026434,22004166,0.14596,99.01689959,1
1506026434,22004165,0.14595,242.37404000,0
1506026434,22004163,0.14560,0.00000368,0
1506026426,22004101,0.14554,191.67893370,0
1506026400,22004014,0.14417,713.82079000,1
1506026370,22003966,0.14560,979.97161632,1
1506026364,22003926,0.14560,3495.21541964,1
1506026360,22003868,0.14560,24.81296404,1
1506026360,22003867,0.14561,1854.18406500,1
1506026360,22003866,0.14598,530.53852096,1
1506026359,22003865,0.14562,966.92570444,1
1506026359,22003862,0.14562,6354.18406500,1
1506026358,22003857,0.14754,562.82030901,0
1506026358,22003855,0.14754,5000.00000000,0
1506026358,22003854,0.14681,767.76089000,0
1506026358,22003853,0.14676,2500.00000000,0
1506026358,22003852,0.14607,771.67066000,0
1506026358,22003851,0.14598,997.70574115,0
1506026356,22003844,0.14561,2500.00000000,1
1506026356,22003841,0.14561,0.00000500,0
1506026353,22003817,0.14561,3746.59999500,0
1506026353,22003815,0.14561,1433.76840000,0
1506026345,22003756,0.14562,487.12600000,0
1506026345,22003749,0.14562,833.68526000,0
1506026344,22003744,0.14561,611.05246000,0
1506026344,22003741,0.14561,3055.26228000,0
1506026296,22003623,0.14490,689.13433524,0
1506026296,22003622,0.14490,4132.90712535,0
1506026295,22003618,0.14489,16966.91172915,1
1506026291,22003606,0.14490,142.19979311,0
1506026263,22003520,0.14354,3626.90462736,1
1506026263,22003518,0.14355,1417.46570000,1
1506026263,22003516,0.14355,300.06463060,1
1506026172,22003338,0.14565,100.00000000,0
1506026171,22003331,0.14598,50.00000000,0
1506026169,22003326,0.14398,100.00000000,0
1506026166,22003322,0.14399,100.00000000,0
1506026164,22003317,0.14397,50.00000000,0
1506026163,22003312,0.14398,100.00000000,0
1506026161,22003306,0.14398,100.00000000,0
1506026159,22003305,0.14397,100.00000000,0
1506026157,22003301,0.14398,100.00000000,0
1506026108,22003092,0.14397,4642.14190456,0
1506026056,22002943,0.14329,5109.13839384,0
1506026055,22002942,0.14329,10000.00000000,0
1506026055,22002941,0.14335,771.67066000,1
1506026055,22002940,0.14335,10000.00000000,0
1506026055,22002938,0.14335,10000.00000000,0
1506026054,22002937,0.14337,1316.00000000,1
1506026054,22002936,0.14339,1437.99520000,1
1506026054,22002935,0.14339,365.19574616,0
1506026052,22002932,0.14340,10000.00000000,1
1506026034,22002920,0.14360,61.81686000,0
1506026027,22002916,0.14360,617.98203000,0
1506025983,22002859,0.14360,218.08799341,0
1506025944,22002840,0.14361,347.29691526,0
1506025937,22002819,0.14338,8.67901021,1
1506025937,22002817,0.14360,83.76853979,1
1506025929,22002800,0.14360,916.23146021,1
1506025929,22002799,0.14361,2083.76853979,1
1506025898,22002784,0.14399,1385.52149455,0
1506025722,22002507,0.14361,3655.10729800,1
1506025705,22002471,0.14439,69.08414710,0
1506025700,22002457,0.14360,1200.00000000,1
1506025678,22002366,0.14400,5000.00000000,1
1506025678,22002365,0.14400,3176.87105555,1
1506025442,22001963,0.14401,4128.14245000,1
1506025442,22001961,0.14408,643.33013220,1
1506025442,22001960,0.14409,484.05006000,1
1506025207,22001639,0.14481,57.17920033,0
1506025136,22001562,0.14476,2247.75250000,0
1506025135,22001561,0.14476,1437.92440000,0
1506025123,22001547,0.14478,2818.22224000,0
1506025109,22001537,0.14480,44.54419889,0
1506025106,22001529,0.14481,1377.66728817,0
1506025085,22001508,0.14408,124.43075780,1
1506025083,22001504,0.14409,2475.56924220,1
1506025083,22001503,0.14482,216.94599627,0
1506025079,22001501,0.14409,7524.43075780,1
1506025058,22001451,0.14487,484.27209500,0
1506024978,22001357,0.14448,2000.00000000,1
1506024978,22001356,0.14449,1000.00000000,1
1506024978,22001355,0.14450,690.25000000,1
1506024978,22001354,0.14481,177.91354000,1
1506024890,22001271,0.14481,585.97700000,1
1506024889,22001269,0.14482,694.79093379,1
1506024889,22001268,0.14484,45.00000000,1
1506024889,22001267,0.14488,2600.00000000,1
1506024889,22001266,0.14490,1000.00000000,1
1506024889,22001265,0.14492,3450.00000000,1
1506024889,22001264,0.14500,1000.00000000,1
1506024889,22001263,0.14500,1559.29236221,1
1506024887,22001258,0.14500,1840.70763779,1
1506024887,22001257,0.14500,884.95408121,1
1506024886,22001256,0.14500,115.04591879,1
1506024886,22001255,0.14500,169.98749121,1
1506024886,22001253,0.14500,571.48883400,1
1506024874,22001201,0.14501,1239.78812994,0
1506024874,22001200,0.14501,8760.21187006,0
1506024851,22001156,0.14500,1758.52367479,1
1506024851,22001155,0.14500,350.00000000,1
1506024851,22001154,0.14500,1034.64827586,1
1506024851,22001153,0.14500,1821.17132935,1
1506024842,22001131,0.14500,1777.31339000,1
1506024841,22001126,0.14500,901.51528065,1
1506024840,22001125,0.14500,208.71763635,1
1506024839,22001118,0.14500,6791.28236365,1
1506024839,22001117,0.14500,993.09724137,1
1506024839,22001116,0.14500,2215.62039498,1
1506024838,22001114,0.14500,1009.32839000,1
1506024833,22001106,0.14500,8180.00000000,1
1506024830,22001103,0.14500,7089.86210000,1
1506024822,22001085,0.14501,632.85683746,0
1506024810,22001008,0.14500,3927.29170800,1
1506024809,22001005,0.14501,7414.89741000,1
1506024807,22001001,0.14500,16885.22466300,1
1506024800,22000979,0.14500,21662.96754600,1
1506024799,22000978,0.14500,4307.39292225,1
1506024793,22000955,0.14500,2190.76414400,1
1506024780,22000904,0.14500,3044.41037314,1
1506024780,22000903,0.14500,4113.89881006,1
1506024737,22000804,0.14526,309.01679747,0
1506024724,22000772,0.14500,2886.10118994,1
1506024723,22000771,0.14500,1108.00000000,1
1506024723,22000770,0.14500,65.00000000,1
1506024723,22000769,0.14500,2.68111006,1
1506024717,22000729,0.14500,2161.08574963,1
1506024708,22000698,0.14526,561.96300000,0
1506024706,22000684,0.14526,3205.24515000,0
1506024680,22000657,0.14560,91.10880000,0
1506024668,22000623,0.14518,244.00000000,1
1506024666,22000613,0.14540,66.00000000,1
1506024660,22000595,0.14589,0.54000000,1
1506024555,22000168,0.14576,771.00000000,0
1506024531,22000073,0.14559,5874.74716400,1
1506024531,22000069,0.14600,1249.01177018,1
1506024530,22000064,0.14600,2250.98822982,1
1506024487,21999926,0.14600,100.00000000,1
1506024487,21999925,0.14623,685.29029610,1
1506024474,21999902,0.14661,2803.16867881,0
1506024264,21999676,0.14662,136.08041195,0
1506024228,21999633,0.14659,197.33733543,0
1506024098,21999504,0.14662,899.81107000,0
1506024088,21999499,0.14662,500.00000000,0
1506023892,21999288,0.14678,1698.86606717,0
1506023673,21999102,0.14623,5437.32250500,1
1506023622,21999020,0.14689,1757.14303220,1
1506023622,21999018,0.14659,262.76321714,0
1506023620,21999017,0.14647,3805.04751000,0
1506023612,21998998,0.14647,796.55243000,0
1506023544,21998899,0.14644,1310.96354308,0
1506023494,21998842,0.14632,500.00000000,0
1506023454,21998780,0.14606,1439.29000000,0
1506023453,21998779,0.14529,500.00000000,1
1506023267,21998471,0.14606,928.30211018,1
1506023266,21998458,0.14604,4098.66858679,0
1506023265,21998456,0.14604,242.09635321,0
1506023238,21998438,0.14606,3414.69259208,0
1506023211,21998409,0.14612,6005.72301778,0
1506023191,21998370,0.14550,289.46249230,0
1506023160,21998340,0.14550,685.77649485,0
1506023146,21998327,0.14550,34.27855670,0
1506023111,21998268,0.14500,423.37851254,1
1506023048,21998203,0.14500,2412.85462777,1
1506023048,21998202,0.14500,2000.00000000,1
1506023047,21998200,0.14500,2581.32362068,1
1506023047,21998199,0.14500,3264.72931155,1
1506023045,21998198,0.14500,175.27068845,1
1506023045,21998196,0.14500,199.96788179,1
1506023045,21998194,0.14500,1875.30749476,1
1506023044,21998192,0.14501,830.55832000,1
1506022976,21998104,0.14500,900.00000000,1
1506022976,21998103,0.14500,2224.69250524,1
1506022976,21998101,0.14500,100.00000000,1
1506022976,21998100,0.14500,2695.30749476,1
1506022973,21998099,0.14500,2304.69250524,1
1506022973,21998098,0.14500,861.41030890,1
1506022973,21998097,0.14500,200.00000000,1
1506022973,21998096,0.14500,341.00000000,1
1506022973,21998095,0.14500,685.00000000,1
1506022973,21998094,0.14500,69.00000000,1
1506022973,21998093,0.14500,68.00000000,1
1506022972,21998092,0.14500,1000.00000000,1
1506022972,21998091,0.14500,100.00000000,1
1506022972,21998090,0.14500,200.00000000,1
1506022972,21998089,0.14500,50.00000000,1
1506022972,21998088,0.14501,5000.00000000,1
1506022972,21998087,0.14502,25000.00000000,1
1506022972,21998086,0.14503,400.00000000,1
1506022972,21998085,0.14510,4000.00000000,1
1506022972,21998084,0.14511,350.00000000,1
1506022971,21998083,0.14515,4170.00000000,1
1506022971,21998082,0.14515,4000.00000000,1
1506022971,21998081,0.14515,46269.38752129,1
1506022968,21998080,0.14516,547.68724800,1
1506022967,21998079,0.14515,2134.72288600,1
1506022937,21998062,0.14515,12297.72620200,1
1506022865,21998005,0.14515,755.20200000,1
1506022849,21997994,0.14515,11000.00000000,1
1506022815,21997966,0.14576,1372.11855104,0
1506022796,21997949,0.14515,3629.36111000,1
1506022756,21997909,0.14515,5356.74056571,1
1506022726,21997883,0.14515,14290.29897100,1
1506022726,21997882,0.14530,710.00000000,1
1506022710,21997848,0.14515,4266.56074400,1
1506022710,21997846,0.14519,333.94120900,1
1506022702,21997832,0.14519,10462.11224100,1
1506022701,21997828,0.14530,151.00000000,1
1506022701,21997826,0.14550,200.00000000,1
1506022701,21997822,0.14554,760.05902000,1
1506022701,21997820,0.14577,500.00000000,1
1506022701,21997819,0.14580,300.00000000,1
1506022700,21997815,0.14589,1371.00000000,1
1506022700,21997813,0.14599,129.45042000,1
1506022700,21997810,0.14599,15635.36251119,1
1506022691,21997796,0.14599,32385.79702800,1
1506022542,21997607,0.14599,9376.28434174,1
1506022542,21997606,0.14600,6356.49497000,1
1506022399,21997368,0.14599,2227.73152600,1
1506022396,21997360,0.14599,201.00000000,1
1506022393,21997350,0.14599,1091.25943429,1
1506022392,21997349,0.14601,5356.74056571,1
1506022391,21997344,0.14599,3716.00000000,1
1506022388,21997342,0.14599,6500.00000000,1
1506022385,21997334,0.14599,201.00000000,1
1506022383,21997330,0.14599,1329.60826000,1
1506022383,21997329,0.14600,6859.39174000,1
1506022376,21997323,0.14601,201.00000000,1
1506022374,21997321,0.14601,198.11685000,1
1506022374,21997319,0.14602,1307.09574000,1
1506022303,21997241,0.14600,274.16489602,0
1506022300,21997233,0.14599,43300.99928804,1
1506022299,21997232,0.14599,1699.00071196,1
1506022201,21997029,0.14599,664.66921300,1
1506022201,21997028,0.14599,134.13078700,1
1506022120,21996834,0.14599,366.87924500,1
1506022006,21996619,0.14599,445.89922800,1
1506021995,21996608,0.14600,40.00000000,0
1506021959,21996567,0.14600,500.00000000,1
1506021959,21996565,0.14600,1162.48487158,1
1506021958,21996563,0.14600,837.51512842,1
1506021958,21996562,0.14600,100.00000000,1
1506021958,21996561,0.14600,500.00000000,1
1506021958,21996560,0.14600,70.00000000,1
1506021958,21996558,0.14600,470.12288528,1
1506021954,21996549,0.14600,387.81776741,1
1506021943,21996510,0.14600,2745.87821300,1
1506021914,21996390,0.14600,4027.94065300,1
1506021913,21996384,0.14600,368.24048131,1
1506021913,21996382,0.14600,663.92363880,1
1506021913,21996379,0.14618,0.27049689,1
1506021824,21996143,0.14618,499.72950311,1
1506021823,21996140,0.14618,41.24880000,1
1506021805,21996084,0.14620,66.43836000,0
1506021798,21996067,0.14619,663.83199000,0
1506021786,21996052,0.14619,682.33121280,0
1506021703,21995822,0.14600,1549.80815500,1
1506021701,21995819,0.14600,2690.22396100,1
1506021683,21995755,0.14601,2543.35260100,1
1506021679,21995747,0.14600,96.04424520,1
1506021679,21995746,0.14600,1555.88860280,1
1506021679,21995745,0.14646,623.18598935,0
1506021677,21995738,0.14646,320.98917085,0
1506021660,21995706,0.14650,340.40955631,0
1506021640,21995665,0.14659,340.23678286,0
1506021636,21995659,0.14601,337.82736300,1
1506021602,21995571,0.14659,49.43840974,1
1506021601,21995565,0.14659,620.56159026,1
1506021558,21995522,0.14745,1522.13563920,0
1506021477,21995387,0.14659,2645.55849648,0
1506021476,21995386,0.14658,1437.78840000,0
1506021455,21995348,0.14600,1995.00000000,1
1506021451,21995340,0.14600,1949.11139720,1
1506021451,21995338,0.14601,1647.20900000,1
1506021451,21995336,0.14601,1470.06804880,1
1506021393,21995166,0.14630,1472.99595270,1
1506021298,21994933,0.14695,1629.29819667,0
1506021179,21994658,0.14666,1.71277198,0
1506021178,21994656,0.14666,2387.32224192,0
1506021147,21994532,0.14601,595.42140900,1
1506020922,21993847,0.14601,4200.78589320,1
1506020921,21993846,0.14601,1200.00000000,0
1506020921,21993842,0.14606,4121.35916721,1
1506020921,21993840,0.14611,100.00000000,1
1506020921,21993838,0.14611,1200.00000000,1
1506020920,21993836,0.14620,65.00000000,1
1506020920,21993835,0.14628,756.21404000,1
1506020920,21993834,0.14628,8257.62400000,0
1506020919,21993829,0.14636,99.01689959,1
1506020896,21993724,0.14668,1000.00000000,1
1506020896,21993722,0.14668,77.52560000,1
1506020896,21993721,0.14670,250.00000000,1
1506020896,21993720,0.14674,182.94583000,1
1506020886,21993677,0.14754,209.45330080,0
1506020877,21993627,0.14758,2365.63219948,0
1506020870,21993589,0.14678,2413.48986000,1
1506020870,21993587,0.14679,12066.75399000,1
1506020869,21993579,0.14680,8210.89847000,1
1506020869,21993576,0.14702,752.40776000,1
1506020862,21993526,0.14715,3746.60000000,1
1506020817,21993374,0.14750,1000.00000000,1
1506020744,21993101,0.14862,139.56540170,0
1506020733,21993091,0.14870,671.08621385,0
1506020395,21992845,0.14877,268.20084694,0
1506020373,21992829,0.14780,404.39425393,1
1506020371,21992828,0.14800,348.00000000,1
1506020348,21992820,0.14914,1003.25821376,0
1506020082,21992644,0.14928,3000.26989550,0
1506020051,21992631,0.14870,268.32710155,0
1506020028,21992614,0.14884,2881.44571850,0
1506019997,21992612,0.14913,133.77670489,0
1506019892,21992560,0.14776,369.67000000,1
1506019890,21992559,0.14776,818.49200000,1
1506019882,21992555,0.14775,864.75300000,1
1506019637,21992388,0.14800,0.00000024,1
1506019637,21992387,0.14800,499.99999976,1
1506019637,21992386,0.14800,6210.57514024,1
1506019622,21992371,0.14802,374.78250000,1
1506019585,21992338,0.14801,7182.26861600,0
1506019584,21992333,0.14801,6210.57514000,1
1506019544,21992286,0.14800,1274.87705500,1
1506019439,21992064,0.14800,17514.54780476,1
1506019438,21992063,0.14800,134.99949324,1
1506019433,21992052,0.14801,2689.66286100,1
1506019390,21992009,0.14883,1005.34791373,0
1506019051,21991865,0.14886,331.69790407,0
1506019001,21991829,0.14769,180.61677445,1
1506019000,21991826,0.14768,113.50093638,1
1506018949,21991767,0.14873,3900.00000000,0
1506018907,21991757,0.14885,341.77232113,0
1506018874,21991738,0.14899,9747.60309016,0
1506018874,21991737,0.14898,104.10278000,0
1506018874,21991736,0.14898,520.51388000,0
1506018873,21991735,0.14850,227.73785000,0
1506018861,21991708,0.15054,13661.76546960,1
1506018861,21991706,0.15001,1302.16484886,0
1506018861,21991705,0.15001,5069.30152572,1
1506018860,21991704,0.15000,10599.95760016,1
1506018860,21991703,0.15000,667.13426853,0
1506018860,21991702,0.14999,5000.00000000,0
1506018860,21991701,0.14999,423.46029080,0
1506018860,21991699,0.14981,752.40776000,0
1506018859,21991698,0.14950,109.75428197,0
1506018859,21991697,0.14950,1422.32550000,1
1506018859,21991696,0.14945,1490.02038563,0
1506018859,21991695,0.14944,238.42398000,1
1506018859,21991694,0.14944,1192.11992000,1
1506018858,21991693,0.14908,180.18636873,0
1506018858,21991692,0.14900,99.15664000,0
1506018858,21991691,0.14900,2500.00000000,1
1506018858,21991690,0.14899,291.82116000,0
1506018856,21991689,0.14883,227.12087616,0
1506018856,21991688,0.14859,0.11218643,0
1506018854,21991686,0.14850,1465.00000000,0
1506018851,21991685,0.14828,182.75441000,1
1506018758,21991647,0.14859,167.95336307,1
1506018754,21991643,0.14900,0.00000428,1
1506018754,21991641,0.14900,182.75441000,1
1506018752,21991636,0.14900,167.81231537,1
1506018749,21991630,0.14900,99.15664000,1
1506018722,21991556,0.14900,180.27663035,1
1506018710,21991549,0.14859,92.00000000,1
1506018632,21991495,0.14943,775.97157110,1
1506018632,21991494,0.14910,999.50024987,0
1506018632,21991493,0.14908,1410.08740000,0
1506018631,21991488,0.14907,500.00000000,0
1506018629,21991482,0.14907,2000.00000000,0
1506018621,21991479,0.14859,339.91500000,1
1506018608,21991453,0.14905,2023.39483394,0
1506018606,21991452,0.14904,1393.84870000,0
1506018575,21991414,0.14910,1000.00000000,1
1506018522,21991351,0.14927,20000.00000000,0
1506018472,21991265,0.14945,1945.23854359,0
1506018472,21991264,0.14945,1392.01880000,0
1506018400,21991168,0.14910,207.39564051,0
1506018366,21991155,0.14909,0.96511690,0
1506018366,21991154,0.14880,674.93946000,0
1506018366,21991153,0.14879,4500.00000000,0
1506018366,21991152,0.14878,3656.80441000,0
1506018364,21991149,0.14859,4581.60548456,0
1506018247,21991016,0.14868,3079.54782082,0
1506018247,21991015,0.14850,4025.01291560,0
1506018245,21991014,0.14840,2969.52669619,0
1506018078,21990927,0.14840,33.96328000,0
1506017947,21990785,0.14820,2499.07828600,1
1506017947,21990784,0.14821,2000.00000000,1
1506017922,21990758,0.14820,1891.28648800,1
1506017910,21990748,0.14820,1383.13522600,1
1506017885,21990729,0.14820,3726.50000000,1
1506017400,21990293,0.14823,2018.83471632,0
1506017380,21990282,0.14826,299.43567927,0
1506017303,21990211,0.14714,1000.56964926,1
1506016811,21989753,0.14801,686.82014728,0
1506016797,21989741,0.14801,673.87345571,0
1506016773,21989729,0.14801,576.09200000,0
1506016730,21989704,0.14801,181.94716573,0
1506016698,21989692,0.14801,637.90900000,0
1506016654,21989679,0.14801,6065.50645227,0
1506016591,21989624,0.14801,639.40100000,0
1506016578,21989607,0.14801,570.56300000,0
1506016542,21989564,0.14801,634.78100000,0
1506016477,21989498,0.14800,1250.00000000,1
1506016459,21989431,0.14749,3870.98054131,1
1506016459,21989430,0.14749,3129.01945869,1
1506015968,21988949,0.14834,3452.96024000,0
1506015968,21988948,0.14833,768.39346000,0
1506015968,21988947,0.14833,3841.96728000,0
1506015950,21988938,0.14692,3202.21481461,1
1506015950,21988937,0.14692,8409.47176500,1
1506015776,21988807,0.14766,1351.07679804,0
1506015742,21988770,0.14677,3000.00000000,1
1506015731,21988761,0.14677,236.00000000,1
1506015664,21988508,0.14674,117.05417000,1
1506015664,21988504,0.14692,486.72000000,1
1506015664,21988499,0.14695,100.00000000,1
1506015663,21988497,0.14700,80.00000000,1
1506015663,21988495,0.14714,2709.00000000,1
1506015662,21988485,0.14710,3913.30537000,1
1506015662,21988483,0.14711,450.00095000,1
1506015615,21988341,0.14851,650.00000000,1
1506015550,21988277,0.14851,1343.35223217,0
1506015516,21988249,0.14812,2307.67640000,1
1506015516,21988248,0.14808,2692.32360000,0
1506015357,21988083,0.14795,202.25182482,0
1506015301,21988042,0.14769,803.82400000,0
1506015300,21988041,0.14769,1259.74000000,0
1506015187,21987931,0.14711,6244.79336463,1
1506015121,21987884,0.14711,1.57423927,0
1506015120,21987883,0.14711,6645.50390073,0
1506015119,21987881,0.14711,2639.82028000,1
1506015119,21987880,0.14713,100.00000000,1
1506015119,21987879,0.14770,1689.00000000,1
1506015119,21987878,0.14800,500.00000000,1
1506015115,21987861,0.14880,520.78357330,1
1506015114,21987856,0.14880,5043.67251345,1
1506015114,21987854,0.14880,2435.54391325,1
1506014990,21987725,0.14840,672.24103774,0
1506014980,21987713,0.14800,1484.71000000,1
1506014960,21987701,0.14842,1008.12511791,0
1506014868,21987531,0.14853,300.00000000,0
1506014789,21987455,0.14889,2223.97461554,0
1506014668,21987337,0.14802,5626.06678400,1
1506014662,21987324,0.14904,669.28757381,0
1506014653,21987300,0.14814,1217.90927357,0
1506014646,21987294,0.14903,0.00006708,1
1506014637,21987281,0.14903,1978.99993292,1
1506014626,21987280,0.14914,66.00000000,0
1506014611,21987273,0.14923,1100.00000000,0
1506014605,21987271,0.14929,34.00000000,0
1506014589,21987261,0.14912,600.00000000,0
1506014457,21987167,0.14793,3467.20562000,0
1506014452,21987158,0.14790,967.27937000,0
1506014451,21987156,0.14790,4345.01956000,0
1506014314,21987059,0.14776,4000.00000000,0
1506014251,21987027,0.14766,101.33136936,0
1506014232,21987016,0.14769,135.08104814,0
1506014163,21986927,0.14744,735.27600000,0
1506014144,21986903,0.14746,323.51200000,0
1506014035,21986753,0.14761,337.86282347,0
1506014001,21986662,0.14710,12895.00000000,1
1506013974,21986611,0.14793,2278.82705094,0
1506013974,21986610,0.14789,100.00000000,0
1506013974,21986609,0.14788,4845.64935906,0
1506013973,21986605,0.14791,4936.90682000,1
1506013972,21986603,0.14792,217.44382094,1
1506013972,21986600,0.14792,10000.00000000,1
1506013972,21986598,0.14792,6804.52160206,1
1506013972,21986597,0.14793,3195.47839794,1
1506013971,21986596,0.14793,271.72722111,1
1506013969,21986585,0.14793,380.00000000,1
1506013969,21986576,0.14793,1102.85624095,1
1506013956,21986495,0.14792,4228.03457700,1
1506013931,21986449,0.14791,1480.62418000,1
1506013908,21986417,0.14791,325.46900000,1
1506013897,21986402,0.14820,2019.24338731,0
1506013825,21986279,0.14791,589.73000000,0
1506013810,21986243,0.14791,99.01690000,1
1506013810,21986242,0.14791,99.01690000,1
1506013810,21986241,0.14791,99.01690000,1
1506013810,21986240,0.14791,99.01690000,1
1506013810,21986239,0.14791,99.01690000,1
1506013810,21986237,0.14791,99.01690000,1
1506013810,21986236,0.14791,99.01690000,1
1506013809,21986235,0.14791,99.01690000,1
1506013809,21986234,0.14791,99.01690000,1
1506013809,21986233,0.14791,99.01690000,1
1506013770,21986161,0.14791,99.01690000,1
1506013770,21986159,0.14791,99.01690000,1
1506013770,21986158,0.14791,99.01690000,1
1506013770,21986157,0.14791,99.01690000,1
1506013770,21986156,0.14791,99.01690000,1
1506013770,21986153,0.14791,99.01690000,1
1506013770,21986151,0.14791,99.01690000,1
1506013770,21986150,0.14791,99.01690000,1
1506013770,21986149,0.14791,99.01690000,1
1506013769,21986148,0.14791,99.01690000,1
1506013769,21986146,0.14791,99.01690000,1
1506013769,21986144,0.14791,99.01690000,1
1506013769,21986143,0.14791,99.01690000,1
1506013766,21986132,0.14820,2000.00000000,1
1506013680,21985947,0.14820,574.27800269,0
1506013678,21985945,0.14788,99.01689959,0
1506013541,21985589,0.14703,10000.00000000,1
1506013343,21985297,0.14690,7710.63920765,1
1506013342,21985296,0.14691,6401.06637000,0
1506013342,21985295,0.14692,1209.90491635,0
1506013342,21985294,0.14693,37.00000000,1
1506013288,21985245,0.14753,507.72724000,1
1506013274,21985218,0.14753,500.00000000,0
1506013218,21985178,0.14753,500.00000000,1
1506013194,21985148,0.14767,250.00000000,0
1506013171,21985136,0.14787,130.68316764,0
1506013169,21985134,0.14733,1311.11045484,0
1506013164,21985127,0.14682,7522.48117000,0
1506013155,21985106,0.14682,48.87702000,0
1506013150,21985101,0.14682,488.16000000,0
1506013148,21985097,0.14684,1360.56722000,1
1506013147,21985096,0.14684,6804.27876000,1
1506013147,21985095,0.14685,1022.62206000,1
1506013146,21985093,0.14733,1354.11145049,0
1506013143,21985090,0.14733,310.48921467,1
1506013142,21985089,0.14733,15200.00000000,1
1506013140,21985086,0.14733,222.29009707,1
1506013111,21985043,0.14678,7820.00000000,1
1506013072,21984957,0.14691,1840.63495400,1
1506013072,21984956,0.14700,220.00000000,1
1506013034,21984912,0.14730,100.00000000,0
1506013005,21984860,0.14733,677.05572524,0
1506012907,21984739,0.14685,1140.33641000,1
1506012907,21984738,0.14700,3400.00000000,1
1506012856,21984628,0.14766,44.00000000,0
1506012774,21984543,0.14668,325.83100000,1
1506012750,21984492,0.14690,1234.73692679,0
1506012750,21984491,0.14669,0.48125482,0
1506012630,21984158,0.14690,687.49274518,1
1506012609,21984104,0.14700,11161.80153700,1
1506012608,21984103,0.14700,1827.81694500,1
1506012602,21984089,0.14691,10.38151800,0
1506012591,21984075,0.14691,93.43366200,0
1506012583,21984034,0.14731,1367.79580476,0
1506012578,21984024,0.14733,67.70555895,0
1506012556,21983979,0.14691,402.92000000,1
1506012550,21983972,0.14696,6195.61489500,1
1506012545,21983943,0.14744,394.72900000,0
1506012471,21983823,0.14781,1349.70570326,0
1506012465,21983820,0.14700,4768.15440000,1
1506012460,21983808,0.14698,5974.58251100,1
1506012459,21983806,0.14697,593.83200000,1
1506012409,21983728,0.14690,288.98480092,1
1506012395,21983717,0.14769,1750.51700000,0
1506012392,21983715,0.14770,5283.45800000,0
1506012383,21983696,0.14772,337.63096446,0
1506012367,21983669,0.14690,523.62100000,1
1506012344,21983639,0.14690,385.20700000,1
1506012220,21983408,0.14686,2500.00000000,0
1506012149,21983298,0.14623,200.00000000,1
1506012132,21983280,0.14731,6771.47668183,0
1506012117,21983259,0.14674,339.88898732,0
1506012106,21983242,0.14690,303.37047000,0
1506012054,21983170,0.14658,203.77320079,0
1506011994,21983069,0.14628,142.00000000,1
1506011976,21983022,0.14630,888.45263912,1
1506011976,21983021,0.14630,1399.71360000,1
1506011976,21983020,0.14729,216.83376000,0
1506011974,21983015,0.14730,0.00000088,1
1506011845,21982710,0.14730,22082.12541000,1
1506011845,21982709,0.14732,798.59086000,1
1506011845,21982708,0.14732,3999.27364000,1
1506011835,21982690,0.14730,11620.67764600,1
1506011834,21982685,0.14731,6520.00000000,1
1506011829,21982675,0.14731,4511.11700000,1
1506011821,21982657,0.14731,5980.62338900,1
1506011814,21982640,0.14731,1231.06782900,1
1506011814,21982639,0.14731,1811.32918100,1
1506011812,21982626,0.14731,1377.27000000,1
1506011808,21982604,0.14777,141.75834066,0
1506011803,21982581,0.14730,201.63195629,1
1506011802,21982579,0.14730,2500.00000000,1
1506011802,21982578,0.14725,4643.62058000,0
1506011802,21982577,0.14724,2500.00000000,0
1506011802,21982576,0.14723,17398.99125000,0
1506011784,21982539,0.14727,677.33156787,0
1506011565,21981745,0.14628,1450.00000000,1
1506011564,21981739,0.14628,250.28814914,1
1506011564,21981736,0.14690,1127.80685786,1
1506011563,21981722,0.14691,835.40550000,1
1506011563,21981718,0.14691,4577.39663000,1
1506011563,21981716,0.14700,100.00000000,1
1506011562,21981715,0.14702,683.07287000,1
1506011562,21981714,0.14725,52.33263000,1
1506011562,21981712,0.14725,1127.90372000,1
1506011562,21981708,0.14725,1450.00000000,1
1506011562,21981706,0.14725,783.07287000,1
1506011558,21981675,0.14724,3771.48645000,1
1506011490,21981459,0.14720,12000.00000000,1
1506011333,21981135,0.14795,67.42183170,0
1506011326,21981129,0.14700,919.40966047,0
1506011325,21981124,0.14700,920.45458953,0
1506011272,21981064,0.14700,66.88575000,0
1506011266,21981056,0.14700,668.25000000,0
1506011255,21981046,0.14690,500.00000000,1
1506011183,21980947,0.14690,386.65244028,1
1506011181,21980946,0.14699,300.00000000,1
1506011118,21980820,0.14803,1489.62588340,0
1506011118,21980819,0.14803,4401.63636073,0
1506011118,21980818,0.14803,108.73775587,0
1506011113,21980811,0.14803,193.12652841,0
1506011036,21980675,0.14826,336.36854175,0
1506011016,21980657,0.14716,1118.99000000,0
1506011014,21980656,0.14730,40.00000000,1
1506010982,21980607,0.14841,2243.86754000,0
1506010982,21980606,0.14841,1392.03750000,0
1506010982,21980603,0.14839,6364.09496000,0
1506010963,21980572,0.14841,579.05200000,1
1506010941,21980520,0.14843,1480.79696000,1
1506010941,21980519,0.14843,2804.07304000,1
1506010925,21980508,0.14816,941.02300000,0
1506010919,21980498,0.14816,1113.01000000,0
1506010917,21980496,0.14817,4300.57000000,0
1506010894,21980450,0.14826,5516.58000000,0
1506010850,21980319,0.14696,1305.00000000,1
1506010820,21980265,0.14689,4678.72450143,1
1506010820,21980262,0.14690,3617.66422000,1
1506010819,21980258,0.14750,200.00000000,0
1506010808,21980223,0.14756,55.52064000,1
1506010806,21980220,0.14756,2341.18610000,0
1506010803,21980214,0.14719,1266.00000000,0
1506010800,21980201,0.14756,554.84352000,0
1506010791,21980185,0.14758,655.90900000,0
1506010782,21980175,0.14703,1000.00000000,0
1506010781,21980174,0.14616,15539.00827543,0
1506010780,21980173,0.14630,50.00000000,1
1506010780,21980172,0.14653,1000.00000000,1
1506010780,21980171,0.14699,1696.42850000,1
1506010779,21980170,0.14700,250.00000000,1
1506010779,21980169,0.14700,200.00000000,1
1506010779,21980168,0.14700,5000.00000000,1
1506010779,21980167,0.14700,5000.00000000,1
1506010779,21980166,0.14700,387.00000000,1
1506010779,21980165,0.14701,5000.00000000,1
1506010779,21980164,0.14701,1513.71510000,0
1506010779,21980163,0.14701,6645.50390073,0
1506010778,21980162,0.14702,14838.05874000,1
1506010778,21980161,0.14702,200.00000000,1
1506010778,21980160,0.14741,110.00000000,1
1506010778,21980159,0.14750,1500.00000000,1
1506010776,21980158,0.14760,28070.28548384,1
1506010753,21980128,0.14760,1321.29400000,1
1506010752,21980126,0.14760,809.08945000,1
1506010752,21980125,0.14761,683.44785000,1
1506010751,21980124,0.14863,50.00000000,0
1506010736,21980112,0.14876,677.20723264,0
1506010728,21980101,0.14760,9799.33106616,1
1506010728,21980099,0.14761,300.00000000,1
1506010728,21980097,0.14776,11692.40793384,1
1506010716,21980070,0.14776,250.00000000,1
1506010716,21980069,0.14780,250.00000000,1
1506010686,21980019,0.14776,2821.34002616,1
1506010686,21980017,0.14780,1000.00000000,1
1506010686,21980015,0.14790,366.00000000,1
1506010686,21980014,0.14800,846.25035384,1
1506010680,21979999,0.14800,199.00000000,1
1506010669,21979991,0.14800,355.10916000,1
1506010650,21979912,0.14800,1099.64048616,1
1506010650,21979911,0.14800,750.00000000,1
1506010650,21979909,0.14800,5000.00000000,1
1506010650,21979906,0.14800,103.98074000,1
1506010650,21979904,0.14801,5749.29730000,1
1506010650,21979903,0.14802,2998.34169000,1
1506010635,21979839,0.14801,246.28190000,0
1506010618,21979797,0.14800,96.01926000,1
1506010618,21979796,0.14800,102.98074000,1
1506010599,21979736,0.14801,130.00000000,1
1506010586,21979705,0.14873,3353.39205271,0
1506010573,21979683,0.14800,233.01926000,1
1506010573,21979682,0.14800,1900.00000000,1
1506010571,21979679,0.14801,3664.98074000,1
1506010552,21979607,0.14801,160.32847000,1
1506010534,21979563,0.14801,3734.69199300,1
1506010519,21979462,0.14802,4676.42529000,1
1506010519,21979461,0.14802,250.00000000,1
1506010519,21979459,0.14803,14360.19387000,1
1506010490,21979254,0.14833,1000.00000000,1
1506010467,21979114,0.14836,1952.09332549,1
1506010467,21979113,0.14848,200.00000000,1
1506010467,21979112,0.14848,92.71515151,1
1506010467,21979110,0.14850,48.30030000,1
1506010465,21979102,0.14864,300.00000000,1
1506010438,21978977,0.14945,574.33500000,0
1506010409,21978897,0.14868,950.99999975,1
1506010409,21978895,0.14875,1000.00000000,1
1506010409,21978894,0.14913,49.00000000,1
1506010407,21978890,0.14919,0.00000025,1
1506010349,21978647,0.14919,3239.74427200,1
1506010345,21978630,0.14955,1148.63599893,0
1506010341,21978610,0.14920,2697.42810000,1
1506010328,21978563,0.14956,822.62423000,0
1506010328,21978560,0.14955,1003.32577000,0
1506010327,21978552,0.14919,1067.64865000,1
1506010267,21978421,0.14956,600.26450923,0
1506010188,21978331,0.14956,260.94444000,0
1506010184,21978326,0.14956,500.00267317,0
1506010143,21978287,0.14956,1035.49996865,1
1506009979,21978184,0.14987,4899.07199500,0
1506009961,21978157,0.14989,827.37340716,1
1506009960,21978156,0.14989,2500.00000000,0
1506009948,21978147,0.15000,801.81361016,1
1506009944,21978135,0.15000,4899.07199500,1
1506009937,21978118,0.15061,1303.66228935,0
1506009899,21978030,0.15005,1628.74117400,1
1506009874,21977992,0.15001,1406.70050000,1
1506009872,21977991,0.15000,1406.70050000,1
1506009871,21977990,0.15117,11006.78817616,0
1506009856,21977979,0.15132,8158.46046656,0
1506009855,21977978,0.15132,1996.24581000,1
1506009855,21977977,0.15131,5000.00000000,0
1506009855,21977976,0.15131,2500.00000000,0
1506009855,21977975,0.15124,474.35544000,0
1506009855,21977973,0.15021,7815.89985731,0
1506009854,21977971,0.15000,10599.95760016,0
1506009854,21977970,0.15000,4635.99586667,0
1506009854,21977969,0.14988,1000.00000000,0
1506009854,21977968,0.14988,1817.40000000,0
1506009854,21977967,0.14988,2179.93270000,0
1506009854,21977966,0.14988,2179.93270000,0
1506009854,21977965,0.14988,2179.93270000,0
1506009854,21977964,0.14988,2179.93270000,0
1506009853,21977963,0.14988,2179.93270000,0
1506009853,21977962,0.14988,2179.93270000,0
1506009853,21977960,0.14988,2179.93270000,0
1506009853,21977959,0.14988,2179.93270000,0
1506009853,21977958,0.14988,2179.93265930,0
1506009853,21977957,0.14987,2179.93270000,0
1506009853,21977956,0.14987,2179.93270000,0
1506009853,21977955,0.14987,2179.93270000,0
1506009853,21977953,0.14987,2179.93270000,0
1506009852,21977952,0.14987,2179.93270000,0
1506009852,21977951,0.14987,2179.93270000,0
1506009852,21977950,0.14987,2179.93270000,0
1506009852,21977949,0.14987,2179.93270000,0
1506009852,21977948,0.14987,2179.93270000,0
1506009852,21977947,0.14986,1391.11920000,0
1506009852,21977946,0.14986,2371.77720000,0
1506009830,21977913,0.14970,559.03265100,1
1506009829,21977912,0.14970,2989.93732000,1
1506009825,21977901,0.14970,1145.50206900,1
1506009786,21977822,0.14981,332.92377011,0
1506009771,21977777,0.14988,0.00004070,1
1506009771,21977776,0.14988,2179.93270000,1
1506009769,21977766,0.14988,1045.88997178,1
1506009763,21977730,0.14988,2500.00000000,1
1506009758,21977720,0.14988,7006.33089199,1
1506009754,21977706,0.14988,2314.03870553,1
1506009744,21977687,0.14989,300.00000000,1
1506009678,21977487,0.15000,665.00413333,0
1506009672,21977462,0.14988,768.20880000,1
1506009671,21977461,0.14988,108.90000000,1
1506009657,21977418,0.14988,76.69889000,0
1506009619,21977259,0.14956,103.90003135,0
1506009617,21977243,0.14956,1162.09996865,0
1506009605,21977208,0.14988,76.69888864,1
1506009601,21977197,0.14988,355.05263000,1
1506009588,21977173,0.14988,450.00000000,0
1506009588,21977172,0.14972,423.24848136,0
1506009550,21977094,0.14972,0.00016443,1
1506009549,21977089,0.14972,423.46012557,1
1506009428,21976954,0.14972,173.22441892,0
1506009422,21976944,0.14970,667.13426853,1
1506009419,21976934,0.14972,8053.20065256,0
1506009381,21976865,0.14906,673.00000000,1
1506009381,21976864,0.14906,5.00723727,1
1506009343,21976836,0.14928,140.32442390,0
1506009276,21976744,0.14906,1005.86072000,0
1506009276,21976743,0.14906,379.64296881,0
1506009276,21976742,0.14906,109.48907392,0
1506009240,21976705,0.14848,389.68484849,1
1506009239,21976703,0.14850,2010.31515151,1
1506009192,21976634,0.14906,66.91976385,0
1506009190,21976629,0.14847,7832.30558360,1
1506009188,21976627,0.14848,643.12858000,1
1506009185,21976618,0.14848,1700.00000000,1
1506009183,21976617,0.14852,300.00000000,1
1506009179,21976610,0.14906,66.91976385,0
1506009179,21976608,0.14855,2629.27562000,1
1506009161,21976587,0.14906,0.18985019,1
1506009161,21976586,0.14906,379.64304031,1
1506009157,21976569,0.14906,626.02782573,1
1506009142,21976526,0.14906,745.09500000,1
1506009142,21976525,0.14906,2990.39955300,1
1506009141,21976523,0.14908,5282.42814000,1
1506009140,21976521,0.14907,7778.27930000,0
1506009138,21976518,0.14906,501.54300000,1
1506009137,21976513,0.14977,1332.04246511,0
1506009137,21976512,0.14907,634.05041638,1
1506009135,21976506,0.14907,2076.27000740,0
1506009134,21976505,0.14907,100.00000000,1
1506009134,21976502,0.14907,1114.79000000,1
1506009133,21976497,0.14906,1650.95571600,1
1506009132,21976495,0.14906,467.96598306,1
1506009130,21976492,0.14906,1380.79570000,1
1506009130,21976491,0.14906,8976.05959000,0
1506009129,21976490,0.14906,2281.32474171,0
1506009120,21976471,0.14906,1438.77525829,0
1506009060,21976412,0.14926,6682.96931528,0
1506008978,21976248,0.14971,366.93360496,0
1506008976,21976244,0.14892,200.47269778,0
1506008973,21976236,0.14892,299.27736000,0
1506008964,21976212,0.14878,3533.14194000,0
1506008964,21976211,0.14877,1756.85180000,0
1506008962,21976203,0.14836,9904.32617439,0
1506008961,21976202,0.14836,10000.00000000,0
1506008961,21976199,0.14836,10000.00000000,0
1506008955,21976163,0.14836,3096.07679400,0
1506008933,21976141,0.14836,134.80722566,0
1506008930,21976137,0.14836,2017.06571852,0
1506008918,21976127,0.14836,100.00000000,0
1506008912,21976122,0.14836,2809.77493643,0
1506008893,21976047,0.14836,51.01380000,0
1506008888,21976044,0.14836,509.89680000,0
1506008883,21976036,0.14836,274.66650000,0
1506008882,21976035,0.14836,580.56900000,0
1506008877,21976023,0.14836,486.37638000,0
1506008875,21976020,0.14836,8035.42667100,1
1506008752,21975860,0.14892,0.00006715,1
1506008750,21975849,0.14892,499.99993285,1
1506008738,21975809,0.14862,300.00000000,1
1506008738,21975808,0.14862,480.96000000,1
1506008689,21975713,0.14914,1337.66930400,0
1506008552,21975545,0.14862,1829.77040364,0
1506008550,21975542,0.14865,3145.20688000,1
1506008550,21975541,0.14865,8582.37688800,1
1506008550,21975539,0.14865,5209.35206836,1
1506008550,21975538,0.14866,2759.29376000,1
1506008522,21975495,0.14927,1336.51262812,0
1506008457,21975343,0.14940,40.00000000,0
1506008457,21975341,0.14840,86.46268956,1
1506008441,21975312,0.14837,1274.52398900,1
1506008424,21975266,0.14894,133.94736135,0
1506008232,21974944,0.14968,1250.00000000,0
1506008191,21974878,0.14995,2121.74643641,1
1506008191,21974877,0.14879,3514.03831000,0
1506008189,21974875,0.14872,5975.90183320,0
1506008151,21974732,0.14892,100.00000000,0
1506008135,21974656,0.14897,669.60206753,0
1506008105,21974513,0.14804,16782.00000000,1
1506008045,21974364,0.14807,14608.79572624,0
1506008045,21974363,0.14808,898.22568000,1
1506008045,21974361,0.14808,4492.96042000,1
1506008043,21974356,0.14850,0.00000376,1
1506007986,21974182,0.14906,4015.18677043,0
1506007983,21974166,0.14906,157.33404000,0
1506007980,21974150,0.14850,149.99999624,1
1506007980,21974149,0.14850,1000.86100000,1
1506007980,21974147,0.14850,672.00000000,1
1506007979,21974146,0.14851,1000.00000000,1
1506007979,21974145,0.14851,2967.35698376,1
1506007966,21974104,0.14851,2218.42820000,1
1506007965,21974103,0.14851,313.32460000,1
1506007963,21974099,0.14851,1872.71316371,1
1506007961,21974096,0.14878,970.77663629,1
1506007953,21974090,0.14878,29.22336371,0
1506007949,21974073,0.14878,263.01027332,0
1506007941,21974063,0.14878,1978.77225433,0
1506007934,21974056,0.14851,1000.00000000,1
1506007918,21974010,0.14878,2011.42626697,0
1506007916,21973997,0.14878,48.22821000,0
1506007911,21973987,0.14878,481.68000000,0
1506007910,21973984,0.14878,187.65963167,1
1506007909,21973982,0.14878,0.00000001,0
1506007903,21973975,0.14878,1343.57581700,0
1506007900,21973968,0.14878,1076.00000000,0
1506007899,21973965,0.14878,488.60415000,0
1506007892,21973952,0.14878,69.18129000,0
1506007885,21973946,0.14878,691.69248000,0
1506007884,21973943,0.14878,328.30291673,0
1506007878,21973925,0.14878,491.04100000,0
1506007871,21973895,0.14878,3085.54619100,0
1506007870,21973883,0.14878,100.00000000,0
1506007868,21973873,0.14878,48.15612000,0
1506007867,21973870,0.14878,783.58078506,1
1506007745,21973602,0.14851,6317.36563253,1
1506007745,21973601,0.14851,11195.66742980,1
1506007744,21973600,0.14851,946.59135000,0
1506007744,21973598,0.14870,5575.97706767,1
1506007744,21973597,0.14872,14929.91829000,1
1506007744,21973596,0.14872,4726.60124000,0
1506007744,21973595,0.14872,480.96000000,0
1506007742,21973594,0.14876,4726.91899000,1
1506007646,21973289,0.14975,612.82517529,0
1506007642,21973267,0.14872,602.90300000,1
1506007640,21973244,0.14872,123.59202566,1
1506007639,21973242,0.14890,1000.00000000,1
1506007639,21973240,0.14891,335.07851540,1
1506007639,21973238,0.14900,3947.24331094,1
1506007639,21973236,0.14901,4641.45225000,1
1506007635,21973220,0.14901,47.15957700,1
1506007635,21973219,0.14926,705.43742300,1
1506007634,21973213,0.14926,4594.56257700,1
1506007622,21973155,0.14900,783.19923906,1
1506007622,21973153,0.14900,3355.70469000,1
1506007622,21973151,0.14900,1297.75700694,1
1506007621,21973143,0.14900,3518.30200800,1
1506007605,21973044,0.14900,183.94098506,1
1506007605,21973043,0.14900,1000.00000000,1
1506007604,21973040,0.14901,100.00000000,1
1506007604,21973037,0.14913,200.00000000,1
1506007604,21973036,0.14926,4431.05406700,1
1506007604,21973033,0.14950,599.74465394,1
1506007604,21973031,0.14950,0.25534606,0
1506007602,21973018,0.14926,744.86863700,1
1506007599,21972997,0.14926,3271.15543000,1
1506007598,21972992,0.14926,3383.77396600,1
1506007591,21972955,0.14926,2784.52642000,1
1506007582,21972856,0.14950,11621.78742896,1
1506007581,21972853,0.14951,9833.68232498,1
1506007576,21972803,0.14951,968.77500000,1
1506007575,21972787,0.14951,5979.45532300,1
1506007568,21972730,0.14950,11701.13381600,1
1506007568,21972724,0.14950,2599.20000000,1
1506007566,21972713,0.14950,8124.16628800,1
1506007565,21972701,0.14951,2599.20000000,1
1506007558,21972645,0.14950,714.74300000,1
1506007557,21972639,0.14950,571.57800000,1
1506007543,21972512,0.14950,1538.40000000,1
1506007536,21972489,0.14950,6304.76498300,1
1506007536,21972484,0.14950,2100.00000000,1
1506007535,21972482,0.14950,1694.00000000,1
1506007534,21972469,0.14950,2109.84376300,1
1506007528,21972436,0.14950,7963.49670000,1
1506007527,21972430,0.14950,4464.35456600,1
1506007527,21972429,0.14950,3332.54650400,1
1506007527,21972427,0.14951,2164.27793000,1
1506007516,21972373,0.14950,2137.11711300,1
1506007516,21972372,0.14950,8375.26030200,1
1506007516,21972368,0.14950,4163.77189300,1
1506007516,21972366,0.14950,1471.34399800,1
1506007516,21972364,0.14951,1661.07720200,1
1506007510,21972348,0.14951,730.53985800,1
1506007507,21972326,0.14999,3536.64392453,0
1506007502,21972304,0.14950,828.96564000,1
1506007501,21972297,0.14950,5212.96000000,1
1506007500,21972286,0.14950,3400.22392214,1
1506007498,21972267,0.14950,2388.65956176,1
1506007493,21972235,0.14950,2250.17285657,1
1506007482,21972133,0.15000,486.14355828,0
1506007481,21972124,0.14960,800.00000000,1
1506007459,21972026,0.15000,5600.00000000,1
1506007457,21972022,0.15000,400.00000000,1
1506007448,21971979,0.15000,2554.38263500,1
1506007435,21971937,0.14960,200.00000000,1
1506007430,21971931,0.14976,5042.33460200,1
1506007430,21971929,0.14981,100.00000000,1
1506007430,21971927,0.14985,40.00000000,1
1506007429,21971926,0.14987,270.00000000,1
1506007415,21971859,0.14990,723.00000000,1
1506007414,21971858,0.14990,100.00000000,1
1506007414,21971857,0.14990,3000.00000000,1
1506007411,21971841,0.14995,4022.78748235,0
1506007411,21971839,0.14995,1000.00000000,1
1506007411,21971837,0.15000,1000.00000000,1
1506007411,21971836,0.15000,1000.00000000,1
1506007410,21971834,0.15000,683.22100000,1
1506007410,21971833,0.15000,16626.00000000,1
1506007410,21971831,0.15000,50.00000000,1
1506007410,21971830,0.15000,600.00000000,1
1506007410,21971829,0.15000,2000.00000000,1
1506007410,21971827,0.15000,200.00000000,1
1506007410,21971825,0.15000,6303.73450000,1
1506007410,21971822,0.15000,34.00000000,1
1506007410,21971820,0.15000,500.00000000,1
1506007409,21971814,0.15000,239.87205046,1
1506007409,21971813,0.15000,2000.00000000,1
1506007409,21971812,0.15000,300.00000000,1
1506007409,21971810,0.15000,1000.00000000,1
1506007409,21971809,0.15000,150.00000000,1
1506007409,21971808,0.15000,1000.00000000,1
1506007408,21971807,0.15000,1999.90500000,1
1506007408,21971806,0.15000,8000.00000000,1
1506007408,21971804,0.15000,40.00000000,1
1506007408,21971803,0.15000,1000.00000000,1
1506007408,21971802,0.15000,100.00000000,1
1506007408,21971801,0.15000,100.00000000,1
1506007408,21971800,0.15000,100.00000000,1
1506007408,21971799,0.15000,250.00000000,1
1506007408,21971798,0.15000,18290.00000000,1
1506007408,21971796,0.15000,34031.56563510,1
1506007404,21971773,0.15000,5968.43436490,1
1506007404,21971772,0.15000,400.00000000,1
1506007404,21971771,0.15000,65.00000000,1
1506007404,21971768,0.15000,280.00000000,1
1506007402,21971753,0.15000,100.00000000,1
1506007402,21971750,0.15000,13500.00000000,1
1506007402,21971749,0.15000,1482.96611573,1
1506007402,21971746,0.15001,1390.03990100,1
1506007401,21971735,0.15001,1325.30676900,0
1506007401,21971733,0.15001,489.00000000,0
1506007401,21971732,0.15001,13.89233000,0
1506007399,21971727,0.15000,64.64280000,1
1506007399,21971725,0.15000,89.13160000,1
1506007399,21971724,0.15000,89.06280000,1
1506007399,21971723,0.15000,87.69610000,1
1506007399,21971721,0.15000,87.69610000,1
1506007399,21971719,0.15000,87.68880000,1
1506007399,21971717,0.15000,11.11568427,1
1506007399,21971716,0.15000,74.50181573,1
1506007399,21971715,0.15000,85.70000000,1
1506007398,21971714,0.15000,76.94110000,1
1506007398,21971713,0.15000,69.65708427,1
1506007398,21971711,0.15000,5.17131573,1
1506007398,21971707,0.15000,58.88000000,1
1506007398,21971704,0.15000,77.45520000,1
1506007398,21971701,0.15000,76.97400000,1
1506007397,21971697,0.15000,77.08400000,1
1506007397,21971695,0.15000,77.15270000,1
1506007397,21971693,0.15000,74.42720000,1
1506007397,21971691,0.15000,74.27870000,1
1506007397,21971690,0.15000,74.17430000,1
1506007397,21971689,0.15000,79.82050000,1
1506007397,21971688,0.15000,123.19880000,1
1506007397,21971687,0.15000,132.64780000,1
1506007397,21971686,0.15000,138.77730000,1
1506007397,21971685,0.15000,129.95818427,1
1506007397,21971683,0.15000,35.07941573,1
1506007396,21971674,0.15000,109.69560000,1
1506007396,21971673,0.15000,135.63330000,1
1506007396,21971672,0.15000,145.11920000,1
1506007395,21971671,0.15000,144.81160000,1
1506007395,21971670,0.15000,144.52000000,1
1506007395,21971668,0.15000,130.32290000,1
1506007395,21971666,0.15000,131.12120000,1
1506007395,21971665,0.15000,131.12120000,1
1506007395,21971663,0.15000,131.24760000,1
1506007395,21971661,0.15000,129.55420000,1
1506007395,21971660,0.15000,130.72680000,1
1506007395,21971659,0.15000,125.14510000,1
1506007394,21971657,0.15000,129.90830000,1
1506007394,21971656,0.15000,127.88570000,1
1506007394,21971655,0.15000,127.88570000,1
1506007394,21971654,0.15000,158.85250000,1
1506007394,21971653,0.15000,158.85250000,1
1506007394,21971652,0.15000,158.85250000,1
1506007394,21971649,0.15000,139.99100000,1
1506007394,21971645,0.15000,157.58080000,1
1506007393,21971643,0.15000,166.54260000,1
1506007393,21971639,0.15000,133.93930000,1
1506007393,21971638,0.15000,134.09310000,1
1506007393,21971637,0.15000,134.09310000,1
1506007393,21971635,0.15000,134.04140000,1
1506007393,21971632,0.15000,133.45180000,1
1506007392,21971631,0.15000,133.27460000,1
1506007392,21971630,0.15000,121.27260000,1
1506007392,21971624,0.15000,115.56100000,1
1506007392,21971622,0.15000,114.16330000,1
1506007392,21971619,0.15000,117.33580000,1
1506007392,21971617,0.15000,127.00980000,1
1506007392,21971615,0.15000,127.00980000,1
1506007391,21971610,0.15000,92.62560000,1
1506007391,21971608,0.15000,92.62560000,1
1506007391,21971607,0.15000,118.26400000,1
1506007391,21971605,0.15000,92.62430000,1
1506007387,21971591,0.15001,3556.28067000,0
1506007383,21971570,0.15001,3929.82700000,1
1506007335,21971324,0.15001,2000.00000000,1
1506007317,21971218,0.15000,3200.00000000,1
1506007311,21971185,0.15000,2906.08900055,1
1506007311,21971183,0.15000,1000.00000000,1
1506007310,21971182,0.15000,177.30000000,1
1506007310,21971181,0.15001,1223.61099945,1
1506007309,21971176,0.15001,2624.39567055,0
1506007309,21971175,0.15001,3243.51337000,1
1506007307,21971166,0.15002,5694.47824189,1
1506007290,21971110,0.15003,1713.88364500,1
1506007228,21970937,0.15002,6118.15943800,1
1506007226,21970932,0.15005,1072.76211000,1
1506007226,21970931,0.15005,5368.84864000,1
1506007137,21970596,0.15002,2728.69946011,1
1506007137,21970595,0.15003,997.30053989,1
1506007137,21970594,0.15010,2000.00000000,1
1506007137,21970593,0.15028,110.00000000,1
1506007137,21970592,0.15030,64.00000000,1
1506007137,21970590,0.15030,5000.00000000,1
1506007137,21970589,0.15030,10730.00000000,1
1506007113,21970494,0.15047,709.06227154,1
1506007113,21970491,0.15050,626.49681300,1
1506007112,21970490,0.15051,47.50731000,1
1506007095,21970381,0.15092,165.23754307,0
1506007076,21970212,0.15050,200.00000000,1
1506007070,21970162,0.15050,873.50318700,1
1506007070,21970161,0.15050,161.50000000,1
1506007070,21970160,0.15056,50.00000000,1
1506007066,21970143,0.15056,200.00000000,1
1506007062,21970134,0.15078,1430.09937900,1
1506007062,21970130,0.15078,5980.05600000,1
1506007062,21970127,0.15078,7057.88678100,1
1506007032,21969940,0.15123,1490.68571051,0
1506006941,21969545,0.15100,711.11999981,1
1506006941,21969544,0.15100,993.99884105,1
1506006941,21969543,0.15100,100.00000000,1
1506006941,21969542,0.15100,3311.25827814,1
1506006940,21969540,0.15100,200.00000000,1
1506006861,21969436,0.15105,7399.47729000,1
1506006861,21969435,0.15106,300.00000000,1
1506006809,21969387,0.15160,1234.31834502,0
1506006808,21969386,0.15158,4006.27180000,0
1506006715,21969249,0.15236,137.50144395,0
1506006658,21969147,0.15154,0.00000303,1
1506006597,21969069,0.15154,596.36306000,1
1506006587,21969014,0.15154,5903.63693700,1
1506006563,21968969,0.15154,7036.48748000,1
1506006563,21968968,0.15155,6500.00000000,1
1506006477,21968894,0.15154,858.99487997,1
1506006396,21968834,0.15161,4117.94000000,1
1506006195,21968538,0.15219,1306.99685534,0
1506006176,21968476,0.15117,2392.31568500,1
1506006165,21968444,0.15115,10242.38864300,1
1506006108,21968296,0.15170,6506.31322400,1
1506006105,21968295,0.15381,3689.38667466,1
1506006105,21968294,0.15381,2500.00000000,1
1506006105,21968292,0.15379,453.15793000,0
1506006105,21968291,0.15169,2265.78967000,0
1506006103,21968284,0.15163,16363.24550000,1
1506006103,21968282,0.15163,2500.00000000,0
1506006103,21968281,0.15163,5024.58436527,0
1506006090,21968265,0.15172,251.00000000,0
1506006089,21968264,0.15136,489.00000000,0
1506005994,21968024,0.15106,200.00000000,1
1506005859,21967732,0.15258,313.80449600,1
1506005848,21967684,0.15266,1364.52723000,0
1506005837,21967604,0.15140,8378.80164920,0
1506005832,21967564,0.15140,1671.52441963,0
1506005828,21967520,0.15140,720.00000000,0
1506005827,21967508,0.15140,1671.52441963,0
1506005826,21967493,0.15108,200.00000000,0
1506005823,21967477,0.15141,1165.60226011,1
1506005823,21967474,0.15141,1660.59706500,1
1506005823,21967471,0.15141,15364.16669000,1
1506005823,21967468,0.15150,500.00000000,1
1506005823,21967467,0.15150,500.00000000,1
1506005823,21967465,0.15154,800.00000000,1
1506005823,21967464,0.15154,4081.17230252,1
1506005822,21967462,0.15178,5024.58436527,1
1506005822,21967460,0.15180,649.98504980,1
1506005822,21967458,0.15190,1970.24308755,1
1506005822,21967456,0.15191,3720.10000000,1
1506005814,21967373,0.15200,22049.79200000,0
1506005813,21967361,0.15200,1683.48100800,0
1506005812,21967359,0.15200,10500.06559211,0
1506005809,21967337,0.15200,737.24800000,0
1506005807,21967323,0.15200,859.98153000,0
1506005807,21967321,0.15199,4035.98847000,0
1506005805,21967305,0.15199,1197.08000000,0
1506005802,21967276,0.15200,113.56043800,0
1506005802,21967275,0.15199,1618.73419100,0
1506005801,21967266,0.15199,1069.80054900,0
1506005791,21967210,0.15199,400.90800000,0
1506005790,21967207,0.15199,2823.55000000,0
1506005781,21967150,0.15200,657.00000000,1
1506005781,21967147,0.15204,1718.26542000,1
1506005780,21967145,0.15204,8596.62830000,1
1506005780,21967144,0.15240,6617.55969816,1
1506005780,21967143,0.15250,3000.00000000,1
1506005780,21967142,0.15250,1000.00000000,1
1506005780,21967141,0.15271,84.00000000,1
1506005721,21966992,0.15315,450.00000000,1
1506005721,21966990,0.15315,0.00000045,1
1506005720,21966989,0.15326,286.10720096,1
1506005719,21966985,0.15326,2968.16666666,0
1506005716,21966960,0.15325,1364.58946309,0
1506005714,21966951,0.15324,2500.00000000,0
1506005710,21966937,0.15315,7829.42351200,1
1506005689,21966808,0.15315,1267.98636200,1
1506005688,21966804,0.15315,24234.72900000,1
1506005682,21966799,0.15316,799.15831300,1
1506005612,21966750,0.15315,287.50375000,1
1506005610,21966749,0.15316,8512.49625000,1
1506005548,21966712,0.15316,6460.00000000,1
1506005479,21966643,0.15334,1664.18401598,0
1506005471,21966636,0.15315,127.37746442,1
1506005464,21966617,0.15315,5000.00000000,1
1506005442,21966594,0.15315,1000.00133000,1
1506005438,21966580,0.15315,1174.16000000,1
1506005437,21966575,0.15315,4473.51041146,1
1506005435,21966568,0.15315,5630.80000000,1
1506005435,21966562,0.15315,2379.52831267,1
1506005434,21966555,0.15315,12594.97985700,1
1506005434,21966553,0.15318,545.45885300,1
1506005412,21966487,0.15318,454.54114700,1
1506005412,21966486,0.15320,376.43687000,1
1506005391,21966430,0.15320,5000.00000000,1
1506005091,21965951,0.15373,1700.00000000,0
1506004864,21965793,0.15320,3623.77749000,1
1506004860,21965788,0.15390,152.38309289,0
1506004860,21965787,0.15390,1202.59721900,1
1506004860,21965786,0.15378,7804.30400000,0
1506004860,21965785,0.15377,1371.61140000,0
1506004859,21965784,0.15376,2500.00000000,0
1506004846,21965776,0.15340,1610.00000000,1
1506004846,21965775,0.15341,1500.00000000,1
1506004846,21965774,0.15348,1500.00000000,1
1506004845,21965772,0.15350,4289.90196000,1
1506004836,21965769,0.15381,94.04460048,0
1506004836,21965768,0.15381,2500.00000000,0
1506004806,21965754,0.15350,8510.09804000,1
1506004806,21965753,0.15351,7973.14267000,1
1506004806,21965752,0.15352,13516.75929000,1
1506004799,21965749,0.15356,1200.00000000,1
1506004791,21965742,0.15356,1613.65993900,1
1506004779,21965724,0.15354,1101.86815600,1
1506004776,21965723,0.15355,1825.73647900,1
1506004658,21965558,0.15390,0.00006496,1
1506004657,21965551,0.15390,319.09993503,1
1506004504,21965297,0.15391,1599.99993503,0
1506004312,21965180,0.15461,290.22346549,0
1506004312,21965179,0.15453,1343.90920000,0
1506004310,21965175,0.15452,4821.12664000,0
1506004164,21965083,0.15450,1614.08770227,0
1506004022,21964996,0.15391,220.00000000,1
1506003567,21964856,0.15392,781.73684210,1
1506002662,21964477,0.15390,3260.00000000,1
1506002400,21964381,0.15388,57.00000000,1
1506001927,21964153,0.15461,1700.00000000,0
1506001711,21964105,0.15397,304.33032480,1
1506001407,21963989,0.15460,5226.46296600,0
1506001407,21963987,0.15459,1367.91800000,0
1506001293,21963912,0.15458,2500.00000000,0
1506001059,21963815,0.15458,270.00000000,0
1506001006,21963787,0.15455,1290.84438692,0
1506000800,21963689,0.15464,2.42380000,0
1506000800,21963688,0.15461,1365.11620000,0
1506000504,21963523,0.15457,718.62800000,0
1506000173,21963383,0.15465,1555.61797607,1
1506000171,21963381,0.15439,57.00000000,0
1506000120,21963359,0.15394,1000.00000000,1
1505999293,21962998,0.15410,50.00000000,0
1505999160,21962918,0.15390,1410.53000000,0
1505999160,21962917,0.15369,57.00000000,0
1505998025,21962539,0.15375,2086.69007317,0
1505998023,21962538,0.15374,4401.33603000,0
1505997837,21962410,0.15340,1640.00000000,1
1505997834,21962409,0.15408,1294.71706464,0
1505997795,21962390,0.15342,3105.17000000,1
1505997758,21962369,0.15350,7530.23000000,1
1505997758,21962368,0.15350,150.00000000,1
1505997736,21962350,0.15434,2853.24295995,0
1505997736,21962349,0.15422,1371.19610000,0
1505997734,21962348,0.15387,59.00000000,0
1505997178,21962079,0.15382,3100.87357900,0
1505997093,21962057,0.15382,865.03734000,0
1505996824,21961922,0.15413,323.59248686,0
1505996615,21961874,0.15427,281.42723795,0
1505996615,21961873,0.15398,1343.62290000,0
1505996613,21961872,0.15374,59.00000000,0
1505995936,21961603,0.15445,1642.55271900,0
1505995935,21961602,0.15445,2051.49676700,0
1505995552,21961465,0.15410,0.50889610,0
1505995552,21961464,0.15400,726.58110390,0
1505995470,21961423,0.15375,59.00000000,0
1505995197,21961314,0.15347,46.71240630,1
1505995074,21961279,0.15400,32.41889610,0
1505994628,21961071,0.15388,5041.67982869,0
1505994628,21961070,0.15387,4435.39844000,0
1505994626,21961069,0.15365,247.00000000,0
1505993795,21960752,0.15419,323.43212919,0
1505993415,21960550,0.15425,62.96896552,1
1505993282,21960503,0.15425,2937.03103448,1
1505993094,21960424,0.15425,323.34074554,0
1505992867,21960304,0.15439,2584.38040028,0
1505992810,21960273,0.15420,1047.30214007,1
1505992808,21960272,0.15383,247.00000000,0
1505992494,21960106,0.15383,2803.00000000,1
1505992493,21960101,0.15383,197.00000000,1
1505992400,21960043,0.15383,100.00000000,0
1505992222,21959954,0.15400,738.57142857,1
1505992222,21959953,0.15400,2500.00000000,0
1505992217,21959951,0.15341,196.00000000,1
1505992215,21959949,0.15342,517.74850000,1
1505992215,21959948,0.15351,1667.00000000,1
1505992211,21959947,0.15351,3137.00000000,1
1505992208,21959946,0.15351,196.00000000,1
1505992125,21959878,0.15354,2644.86281100,1
1505992125,21959877,0.15384,492.13718900,1
1505992122,21959876,0.15384,3137.00000000,1
1505992051,21959838,0.15384,123.86281100,1
1505991974,21959802,0.15384,247.00000000,0
1505991485,21959458,0.15431,1000.00000000,0
1505991469,21959455,0.15444,129.17637917,0
1505991459,21959449,0.15411,1000.00000000,0
1505991407,21959412,0.15447,932.27920081,1
1505991407,21959411,0.15433,159.59684992,0
1505991405,21959410,0.15427,2075.00000000,0
1505991401,21959404,0.15414,10000.00000000,1
1505991357,21959389,0.15412,646.42602553,0
1505991272,21959371,0.15431,396.48234140,0
1505991271,21959370,0.15420,603.51765860,0
1505991171,21959278,0.15420,500.00000000,0
1505991171,21959277,0.15419,2500.00000000,0
1505991121,21959268,0.15420,5455.31400778,0
1505991121,21959266,0.15400,793.77672079,0
1505991119,21959265,0.15385,222.00000000,0
1505990958,21959225,0.15351,4174.63955900,1
1505990949,21959221,0.15357,2846.95116300,1
1505989992,21958726,0.15400,1003.98350649,0
1505989965,21958694,0.15354,175.58000000,1
1505989494,21958451,0.15400,1184.23977272,0
1505989231,21958347,0.15338,222.00000000,0
1505988861,21958114,0.15350,192.65358519,0
1505988861,21958113,0.15350,10000.00000000,0
1505988859,21958112,0.15350,2034.97286739,0
1505988854,21958104,0.15350,2104.54885254,0
1505988784,21958061,0.15350,2787.22021000,0
1505988780,21958052,0.15350,6546.30472100,0
1505988780,21958051,0.15350,5607.65064300,0
1505988772,21958031,0.15350,2337.72745703,0
1505988771,21958030,0.15350,10000.00000000,0
1505988771,21958029,0.15350,10000.00000000,0
1505988771,21958028,0.15350,10000.00000000,0
1505988770,21958025,0.15350,10000.00000000,0
1505988770,21958024,0.15350,10000.00000000,0
1505988770,21958023,0.15350,10000.00000000,0
1505988769,21958021,0.15350,10000.00000000,0
1505988767,21958016,0.15350,9122.84048100,0
1505988748,21958012,0.15349,625.24136791,0
1505988742,21958009,0.15349,625.24136791,0
1505988230,21957671,0.15341,2145.73398084,0
1505988192,21957637,0.15292,222.00000000,1
1505987751,21957402,0.15348,656.62157936,0
1505987690,21957372,0.15263,500.86883671,1
1505987344,21957246,0.15341,650.21836907,0
1505987317,21957235,0.15343,1950.40083425,0
1505986978,21956956,0.15370,11319.88575146,0
1505986977,21956955,0.15369,905.75482000,0
1505986977,21956954,0.15329,4528.77409000,0
1505986976,21956953,0.15277,152.00000000,0
1505986652,21956822,0.15311,750.00000000,0
1505986553,21956788,0.15341,60.00000000,0
1505985883,21956366,0.15154,10314.31005748,1
1505985882,21956365,0.15154,2556.25056036,0
1505985882,21956364,0.15154,5141.37185000,0
1505985882,21956363,0.15156,7453.01828000,1
1505985881,21956362,0.15181,9.23997476,1
1505985881,21956361,0.15181,327.58226785,1
1505985881,21956360,0.15181,3073.44464800,1
1505985881,21956358,0.15181,11007.25773547,1
1505985881,21956357,0.15181,117.52462608,1
1505985880,21956355,0.15182,200.00000000,1
1505985876,21956353,0.15182,1000.00000000,1
1505985818,21956251,0.15294,6302.30286386,0
1505985817,21956246,0.15291,2500.00000000,0
1505985817,21956244,0.15290,1369.08620000,0
1505985815,21956240,0.15244,152.00000000,0
1505985492,21955948,0.15200,500.00000000,1
1505985317,21955891,0.15199,603.79347325,0
1505985238,21955831,0.15199,810.14238700,1
1505985238,21955830,0.15199,498.75000000,1
1505985238,21955829,0.15199,498.75000000,1
1505985238,21955828,0.15199,732.93581612,1
1505985227,21955816,0.15200,300.00000000,1
1505985226,21955814,0.15200,1000.00000000,1
1505985226,21955812,0.15200,150.00000000,1
1505985226,21955810,0.15200,663.00000000,1
1505985226,21955809,0.15200,2624.93437500,1
1505985226,21955807,0.15200,1312.50000000,1
1505985226,21955806,0.15200,8182.70828629,1
1505985197,21955781,0.15201,10000.00000000,1
1505985060,21955697,0.15200,4943.41013476,1
1505985060,21955696,0.15200,656.00000000,1
1505985060,21955695,0.15200,542.43421052,1
1505985060,21955694,0.15200,650.80312500,1
1505985060,21955693,0.15201,984.27735017,1
1505985060,21955692,0.15204,113.00000000,1
1505985059,21955691,0.15205,2700.00000000,1
1505985059,21955690,0.15206,6811.84051000,1
1505985032,21955682,0.15220,2000.00000000,1
1505985014,21955665,0.15228,3522.21064000,0
1505985014,21955662,0.15224,152.00000000,0
1505985008,21955650,0.15228,1000.00000000,1
1505984965,21955630,0.15241,2501.75328000,1
1505984964,21955629,0.15241,320.00000000,1
1505984964,21955628,0.15242,7171.92966000,1
1505984450,21955451,0.15300,500.00000000,1
1505984346,21955393,0.15320,325.55685379,0
1505984300,21955380,0.15342,1625.45007170,0
1505984122,21955237,0.15316,40.00000000,0
1505984092,21955229,0.15271,653.19887368,0
1505984085,21955218,0.15274,197.22849286,1
1505984083,21955214,0.15230,5127.55204800,1
1505984083,21955213,0.15231,10983.16561800,1
1505984014,21955149,0.15231,925.83195600,1
1505984008,21955144,0.15231,2413.70873600,1
1505984007,21955142,0.15285,7819.28752567,0
1505984007,21955141,0.15280,1379.61270000,1
1505984007,21955140,0.15278,2500.00000000,1
1505984005,21955137,0.15278,1355.26300000,0
1505983987,21955110,0.15282,652.73275749,0
1505983941,21955062,0.15232,829.06725600,1
1505983939,21955060,0.15235,3265.65851657,1
1505983919,21955041,0.15238,3424.06000000,1
1505983919,21955040,0.15243,662.85081676,1
1505983918,21955039,0.15250,50.00000000,1
1505983844,21954891,0.15280,226.83000000,1
1505983844,21954890,0.15282,1305.43725053,1
1505983843,21954887,0.15300,2000.00000000,1
1505983843,21954886,0.15300,771.34045400,1
1505983837,21954884,0.15300,933.47305500,1
1505983807,21954839,0.15300,8295.18649100,1
1505983807,21954838,0.15300,680.00000000,1
1505983807,21954837,0.15300,740.23500000,1
1505983795,21954826,0.15369,973.51812089,1
1505983523,21954637,0.15369,502.97156799,0
1505983472,21954597,0.15405,576.35124959,0
1505983332,21954464,0.15339,67.00000000,0
1505982935,21954190,0.15407,5179.16004673,0
1505982857,21954160,0.15371,103.75822390,0
1505982607,21953923,0.15301,5420.75775422,1
1505982607,21953918,0.15303,181.85000000,1
1505982606,21953903,0.15336,286.00000000,1
1505982606,21953901,0.15373,95.20000000,1
1505982605,21953896,0.15359,67.00000000,0
1505982332,21953756,0.15373,3479.47978000,1
1505982179,21953728,0.15373,520.52022000,1
1505981953,21953660,0.15410,760.24169188,1
1505981952,21953659,0.15410,1365.52080000,0
1505981726,21953580,0.15415,647.09698345,0
1505981709,21953573,0.15422,1309.57608585,0
1505981598,21953514,0.15340,2353.96389000,1
1505981114,21953284,0.15433,964.41395612,1
1505981113,21953283,0.15433,2500.00000000,1
1505981112,21953282,0.15426,1363.45750000,0
1505981112,21953281,0.15426,480.12854388,0
1505981006,21953219,0.15433,1696.88384708,1
1505981006,21953218,0.15433,1791.08369000,1
1505981004,21953215,0.15391,67.00000000,0
1505980284,21952983,0.15336,175.00000000,1
1505980251,21952971,0.15549,12833.20097755,0
1505980251,21952970,0.15548,5000.00000000,0
1505980251,21952969,0.15548,2500.00000000,0
1505980250,21952968,0.15520,200.00000000,0
1505980250,21952967,0.15500,1000.00000000,0
1505980250,21952966,0.15451,655.38616290,0
1505980250,21952965,0.15444,5116.16089001,0
1505980249,21952964,0.15435,172.14879000,1
1505980249,21952963,0.15435,860.74395000,1
1505980249,21952962,0.15395,2460.00804594,0
1505980247,21952959,0.15394,1370.04980000,0
1505980150,21952926,0.15390,334.03822379,0
1505980149,21952925,0.15377,165.96177621,0
1505980106,21952913,0.15319,567.54448221,0
1505980103,21952909,0.15319,1663.42980900,0
1505979996,21952696,0.15319,485.23319501,0
1505979996,21952695,0.15311,48.00000000,0
1505979600,21952570,0.15319,48.00000000,1
1505978356,21951680,0.15348,476.09226609,0
1505978355,21951679,0.15348,2500.00000000,0
1505978197,21951612,0.15300,218.15000000,1
1505978108,21951583,0.15373,454.09006958,0
1505977999,21951521,0.15334,650.51519499,0
1505977572,21951323,0.15358,649.49863263,0
1505977462,21951261,0.15332,351.82408795,1
1505977459,21951259,0.15323,48.00000000,0
1505977279,21951149,0.15294,106.02431000,1
1505976453,21950722,0.15280,123.17000000,1
1505976020,21950597,0.15280,69.00000000,0
1505975822,21950517,0.15300,1687.83034500,1
1505975821,21950515,0.15300,939.69203700,1
1505975547,21950374,0.15338,650.34958926,0
1505975405,21950309,0.15287,69.00000000,0
1505975402,21950301,0.15350,1169.10750602,1
1505975384,21950281,0.15350,2133.03289398,1
1505975384,21950280,0.15351,0.00000002,1
1505975383,21950279,0.15351,6626.83479900,1
1505975370,21950267,0.15351,2380.29144682,1
1505975330,21950208,0.15352,7231.06535000,1
1505975288,21950139,0.15352,494.77690204,1
1505975284,21950132,0.15351,2992.87375416,1
1505974499,21949829,0.15350,1600.00000000,1
1505973884,21949607,0.15377,1732.00000000,0
1505973884,21949606,0.15364,69.00000000,0
1505972935,21949331,0.15351,254.77427000,1
1505972920,21949325,0.15351,1097.85960000,1
1505972897,21949296,0.15351,1097.85960000,1
1505972883,21949291,0.15351,1097.85960000,1
1505972870,21949288,0.15351,1097.85960000,1
1505972857,21949275,0.15350,1097.85960000,1
1505972833,21949254,0.15596,104.33175173,1
1505972832,21949253,0.15585,1290.00000000,0
1505972832,21949252,0.15524,215.03224000,0
1505972832,21949251,0.15524,1075.16122000,0
1505972832,21949250,0.15444,2414.70638746,1
1505972831,21949245,0.15444,1340.14030000,0
1505972711,21949187,0.15366,2251.46300000,1
1505972697,21949168,0.15364,2675.00555000,1
1505972684,21949164,0.15362,2521.13653000,1
1505972530,21949110,0.15416,999.80858900,0
1505972407,21949063,0.15364,296.00000000,0
1505972406,21949060,0.15363,781.63034388,1
1505972391,21949044,0.15366,1003.42980000,1
1505972273,21949012,0.15528,993.09350850,0
1505972272,21949011,0.15416,2234.98667906,0
1505972249,21948996,0.15536,3224.76235916,1
1505972249,21948995,0.15536,4302.05909446,1
1505972248,21948994,0.15416,1367.02770000,1
1505972247,21948993,0.15416,3988.59644996,0
1505972118,21948961,0.15430,1231.16061594,0
1505972118,21948960,0.15430,1354.72720000,0
1505971283,21948723,0.15325,30.12332789,0
1505971281,21948720,0.15285,296.00000000,0
1505970772,21948588,0.15239,485.00000000,1
1505970114,21948339,0.15276,296.00000000,0
1505969688,21948188,0.15284,162.96370000,1
1505968884,21947749,0.15300,530.19536839,1
1505968871,21947747,0.15300,100.00000000,1
1505968857,21947738,0.15300,68.63712000,1
1505968844,21947732,0.15300,163.48960000,1
1505968837,21947730,0.15300,1354.74620000,0
1505968837,21947729,0.15300,102.91833906,0
1505967934,21947484,0.15301,195.93140273,1
1505967933,21947481,0.15301,3941.64967321,1
1505967933,21947479,0.15301,1127.70003601,0
1505967932,21947478,0.15300,1732.18914805,0
1505967931,21947471,0.15300,44154.46869509,1
1505967931,21947467,0.15300,141.37192514,1
1505967930,21947464,0.15300,1590.22633300,1
1505967929,21947454,0.15300,3941.64971700,1
1505967927,21947443,0.15300,141.37192514,1
1505967923,21947436,0.15301,5551.93237000,1
1505967918,21947425,0.15300,3321.03334000,1
1505967918,21947422,0.15300,9702.30895663,1
1505967917,21947417,0.15300,10676.30105000,1
1505967916,21947414,0.15300,1829.73181078,1
1505967916,21947410,0.15300,3941.64971700,1
1505967915,21947406,0.15300,413.14700000,1
1505967914,21947402,0.15300,1858.83817911,1
1505967914,21947400,0.15300,3935.76814500,1
1505967913,21947395,0.15300,10662.60032300,1
1505967913,21947392,0.15300,146.91960650,1
1505967911,21947386,0.15300,3935.76814500,1
1505967911,21947382,0.15300,1858.83817911,1
1505967909,21947373,0.15300,2183.74400000,1
1505967909,21947372,0.15300,1837.88000000,1
1505967908,21947370,0.15300,1859.76760000,1
1505967908,21947367,0.15300,2600.53416965,1
1505967908,21947365,0.15300,0.00006535,1
1505967856,21947327,0.15300,2999.99993465,1
1505967777,21947277,0.15242,2545.00000200,1
1505967749,21947261,0.15238,251.21060639,1
1505967747,21947259,0.15238,607.42568912,1
1505967746,21947257,0.15238,80.86073000,1
1505967745,21947252,0.15238,1086.57709978,1
1505967651,21947187,0.15239,1503.27000000,1
1505967586,21947121,0.15239,660.37502000,1
1505967561,21947109,0.15237,6196.06427000,1
1505967556,21947105,0.15237,2253.89000000,1
1505967551,21947093,0.15237,2498.79000000,1
1505967479,21947055,0.15237,2927.74300000,1
1505967427,21947006,0.15237,838.00000000,1
1505967367,21946980,0.15237,5251.88500000,1
1505967353,21946976,0.15237,695.04277500,1
1505967337,21946950,0.15237,5058.72723800,1
1505967337,21946948,0.15238,1309.62451000,1
1505967276,21946911,0.15237,2938.89000000,1
1505967275,21946905,0.15237,2938.64000000,1
1505967267,21946898,0.15238,5261.87958462,1
1505967267,21946897,0.15240,49.85125938,1
1505967267,21946896,0.15240,2602.38040700,1
1505967261,21946892,0.15240,2581.01000000,1
1505967227,21946885,0.15240,1325.59000000,1
1505965611,21946012,0.15378,1296.21207000,0
1505965508,21945936,0.15315,866.16170694,1
1505965506,21945932,0.15315,81.57660700,1
1505965506,21945931,0.15315,2279.43628100,1
1505965504,21945920,0.15310,8067.13847200,0
1505965504,21945919,0.15313,895.08395800,1
1505965504,21945918,0.15314,3550.91998000,1
1505965458,21945864,0.15315,570.83800000,1
1505964571,21945631,0.15349,148.69568526,1
1505964568,21945627,0.15348,149.44691009,1
1505962089,21944974,0.15528,3211.54610431,0
1505962075,21944933,0.15349,2136.13456100,1
1505959200,21943953,0.15235,99.00000000,1
1505957726,21943446,0.15245,430.00000000,1
1505957224,21943259,0.15357,454.72683467,0
1505956861,21943179,0.15436,63.12282974,1
1505956859,21943178,0.15350,99.00000000,0
1505956629,21943024,0.15324,291.88299399,1
1505956627,21943023,0.15281,99.00000000,0
1505955631,21942468,0.15253,559.47748000,1
1505955612,21942454,0.15250,1337.60208657,1
1505955600,21942438,0.15248,42.54829000,1
1505955395,21942313,0.15235,200.00000000,1
1505955390,21942293,0.15234,1075.94083200,1
1505955389,21942290,0.15250,200.00000000,1
1505955387,21942273,0.15250,1898.55191685,1
1505955387,21942272,0.15250,1083.44808315,1
1505955387,21942271,0.15250,1280.18160085,1
1505955385,21942257,0.15250,719.81839915,1
1505955385,21942255,0.15274,3273.53672908,1
1505955385,21942253,0.15285,655.38616290,1
1505955385,21942252,0.15293,797.79722487,1
1505955379,21942224,0.15293,644.29696040,1
1505955255,21942085,0.15293,57.90581473,1
1505955255,21942084,0.15300,286.27500000,1
1505955255,21942083,0.15300,44.73730127,1
1505955254,21942082,0.15300,1111.08188400,1
1505955251,21942077,0.15300,3225.99962600,1
1505955203,21941964,0.15300,1521.65953000,1
1505955194,21941947,0.15300,83.02296000,1
1505955191,21941938,0.15300,558.23600000,1
1505955182,21941914,0.15300,100.00000000,1
1505955182,21941912,0.15301,6281.17647000,1
1505955181,21941907,0.15301,186.32901800,1
1505955166,21941879,0.15308,14.45170500,1
1505955164,21941874,0.15308,198.09890200,1
1505955134,21941810,0.15309,187.73782853,0
1505955017,21941575,0.15308,7372.70467900,1
1505955001,21941549,0.15308,212.55060700,1
1505954987,21941522,0.15308,414.43400000,1
1505954985,21941517,0.15308,1006.51000000,1
1505954976,21941496,0.15308,150.01120000,1
1505954975,21941493,0.15308,491.96500000,1
1505954947,21941304,0.15308,864.93100000,1
1505954945,21941296,0.15308,989.77200000,1
1505954942,21941285,0.15308,472.71600000,1
1505954593,21940743,0.15308,2062.51729700,1
1505954076,21940385,0.15311,1957.37526277,1
1505953531,21940122,0.15400,67.98467532,0
1505953529,21940121,0.15358,57.00000000,0
1505953068,21939988,0.15619,153.27575389,0
1505952810,21939878,0.15357,7004.90202000,1
1505952810,21939877,0.15358,499.99900000,1
1505952809,21939874,0.15358,4146.22397000,1
1505952804,21939870,0.15356,499.99900000,1
1505952784,21939863,0.15354,435.27158100,1
1505952235,21939568,0.15309,893.74829600,1
1505952152,21939486,0.15319,997.42500000,1
1505952113,21939455,0.15358,1307.04095585,1
1505952111,21939453,0.15335,57.00000000,0
