date,tid,price,amount,type
1506038429,22014388,0.17100,962.12596491,0
1506038427,22014387,0.17087,374.00000000,0
1506038400,22014378,0.17072,309.04518289,1
1506038400,22014377,0.17089,1.13968711,1
1506038334,22014365,0.17100,144.10603300,0
1506038233,22014343,0.17100,41.00000000,0
1506038125,22014310,0.17100,13695.41581200,0
1506038111,22014304,0.17100,815.73099415,0
1506038037,22014287,0.17100,34.96789258,0
1506037978,22014266,0.17130,10726.94489200,1
1506037970,22014265,0.17130,5811.40000000,1
1506037959,22014264,0.17100,13999.00000000,0
1506037959,22014263,0.17099,5811.40000000,0
1506037538,22014050,0.17126,7270.96075243,0
1506037381,22014006,0.17126,135.45303600,1
1506037295,22013971,0.17124,7569.00083100,1
1506037209,22013944,0.17124,69.81512800,0
1506036923,22013775,0.17147,229.20475885,0
1506036899,22013684,0.17146,6096.97031378,0
1506036830,22013665,0.17147,19307.76615815,0
1506036830,22013664,0.17146,3771.59550000,0
1506036830,22013663,0.17139,882.71335138,0
1506036829,22013662,0.17137,16491.15450000,0
1506036784,22013642,0.17071,1630.98031289,0
1506036782,22013641,0.17071,231.19097800,1
1506036716,22013618,0.17070,12368.80902200,0
1506036613,22013558,0.17070,100.00000000,0
1506036573,22013540,0.17070,936.00000000,0
1506036551,22013530,0.17070,361.00000000,0
1506036528,22013511,0.17070,467.00000000,0
1506036503,22013504,0.17070,585.00000000,0
1506036500,22013503,0.17070,5000.00000000,0
1506036494,22013499,0.17070,182.19097800,1
1506036296,22013416,0.17070,4817.80902200,1
1506036257,22013402,0.17080,600.00000000,1
1506036257,22013401,0.17080,100.00000000,1
1506036257,22013400,0.17087,234.38192118,1
1506036257,22013399,0.17100,0.00000032,1
1506036184,22013345,0.17100,599.99999968,1
1506036184,22013344,0.17100,5849.40607232,1
1506036161,22013335,0.17100,12620.27347375,1
1506036161,22013334,0.17102,2397.25101100,1
1506036161,22013333,0.17107,234.91399425,1
1506036051,22013235,0.17147,2674.65661631,0
1506036050,22013232,0.17123,380.00000000,0
1506036028,22013222,0.17102,2602.74898900,1
1506036028,22013221,0.17109,1507.75112180,1
1506036028,22013220,0.17127,235.44642018,1
1506035973,22013185,0.17147,130.02053022,0
1506035902,22013155,0.17147,981.60069983,0
1506035847,22013125,0.17146,4642.14090000,0
1506035809,22013067,0.17146,1816.00000000,0
1506035786,22013058,0.17146,3269.00000000,0
1506035738,22013008,0.17147,235.97945889,1
1506035727,22012993,0.17166,592.62200000,0
1506035713,22012964,0.17109,1508.50501731,0
1506035711,22012963,0.17167,236.51336792,1
1506035709,22012955,0.17168,563.91195129,0
1506035705,22012932,0.17168,608.82539163,0
1506035700,22012917,0.17171,568.48719994,0
1506035673,22012869,0.17192,568.62692948,0
1506035666,22012866,0.17168,4447.85706000,1
1506035666,22012865,0.17180,100.00000000,1
1506035658,22012859,0.17200,1560.37498400,1
1506035621,22012796,0.17200,3439.62501600,1
1506035621,22012794,0.17201,17667.00311000,1
1506035620,22012792,0.17220,0.50800000,1
1506035608,22012757,0.17300,0.00001477,1
1506035404,22012530,0.17312,69.14572900,0
1506035081,22012360,0.17300,399.34598523,1
1506035042,22012349,0.17300,5600.65400000,0
1506034980,22012327,0.17275,5000.00000000,1
1506034802,22012203,0.17181,726.00000000,0
1506034782,22012173,0.17235,1.21760000,0
1506034782,22012172,0.17234,1739.59240000,0
1506034697,22012047,0.17100,41785.70799393,1
1506034697,22012045,0.17120,600.00000000,1
1506034697,22012043,0.17120,100.00000000,1
1506034697,22012039,0.17140,600.00000000,1
1506034696,22012038,0.17160,600.00000000,1
1506034696,22012037,0.17164,1416.63770000,1
1506034695,22012036,0.17170,22323.00000000,1
1506034695,22012033,0.17173,97.96099000,1
1506034695,22012032,0.17173,1311.66812125,0
1506034695,22012031,0.17187,237.04760582,1
1506034694,22012028,0.17200,9000.00000000,1
1506034694,22012027,0.17200,5600.65400000,1
1506034694,22012026,0.17201,1000.00000000,1
1506034693,22012025,0.17203,526.43228000,1
1506034693,22012023,0.17215,1572.00000000,1
1506034693,22012021,0.17217,2630.58841000,1
1506034692,22012015,0.17250,598.30289900,1
1506034682,22011992,0.17322,567.68363930,0
1506034670,22011952,0.17250,451.69710100,1
1506034670,22011951,0.17260,100.00000000,1
1506034670,22011950,0.17261,598.30289900,1
1506034633,22011879,0.17261,401.69710100,1
1506034146,22011578,0.17250,134.01680000,0
1506034144,22011575,0.17300,100.00000000,1
1506033933,22011457,0.17348,1531.52564000,0
1506033717,22011381,0.17268,726.00000000,0
1506033604,22011317,0.17339,69.04204400,0
1506033600,22011315,0.17224,248.15584000,1
1506033599,22011313,0.17339,119.00000000,0
1506033505,22011277,0.17365,300.00000000,0
1506033489,22011267,0.17312,1509.00000000,1
1506033477,22011261,0.17370,90.41000000,0
1506033246,22011166,0.17308,1314.02484400,0
1506032960,22010975,0.17365,158.38190925,0
1506032882,22010938,0.17200,991.02356912,1
1506032881,22010937,0.17200,30.00000000,1
1506032881,22010936,0.17207,237.58243088,1
1506032839,22010912,0.17242,15071.09649809,0
1506032839,22010911,0.17240,17660.87880000,0
1506032748,22010875,0.17202,7932.11406000,1
1506032748,22010873,0.17227,238.11783469,1
1506032600,22010805,0.17247,238.65380890,1
1506032600,22010804,0.17256,239.19034559,1
1506032592,22010803,0.17256,3256.02507405,1
1506032592,22010802,0.17257,511.67943070,1
1506032591,22010800,0.17267,239.19034525,1
1506032570,22010783,0.17263,909.81319957,1
1506032569,22010781,0.17287,239.72743553,1
1506032228,22010622,0.17277,4982.99394555,1
1506032228,22010621,0.17307,240.26533345,1
1506032114,22010576,0.17308,1605.35448000,1
1506032062,22010546,0.17320,2500.00000000,0
1506032062,22010545,0.17319,2500.00000000,0
1506032027,22010532,0.17327,240.80376789,1
1506032023,22010531,0.17329,2107.00000000,0
1506031985,22010492,0.17354,2377.00000000,0
1506031985,22010491,0.17345,525.00000000,0
1506031980,22010488,0.17271,2857.83243052,1
1506031980,22010487,0.17347,241.34299148,1
1506031980,22010484,0.17350,525.00000000,1
1506031973,22010480,0.17367,0.00003445,1
1506031973,22010479,0.17367,241.88270000,1
1506031894,22010428,0.17408,9979.00000000,0
1506031880,22010420,0.17412,3217.00000000,0
1506031856,22010405,0.17418,3218.00000000,0
1506031806,22010367,0.17387,3740.59222894,1
1506031805,22010365,0.17436,68.63433100,0
1506031680,22010300,0.17392,5474.24923100,1
1506031626,22010244,0.17394,5565.41100000,1
1506031607,22010238,0.17473,9388.00000000,0
1506031576,22010220,0.17501,3500.00000000,0
1506031553,22010204,0.17487,2582.00000000,0
1506031530,22010168,0.17497,3500.00000000,0
1506031445,22010067,0.17506,2524.25345595,0
1506031445,22010066,0.17506,231.74654405,0
1506031425,22010008,0.17505,3500.00000000,0
1506031419,22010004,0.17395,1970.34692000,1
1506031419,22010003,0.17432,726.00000000,1
1506031390,22009978,0.17487,726.00000000,0
1506031200,22009875,0.17387,1259.40777106,1
1506031200,22009874,0.17387,242.42298894,1
1506030841,22009671,0.17507,1286.02836179,0
1506030718,22009585,0.17407,242.96400600,1
1506030696,22009525,0.17426,1969.00000000,0
1506030646,22009461,0.17408,4863.96685800,1
1506030530,22009414,0.17408,475.28214200,1
1506030530,22009413,0.17410,3719.47728000,1
1506030495,22009393,0.17408,1640.75100000,1
1506030438,22009369,0.17476,1163.93380000,1
1506030436,22009368,0.17474,2336.06620000,0
1506030161,22009131,0.17491,2704.00000000,0
1506030103,22009092,0.17350,1728.89793197,1
1506030102,22009091,0.17350,1430.38049860,1
1506030102,22009090,0.17357,643.87391000,1
1506030102,22009089,0.17357,3225.22701000,1
1506030102,22009088,0.17358,1907.84249000,1
1506030102,22009087,0.17420,1420.23050000,1
1506030102,22009086,0.17427,243.50525959,1
1506030066,22009065,0.17528,9176.51757188,0
1506030049,22009058,0.17500,3766.40000000,1
1506030003,22009001,0.17500,68.16923900,0
1506029680,22008728,0.17388,1151.02827281,1
1506029680,22008725,0.17390,499.24308619,1
1506029676,22008708,0.17390,970.67591784,1
1506029676,22008707,0.17391,1876.90282000,1
1506029676,22008706,0.17418,373.80122000,1
1506029675,22008705,0.17447,244.04725916,1
1506029667,22008692,0.17390,1404.96637175,1
1506029667,22008691,0.17417,97.27713000,1
1506029667,22008690,0.17467,244.58973825,1
1506029667,22008689,0.17468,412.83076000,1
1506029661,22008684,0.17468,1652.08537000,1
1506029661,22008683,0.17472,412.83076000,1
1506029653,22008677,0.17631,56.57253000,0
1506029636,22008621,0.17471,4873.45110000,1
1506029635,22008615,0.17471,9228.22113600,1
1506029635,22008614,0.17472,1832.57353400,1
1506029635,22008613,0.17472,3978.82646600,1
1506029602,22008581,0.17424,2586.05357620,1
1506029602,22008580,0.17487,245.13294580,1
1506029584,22008557,0.17507,8.45745841,1
1506029582,22008552,0.17507,237.21915827,1
1506029486,22008472,0.17527,246.22099878,1
1506029462,22008442,0.17444,1813.46138699,1
1506029462,22008441,0.17547,0.00000301,1
1506029400,22008334,0.17619,126.83150703,0
1506029326,22008253,0.17556,3631.56815200,1
1506029282,22008231,0.17562,1998.75227600,1
1506029196,22008177,0.17747,451.68828534,1
1506029195,22008176,0.17730,5319.00000000,0
1506029195,22008175,0.17729,16843.21664000,1
1506029194,22008174,0.17575,933.29040000,0
1506029193,22008173,0.17575,4666.45202000,0
1506028959,22007926,0.17547,246.76608000,1
1506028927,22007824,0.17544,1353.66233546,0
1506028927,22007823,0.17544,1398.66970000,1
1506028926,22007822,0.17549,357.34207554,1
1506028926,22007821,0.17550,6890.99999500,1
1506028926,22007818,0.17551,15492.37570778,1
1506028925,22007817,0.17567,247.31135204,1
1506028925,22007816,0.17599,0.00000018,1
1506028907,22007754,0.17599,1407.30369982,1
1506028907,22007753,0.17600,110.25187118,1
1506028906,22007752,0.17600,1245.65900000,1
1506028886,22007719,0.17600,3001.00000000,1
1506028855,22007679,0.17600,3305.84744700,1
1506028824,22007598,0.17661,738.88482000,0
1506028810,22007581,0.17661,831.11518000,0
1506028722,22007436,0.17672,186.20890937,1
1506028720,22007430,0.17725,1568.25261292,1
1506028718,22007419,0.17725,852.25359300,1
1506028712,22007399,0.17725,1099.28578466,0
1506028710,22007394,0.17725,367.65853000,0
1506028710,22007393,0.17725,112.83497884,0
1506028710,22007392,0.17725,1087.75910435,0
1506028710,22007391,0.17725,37.61136925,0
1506028708,22007387,0.17725,2097.78211075,0
1506028642,22007177,0.17748,3015.89913855,0
1506028639,22007164,0.17746,378.88883880,1
1506028638,22007151,0.17749,5620.07003211,0
1506028637,22007149,0.17749,252.83576641,0
1506028630,22007112,0.17746,357.68017300,1
1506028630,22007109,0.17747,20.22714000,1
1506028628,22007098,0.17570,14799.88414001,1
1506028627,22007093,0.17571,1344.74193000,1
1506028627,22007091,0.17571,6729.37393000,1
1506028627,22007084,0.17587,362.54517499,1
1506028620,22007048,0.17750,2343.78638102,0
1506028617,22007024,0.17747,680.90121160,0
1506028615,22007011,0.17750,1436.50984160,1
1506028615,22007007,0.17750,2094.98000000,1
1506028614,22007000,0.17767,196.02000000,0
1506028614,22006996,0.17750,1248.25179619,1
1506028613,22006994,0.17760,112.61261261,1
1506028613,22006989,0.17760,600.00000000,0
1506028612,22006983,0.17750,37.97146000,1
1506028612,22006975,0.17750,189.85731000,1
1506028611,22006962,0.17750,20702.00000000,0
1506028611,22006960,0.17750,10000.00000000,0
1506028611,22006959,0.17749,5000.00000000,0
1506028611,22006957,0.17747,246.42842579,0
1506028611,22006955,0.17740,523.00600031,0
1506028611,22006954,0.17740,76.99399969,0
1506028610,22006953,0.17727,245.88496389,0
1506028610,22006952,0.17725,86.76530000,0
1506028610,22006950,0.17720,600.00000000,0
1506028610,22006949,0.17710,40.00000000,0
1506028610,22006948,0.17707,245.34195265,0
1506028610,22006946,0.17700,15000.00000000,0
1506028610,22006944,0.17700,600.00000000,0
1506028610,22006943,0.17687,244.79965532,0
1506028609,22006941,0.17667,244.25782457,0
1506028609,22006940,0.17664,96.58789000,0
1506028609,22006938,0.17650,8644.31531999,0
1506028609,22006937,0.17650,9875.28357828,0
1506028609,22006934,0.17650,9055.13613754,0
1506028609,22006932,0.17649,1315.48520646,0
1506028608,22006931,0.17649,2270.03209893,0
1506028608,22006928,0.17649,1414.48269461,0
1506028608,22006927,0.17647,243.71646788,0
1506028608,22006925,0.17627,243.17585045,0
1506028608,22006923,0.17610,40.00000000,0
1506028607,22006921,0.17607,242.63572339,0
1506028607,22006920,0.17606,2500.00000000,0
1506028607,22006919,0.17587,242.09635321,0
1506028607,22006917,0.17586,61.24429000,0
1506028607,22006914,0.17567,12.64861546,0
1506028603,22006878,0.17567,228.90861508,0
1506028602,22006872,0.17550,6890.99999978,0
1506028602,22006869,0.17549,306.22147000,0
1506028602,22006865,0.17547,4.91449522,0
1506028590,22006799,0.17547,220.49434132,0
1506028546,22006707,0.17418,1876.11647405,1
1506028546,22006705,0.17419,2362.16840000,1
1506028525,22006662,0.17547,15.61004493,0
1506028525,22006661,0.17527,240.48131566,0
1506028525,22006660,0.17510,40.00000000,0
1506028525,22006659,0.17507,3.90863941,0
1506028498,22006579,0.17507,156.28330314,0
1506028439,22006410,0.17390,415.69500000,1
1506028323,22006281,0.17507,79.75207779,0
1506028323,22006280,0.17495,567.75377043,0
1506028322,22006279,0.17494,491.24523000,1
1506028322,22006278,0.17487,239.40778724,0
1506028322,22006277,0.17477,87.99802000,0
1506028321,22006276,0.17467,238.87157825,0
1506028321,22006275,0.17467,2487.39046263,0
1506028321,22006274,0.17466,159.60735384,0
1506028319,22006273,0.17447,5.97541421,0
1506028303,22006261,0.17447,121.42172000,0
1506028239,22006186,0.17384,415.30650000,1
1506028179,22006148,0.17430,296.17199981,1
1506028173,22006145,0.17447,110.93931588,0
1506028154,22006131,0.17430,629.04800000,1
1506028152,22006128,0.17430,0.00000019,0
1506028123,22006106,0.17430,5934.29768300,0
1506028072,22006072,0.17430,4065.70231681,0
1506028072,22006071,0.17429,576.34905000,0
1506028072,22006070,0.17427,237.80135993,0
1506028072,22006069,0.17418,3304.85492626,0
1506028060,22006061,0.17418,836.69792300,0
1506028060,22006059,0.17418,376.00000000,0
1506028059,22006058,0.17418,1416.74483400,0
1506028056,22006057,0.17354,882.71335138,1
1506028016,22006045,0.17353,219.45320000,1
1506028009,22006039,0.17418,3500.00000000,0
1506028008,22006038,0.17418,477.98829400,0
1506027990,22006030,0.17418,3391.69482000,0
1506027975,22006013,0.17350,98.86750000,1
1506027973,22006012,0.17418,3500.00000000,0
1506027967,22006009,0.17418,777.85039700,0
1506027966,22006007,0.17418,3000.21423400,0
1506027964,22006006,0.17418,7036.08577900,0
1506027938,22005997,0.17418,2978.82300000,0
1506027935,22005993,0.17418,426.73872100,0
1506027935,22005992,0.17417,684.77115000,0
1506027934,22005990,0.17350,2500.00000000,0
1506027906,22005954,0.17418,45064.54236000,0
1506027903,22005949,0.17418,260.30280400,0
1506027903,22005948,0.17417,813.58948000,0
1506027863,22005865,0.17418,216.05150800,0
1506027863,22005864,0.17417,1148.48432000,0
1506027849,22005853,0.17418,15836.74273739,0
1506027847,22005851,0.17417,1364.53583000,0
1506027757,22005741,0.17418,794.13612630,0
1506027756,22005739,0.17417,1926.21468000,0
1506027718,22005695,0.17417,436.40678647,0
1506027614,22005607,0.17417,366.50118000,0
1506027613,22005606,0.17415,527.62529000,0
1506027613,22005604,0.17384,174.00000000,0
1506027613,22005603,0.17352,1570.00000000,0
1506027556,22005545,0.17417,5402.96158925,1
1506027555,22005544,0.17383,3860.67289000,0
1506027555,22005543,0.17381,5811.40000000,0
1506027554,22005541,0.17379,14588.91579000,0
1506027541,22005522,0.17384,2829.56888513,0
1506027531,22005517,0.17263,902.47529272,0
1506027531,22005514,0.17263,2287.35288728,0
1506027530,22005513,0.17263,6532.17182000,1
1506027510,22005495,0.17397,132.53951186,0
1506027438,22005455,0.17259,651.14185031,1
1506027379,22005403,0.17289,2193.72398200,1
1506027379,22005400,0.17289,7722.70771000,1
1506027327,22005357,0.17297,1636.34924200,1
1506027225,22005317,0.17301,9712.77007406,1
1506027193,22005301,0.17399,163.55684809,0
1506027172,22005288,0.17399,900.10600100,0
1506027066,22005146,0.17410,1824.53540604,0
1506026975,22005016,0.17288,2804.16775980,0
1506026973,22005014,0.17398,1433.00000000,1
1506026891,22004831,0.17418,6804.53153605,0
1506026891,22004830,0.17417,2168.84873000,0
1506026889,22004828,0.17400,4464.99378727,0
1506026888,22004827,0.17400,1385.37270600,0
1506026873,22004799,0.17399,196.53800320,0
1506026870,22004797,0.17399,1050.00000000,0
1506026848,22004776,0.17399,1409.00000000,0
1506026736,22004690,0.17415,485.11530205,0
1506026735,22004689,0.17415,494.34814900,0
1506026729,22004685,0.17415,2362.67441100,0
1506026710,22004648,0.17417,2525.76193335,0
1506026710,22004647,0.17417,1035.26360543,0
1506026648,22004572,0.17417,8964.73639457,0
1506026648,22004571,0.17417,97.26728000,0
1506026648,22004569,0.17416,1381.17448025,0
1506026647,22004568,0.17415,1011.41502000,0
1506026575,22004487,0.17297,1000.00000000,1
1506026490,22004426,0.17400,1953.11783863,1
1506026490,22004424,0.17415,184.12613737,1
1506026485,22004413,0.17416,538.20492000,0
1506026463,22004350,0.17416,538.20492000,0
1506026455,22004321,0.17416,1025.10000000,0
1506026454,22004304,0.17416,435.46805000,0
1506026453,22004302,0.17415,2137.24397577,0
1506026450,22004291,0.17416,4665.33073036,0
1506026450,22004287,0.17416,1183.49462000,0
1506026447,22004265,0.17416,8426.24120061,0
1506026447,22004264,0.17415,670.36826000,0
1506026446,22004263,0.17416,10334.61798357,0
1506026444,22004255,0.17416,17220.24383900,0
1506026444,22004250,0.17416,964.25124817,0
1506026443,22004246,0.17416,2324.80289705,0
1506026442,22004239,0.17366,763.79620000,1
1506026442,22004236,0.17367,236.20380000,1
1506026441,22004228,0.17416,5565.18666743,0
1506026436,22004177,0.17416,429.34485000,0
1506026435,22004171,0.17416,15526.90655352,0
1506026435,22004169,0.17406,188.64779000,0
1506026435,22004167,0.17379,943.23895000,0
1506026434,22004160,0.17416,1722.55397336,0
1506026433,22004157,0.17416,114.83693156,0
1506026432,22004149,0.17416,2312.16909796,0
1506026430,22004137,0.17416,8225.48703716,0
1506026430,22004135,0.17407,237.27027661,0
1506026430,22004133,0.17387,236.73687487,0
1506026430,22004131,0.17380,9604.16029920,0
1506026430,22004130,0.17367,236.20379799,0
1506026422,22004076,0.17367,8448.68045537,0
1506026422,22004075,0.17367,4119.85005753,0
1506026422,22004074,0.17366,242.37404000,0
1506026422,22004072,0.17300,5595.14400000,0
1506026417,22004047,0.17298,1370.66404261,0
1506026409,22004022,0.17258,2364.00000000,0
1506026389,22003993,0.17259,5815.47000000,0
1506026379,22003985,0.17259,1685.52249600,0
1506026379,22003984,0.17259,10000.00000000,0
1506026379,22003983,0.17258,1685.52249600,0
1506026375,22003979,0.17258,2831.92707100,0
1506026373,22003977,0.17258,5482.55043300,0
1506026373,22003974,0.17257,1831.92781000,0
1506026373,22003973,0.17257,2710.39636539,0
1506026368,22003957,0.17257,2085.82024685,0
1506026367,22003952,0.17257,512.04638626,0
1506026365,22003932,0.17257,530.53852096,0
1506026362,22003874,0.17181,5672.98866193,1
1506026362,22003871,0.17187,236.20379799,1
1506026360,22003869,0.17256,24090.80754008,1
1506026359,22003860,0.17256,5257.46753500,1
1506026358,22003858,0.17257,966.92570444,0
1506026353,22003813,0.17254,8393.39525492,0
1506026352,22003812,0.17255,1738.62648508,1
1506026352,22003810,0.17257,2236.67877610,0
1506026351,22003808,0.17257,957.59400000,0
1506026351,22003805,0.17256,162.01918173,1
1506026349,22003793,0.17256,1818.92000000,0
1506026346,22003765,0.17256,10000.00000000,0
1506026346,22003761,0.17256,10000.00000000,0
1506026345,22003760,0.17256,2343.62404048,0
1506026345,22003758,0.17256,857.22699276,0
1506026345,22003751,0.17256,1506.72229900,0
1506026345,22003747,0.17256,5292.42666776,0
1506026344,22003742,0.17256,3513.65618124,0
1506026344,22003736,0.17256,423.48246000,0
1506026343,22003733,0.17255,115.90843234,1
1506026343,22003729,0.17256,6062.86135876,0
1506026343,22003727,0.17256,10000.00000000,0
1506026343,22003726,0.17253,3055.26228000,0
1506026292,22003611,0.17380,12642.83970080,0
1506026292,22003610,0.17380,5000.00000000,1
1506026291,22003609,0.17367,236.20379799,0
1506026291,22003607,0.17347,235.67158484,0
1506026291,22003605,0.17327,235.13971231,0
1506026290,22003604,0.17307,234.60845453,0
1506026290,22003602,0.17306,937.59557000,1
1506026290,22003600,0.17287,234.07782018,0
1506026289,22003598,0.17267,233.54781799,0
1506026289,22003596,0.17250,7377.85932611,0
1506026289,22003594,0.17249,4687.97787000,1
1506026288,22003590,0.17244,2500.00000000,0
1506026273,22003558,0.17181,3545.85391800,1
1506026273,22003556,0.17182,8780.85647000,1
1506026266,22003537,0.17190,300.06457243,1
1506026221,22003429,0.17250,4369.28620289,0
1506026220,22003428,0.17210,18435.00000000,0
1506026220,22003425,0.17209,3918.03041000,0
1506026219,22003415,0.17190,2538.05808881,0
1506026125,22003200,0.17185,2816.03340122,0
1506026002,22002892,0.17182,2458.03929530,0
1506025966,22002851,0.17100,0.00000484,0
1506025933,22002805,0.17100,92.54009000,0
1506025893,22002775,0.17100,1563.49005848,0
1506025867,22002745,0.17100,2861.15017500,0
1506025867,22002744,0.17100,3579.15269493,0
1506025867,22002743,0.17086,0.00000007,0
1506025866,22002739,0.17086,1846.14047300,0
1506025856,22002731,0.17086,9718.14991980,1
1506025746,22002546,0.17086,281.85008020,1
1506025746,22002544,0.17087,233.54781799,1
1506025745,22002543,0.17100,600.00000000,1
1506025745,22002542,0.17100,3103.52336781,1
1506025745,22002540,0.17101,6014.62655200,1
1506025743,22002536,0.17101,3985.37344800,1
1506025714,22002492,0.17100,3140.29315600,1
1506025712,22002489,0.17100,3756.18347619,1
1506025712,22002488,0.17100,1355.87539563,1
1506025712,22002487,0.17107,234.07782018,1
1506025712,22002486,0.17108,2556.04920900,1
1506025711,22002485,0.17108,4077.90736100,1
1506025711,22002484,0.17110,30.00000000,1
1506025711,22002483,0.17110,40.00000000,1
1506025711,22002482,0.17110,40.00000000,1
1506025709,22002480,0.17120,600.00000000,1
1506025709,22002479,0.17120,40.00000000,1
1506025709,22002478,0.17125,9194.60634853,1
1506025709,22002477,0.17126,10000.00000000,1
1506025706,22002475,0.17126,1148.60557100,1
1506025706,22002474,0.17127,2905.97936000,1
1506025703,22002466,0.17127,984.07782000,1
1506025703,22002465,0.17127,3659.56772100,1
1506025690,22002440,0.17125,59441.58544600,1
1506025687,22002416,0.17125,31363.80820547,1
1506025687,22002413,0.17127,234.60845453,1
1506025683,22002388,0.17131,860.36569627,1
1506025683,22002386,0.17140,116.27771295,1
1506025683,22002385,0.17141,446.41926300,1
1506025683,22002384,0.17142,18.33006545,1
1506025681,22002375,0.17142,1213.76611758,1
1506025677,22002362,0.17142,2276.66582200,1
1506025677,22002361,0.17144,1890.00000000,1
1506025667,22002338,0.17184,523.63000000,0
1506025583,22002223,0.17204,7356.21553353,0
1506025579,22002189,0.17150,19315.82000000,1
1506025570,22002167,0.17205,69.59401337,0
1506025531,22002119,0.17141,400.00000000,1
1506025471,22002036,0.17141,288.63462200,1
1506025456,22002003,0.17141,4217.42116100,1
1506025435,22001950,0.17141,4173.30095400,1
1506025395,22001896,0.17141,474.22400000,1
1506025377,22001872,0.17140,2122.13000000,1
1506025375,22001866,0.17172,719.89475448,0
1506025375,22001864,0.17172,732.33300000,0
1506025372,22001862,0.17200,137.78502325,1
1506025367,22001858,0.17200,594.54800000,1
1506025358,22001849,0.17200,2364.00000000,1
1506025357,22001848,0.17197,5000.00000000,0
1506025348,22001844,0.17131,1825.47274400,1
1506025345,22001840,0.17131,1285.40155973,1
1506025345,22001839,0.17150,540.07118427,1
1506025343,22001831,0.17150,1825.47274500,1
1506025232,22001660,0.17131,6028.76000000,1
1506025215,22001655,0.17130,267.46486910,1
1506025215,22001654,0.17130,120.00000000,1
1506025215,22001653,0.17138,291.04913059,1
1506025214,22001652,0.17140,523.00600031,1
1506025213,22001651,0.17140,76.99399969,1
1506025212,22001649,0.17147,235.13971231,1
1506025212,22001646,0.17152,288.28628800,1
1506025164,22001614,0.17210,4100.00000000,0
1506025164,22001613,0.17208,2500.00000000,1
1506025162,22001608,0.17207,2500.00000000,0
1506025154,22001598,0.17208,160.28327440,0
1506025138,22001569,0.17152,711.71371200,1
1506025138,22001568,0.17162,11171.78400000,1
1506025128,22001556,0.17162,1123.42600000,1
1506025094,22001521,0.17162,1504.79000000,1
1506025094,22001519,0.17200,5595.14400000,1
1506025017,22001410,0.17199,10748.68699400,0
1506025004,22001392,0.17220,9116.80994616,1
1506025001,22001389,0.17220,581.97000000,1
1506024989,22001369,0.17220,9583.01687800,1
1506024989,22001368,0.17220,50.00000000,1
1506024988,22001367,0.17220,3948.70137300,1
1506024988,22001366,0.17221,3362.03455000,1
1506024949,22001335,0.17201,4000.00000000,1
1506024946,22001334,0.17200,22198.79679004,0
1506024938,22001326,0.17156,1865.00000000,1
1506024936,22001318,0.17200,8895.36058100,0
1506024912,22001291,0.17200,112.19433400,0
1506024901,22001281,0.17155,1646.62471003,1
1506024901,22001280,0.17155,985.00000000,1
1506024900,22001279,0.17160,600.00000000,1
1506024900,22001277,0.17167,235.67158484,1
1506024900,22001276,0.17173,29.97399713,1
1506024880,22001213,0.17200,285.31873000,0
1506024858,22001173,0.17200,159.77848837,0
1506024809,22001006,0.17186,236.20379799,0
1506024805,22000987,0.17173,67.29328287,1
1506024804,22000985,0.17174,95.96984179,1
1506024804,22000984,0.17180,600.00000000,1
1506024804,22000983,0.17186,0.00000047,1
1506024802,22000981,0.17207,236.73687487,1
1506024794,22000959,0.17186,3225.82654439,1
1506024794,22000958,0.17197,41.70100000,1
1506024794,22000957,0.17227,237.27027661,1
1506024721,22000760,0.17286,3500.00000000,0
1506024695,22000676,0.17297,1258.76102266,1
1506024695,22000675,0.17297,10275.10300000,0
1506024685,22000665,0.17304,2878.00000000,0
1506024662,22000605,0.17200,41.07917365,0
1506024662,22000604,0.17200,25139.74423027,0
1506024661,22000599,0.17200,237.80135993,0
1506024660,22000597,0.17200,1406.34948866,0
1506024660,22000594,0.17200,1439.01950000,0
1506024659,22000591,0.17200,1406.09404914,0
1506024657,22000586,0.17200,600.00000000,1
1506024656,22000585,0.17200,5800.00000000,1
1506024656,22000584,0.17200,30.00000000,1
1506024656,22000583,0.17200,63.27163000,1
1506024656,22000582,0.17210,2074.00000000,1
1506024656,22000581,0.17210,40.00000000,1
1506024656,22000579,0.17216,1435.44800000,1
1506024656,22000577,0.17220,600.00000000,1
1506024656,22000576,0.17220,40.00000000,1
1506024656,22000575,0.17222,7641.01173000,1
1506024655,22000573,0.17222,1540.68827817,1
1506024655,22000570,0.17230,22206.00000000,1
1506024655,22000568,0.17232,18.51502025,1
1506024655,22000567,0.17267,11.34415438,1
1506024651,22000560,0.17267,226.99229571,1
1506024639,22000538,0.17232,69.48299975,1
1506024637,22000531,0.17245,0.00000025,1
1506024636,22000529,0.17245,5468.19999975,1
1506024636,22000528,0.17287,238.87157825,1
1506024601,22000403,0.17307,236.00000000,0
1506024597,22000374,0.17246,3000.00000000,1
1506024592,22000345,0.17307,2.57939513,1
1506024592,22000334,0.17307,236.82839211,1
1506024590,22000320,0.17327,1561.00379572,1
1506024569,22000203,0.17327,526.14895000,1
1506024569,22000201,0.17334,136.00000000,1
1506024558,22000175,0.17334,2364.00000000,1
1506024554,22000165,0.17327,771.54000000,1
1506024538,22000115,0.17327,2141.18327462,1
1506024538,22000114,0.17328,2234.41370738,1
1506024533,22000092,0.17328,768.98330262,0
1506024531,22000072,0.17328,2092.40196738,1
1506024526,22000044,0.17328,1550.52756262,1
1506024523,22000027,0.17328,2858.69274600,1
1506024273,21999696,0.17327,0.12397966,0
1506024188,21999598,0.17327,788.01400000,0
1506024187,21999594,0.17327,556.91800000,0
1506024185,21999590,0.17327,239.94402034,1
1506024083,21999484,0.17395,837.60060889,1
1506024083,21999481,0.17398,60.00000000,1
1506024012,21999383,0.17395,11084.75588700,1
1506024011,21999382,0.17398,5419.89911300,1
1506023981,21999369,0.17398,5480.10088700,1
1506023927,21999331,0.17395,9279.66268800,1
1506023903,21999302,0.17395,6042.38923900,1
1506023888,21999286,0.17395,2548.54013400,1
1506023884,21999282,0.17398,14871.70250000,1
1506023833,21999269,0.17458,262.55736400,0
1506023821,21999266,0.17398,2616.59663000,1
1506023801,21999256,0.17398,1197.03495000,1
1506023768,21999229,0.17398,60.99600000,1
1506023768,21999227,0.17398,80.93030000,1
1506023768,21999226,0.17398,81.63530000,1
1506023768,21999225,0.17398,42.55910000,1
1506023768,21999224,0.17398,51.33430000,1
1506023768,21999223,0.17398,80.93030000,1
1506023767,21999222,0.17398,191.73000000,1
1506023766,21999221,0.17398,178.56970000,1
1506023766,21999220,0.17398,245.99950000,1
1506023766,21999219,0.17398,248.08100000,1
1506023766,21999218,0.17398,185.75560000,1
1506023766,21999217,0.17398,82.20020000,1
1506023765,21999215,0.17398,52.82260000,1
1506023765,21999214,0.17398,61.41590000,1
1506023759,21999206,0.17398,1678.26718900,1
1506023759,21999205,0.17398,1484.98375300,1
1506023759,21999203,0.17398,1022.14635500,1
1506023746,21999188,0.17398,1250.29626800,1
1506023731,21999155,0.17399,3561.58755700,1
1506023730,21999154,0.17399,980.58970300,1
1506023678,21999112,0.17398,148.99255500,1
1506023678,21999111,0.17398,2042.51000000,1
1506023676,21999108,0.17398,2042.51000000,1
1506023656,21999078,0.17395,2221.00000000,1
1506023655,21999075,0.17395,3873.01328100,1
1506023655,21999071,0.17395,3026.37716200,1
1506023654,21999061,0.17395,4532.23767700,1
1506023653,21999060,0.17395,12022.22353500,1
1506023653,21999059,0.17395,612.57439800,1
1506023653,21999058,0.17397,2942.59847200,1
1506023653,21999056,0.17397,817.53938800,1
1506023652,21999055,0.17397,1259.72418000,1
1506023652,21999054,0.17398,16435.80382000,1
1506023643,21999039,0.17397,1016.19600000,1
1506023631,21999026,0.17395,3555.17287000,1
1506023629,21999024,0.17395,25378.56800000,1
1506023628,21999023,0.17395,11500.07300000,1
1506023617,21999011,0.17395,795.75588000,1
1506023569,21998948,0.17400,890.70949505,1
1506023554,21998920,0.17400,9100.00000000,0
1506023554,21998919,0.17400,1652.08357864,0
1506023544,21998901,0.17395,568.93300000,1
1506023543,21998896,0.17395,1310.87683908,1
1506023541,21998895,0.17400,826.05337787,0
1506023539,21998894,0.17395,568.93300000,1
1506023518,21998863,0.17395,569.95200000,1
1506023510,21998853,0.17395,5288.32995000,1
1506023479,21998834,0.17395,3702.32000000,1
1506023478,21998833,0.17395,3702.32000000,1
1506023473,21998825,0.17395,1772.20481300,1
1506023468,21998820,0.17395,25373.03319000,1
1506023468,21998819,0.17396,5061.44381000,1
1506023460,21998800,0.17396,1437.85071000,1
1506023459,21998799,0.17396,596.72800000,1
1506023445,21998771,0.17395,1489.50847900,1
1506023444,21998770,0.17395,1489.50847900,1
1506023443,21998765,0.17395,3842.48692200,1
1506023443,21998764,0.17395,10200.67336500,1
1506023443,21998763,0.17395,7392.51731300,1
1506023442,21998761,0.17395,7229.88200000,1
1506023440,21998758,0.17395,5468.20000000,1
1506023439,21998757,0.17395,5572.83606000,1
1506023439,21998755,0.17389,5468.20000000,0
1506023439,21998754,0.17389,4132.35213000,0
1506023392,21998640,0.17348,7470.52182804,0
1506023374,21998609,0.17270,3690.30469034,1
1506023373,21998608,0.17347,240.48131566,1
1506023336,21998568,0.17378,15121.15318218,1
1506023334,21998565,0.17363,1.61684192,0
1506023321,21998549,0.17367,241.01888147,1
1506023301,21998541,0.17387,241.55723054,1
1506023265,21998455,0.17407,242.09635321,1
1506023255,21998447,0.17427,8.92268875,1
1506023255,21998444,0.17427,233.71303464,1
1506023213,21998413,0.17467,3510.82078000,0
1506023211,21998406,0.17627,12760.57358058,1
1506023210,21998405,0.17607,242.63572339,0
1506023210,21998404,0.17587,242.09687090,0
1506023210,21998403,0.17567,241.55774943,0
1506023210,21998402,0.17547,241.01940155,0
1506023209,21998401,0.17527,240.48183694,0
1506023209,21998400,0.17526,878.46947786,0
1506023209,21998399,0.17507,239.94454282,0
1506023209,21998398,0.17492,320.57480854,0
1506023208,21998396,0.17487,239.40831094,0
1506023208,21998395,0.17477,87.34413000,0
1506023208,21998394,0.17476,163015.60037000,0
1506023207,21998393,0.17467,238.87236561,0
1506023207,21998392,0.17447,238.33723927,0
1506023207,21998391,0.17427,237.80241461,0
1506023207,21998390,0.17427,9721.45700000,1
1506023207,21998389,0.17427,2355.60805200,1
1506023206,21998387,0.17400,612.61000000,0
1506023206,21998386,0.17400,619.40311778,0
1506023206,21998385,0.17390,836.75064681,0
1506023206,21998384,0.17389,934.53950000,0
1506023205,21998383,0.17389,1000.31400600,1
1506023205,21998382,0.17389,8845.98937100,1
1506023205,21998381,0.17389,4198.15281100,1
1506023205,21998380,0.17377,4672.69751000,0
1506023203,21998379,0.17350,2240.01864841,0
1506023188,21998367,0.17348,6885.90422264,0
1506023188,21998366,0.17300,3939.67049000,0
1506023161,21998343,0.17300,1650.00000000,0
1506023076,21998247,0.17264,2558.96412700,1
1506023067,21998236,0.17264,100000.00000000,1
1506023048,21998201,0.17264,2658.74289900,1
1506023042,21998186,0.17264,1458.44739700,1
1506023040,21998183,0.17264,1459.06189400,1
1506023028,21998177,0.17264,1000.00000000,0
1506022985,21998109,0.17263,542.39968643,0
1506022950,21998072,0.17222,743.45574283,1
1506022949,21998071,0.17247,237.80241461,1
1506022883,21998018,0.17271,90.12651265,0
1506022849,21997993,0.17274,599.88600000,0
1506022840,21997989,0.17274,1414.22184132,0
1506022762,21997914,0.17275,909.54400000,0
1506022761,21997912,0.17248,10000.00000000,1
1506022761,21997910,0.17250,2500.00000000,1
1506022737,21997896,0.17297,492.00000000,0
1506022718,21997872,0.17267,0.00000073,0
1506022715,21997865,0.17267,238.33723927,1
1506022706,21997839,0.17304,510.00000000,0
1506022703,21997833,0.17222,1415.85597900,1
1506022701,21997817,0.17226,11720.17742000,1
1506022700,21997814,0.17232,87.34413000,1
1506022700,21997811,0.17240,600.00000000,1
1506022700,21997809,0.17250,500.00000000,1
1506022700,21997808,0.17252,1000.00000000,1
1506022700,21997807,0.17260,600.00000000,1
1506022700,21997806,0.17280,600.00000000,1
1506022699,21997805,0.17287,238.87236561,1
1506022699,21997804,0.17292,0.00000042,1
1506022699,21997803,0.17292,2056.54610300,1
1506022687,21997770,0.17312,514.00000000,0
1506022675,21997754,0.17292,4443.45389658,1
1506022675,21997753,0.17300,1976.64976760,1
1506022675,21997752,0.17300,79.89633582,1
1506022673,21997749,0.17320,612.61010000,1
1506022609,21997677,0.17300,557.10357200,1
1506022609,21997676,0.17301,8333.87415000,1
1506022608,21997674,0.17301,1666.12585000,1
1506022551,21997614,0.17340,12162.00000000,1
1506022385,21997332,0.17350,3500.00000000,0
1506022382,21997327,0.17350,10402.92680115,0
1506022369,21997312,0.17350,1506.71931000,0
1506022367,21997310,0.17350,514.00000000,0
1506022351,21997299,0.17350,590.25423333,0
1506022350,21997298,0.17350,9866.39908571,0
1506022340,21997286,0.17390,60.00000000,0
1506022308,21997247,0.17390,7500.00000000,0
1506022228,21997082,0.17390,529.24935319,0
1506022201,21997027,0.17340,2389.69913920,1
1506022199,21997025,0.17341,2104.68829000,1
1506021957,21996557,0.17300,0.00009218,0
1506021957,21996556,0.17300,1977.63801370,0
1506021954,21996548,0.17300,387.81776741,0
1506021948,21996540,0.17300,3112.54595375,1
1506021947,21996539,0.17300,54.70000000,1
1506021947,21996538,0.17300,600.00000000,1
1506021947,21996537,0.17300,100.00000000,1
1506021947,21996536,0.17300,5000.00000000,1
1506021947,21996535,0.17300,25000.00000000,1
1506021947,21996534,0.17300,300.00000000,1
1506021947,21996533,0.17300,1000.00000000,1
1506021947,21996532,0.17301,2151.80660000,1
1506021932,21996467,0.17302,591.47852097,1
1506021932,21996465,0.17307,239.40831094,1
1506021932,21996462,0.17310,35.00000000,1
1506021932,21996461,0.17310,2054.00000000,1
1506021931,21996460,0.17310,40.00000000,1
1506021931,21996459,0.17320,134.71450909,1
1506021922,21996416,0.17320,465.28549091,1
1506021922,21996415,0.17320,40.00000000,1
1506021922,21996414,0.17325,41.39290000,1
1506021922,21996413,0.17327,239.94454282,1
1506021922,21996411,0.17330,664.72289327,1
1506021916,21996397,0.17330,1290.00973300,1
1506021915,21996396,0.17330,921.33744300,1
1506021915,21996395,0.17330,2129.00000000,1
1506021913,21996381,0.17330,4967.35543000,1
1506021898,21996335,0.17330,4764.58823173,1
1506021897,21996333,0.17347,240.48183694,1
1506021897,21996331,0.17350,0.00000033,1
1506021856,21996226,0.17350,5697.42911100,1
1506021830,21996158,0.17350,3602.57088867,1
1506021830,21996157,0.17350,877.26559833,1
1506021823,21996139,0.17388,540.97830311,0
1506021789,21996060,0.17390,9773.00000000,0
1506021783,21996049,0.17390,3500.00000000,0
1506021780,21996043,0.17352,3045.08517000,1
1506021778,21996039,0.17352,3179.54998400,1
1506021764,21995989,0.17389,619.00000000,0
1506021745,21995936,0.17400,3500.00000000,0
1506021728,21995877,0.17350,8526.94180167,1
1506021728,21995876,0.17352,1000.00000000,1
1506021728,21995875,0.17354,3500.00000000,1
1506021727,21995873,0.17354,1482.22113833,1
1506021727,21995871,0.17355,1670.83727000,1
1506021726,21995868,0.17355,758.98059845,1
1506021726,21995867,0.17367,241.01940155,1
1506021718,21995858,0.17354,684.08338200,1
1506021718,21995857,0.17355,1846.17725000,1
1506021716,21995850,0.17355,5454.00716400,1
1506021715,21995849,0.17355,2773.44225057,1
1506021715,21995848,0.17387,241.55774943,1
1506021699,21995807,0.17407,242.09687090,1
1506021697,21995788,0.17410,10000.00000000,1
1506021696,21995779,0.17411,5759.96788400,1
1506021673,21995726,0.17492,310.01660734,1
1506021672,21995722,0.17492,10.55823666,0
1506021647,21995697,0.17409,3212.00000000,1
1506021645,21995692,0.17492,9989.44176334,0
1506021645,21995690,0.17491,642.49816000,0
1506021645,21995687,0.17462,3212.49080000,0
1506021645,21995685,0.17460,1414.61960000,0
1506021644,21995683,0.17417,75.53730000,0
1506021644,21995682,0.17417,48.81824108,0
1506021644,21995681,0.17410,22174.00000000,0
1506021644,21995679,0.17409,75.53730000,0
1506021616,21995636,0.17417,26.71905892,0
1506021616,21995634,0.17417,75.53730000,0
1506021616,21995632,0.17417,0.00002616,0
1506021616,21995630,0.17417,75.53730000,1
1506021616,21995629,0.17417,75.53730000,1
1506021616,21995628,0.17417,75.53730000,1
1506021616,21995626,0.17417,75.53730000,1
1506021616,21995624,0.17417,75.53730000,1
1506021615,21995621,0.17417,75.53730000,1
1506021615,21995619,0.17417,75.53730000,1
1506021615,21995617,0.17417,75.53730000,1
1506021615,21995616,0.17417,75.53730000,1
1506021615,21995615,0.17417,75.53730000,1
1506021614,21995614,0.17416,75.53730000,1
1506021614,21995613,0.17415,75.53730000,1
1506021614,21995612,0.17415,75.53730000,1
1506021613,21995611,0.17415,75.53730000,1
1506021613,21995609,0.17415,75.53730000,1
1506021613,21995608,0.17415,75.53730000,1
1506021613,21995607,0.17415,75.53730000,1
1506021612,21995605,0.17415,75.53730000,0
1506021612,21995602,0.17415,75.53730000,0
1506021612,21995601,0.17415,75.53730000,0
1506021612,21995600,0.17415,75.53730000,0
1506021612,21995598,0.17415,75.53730000,0
1506021610,21995592,0.17427,75.53727384,1
1506021435,21995314,0.17492,495.00000000,0
1506021435,21995313,0.17409,141.18470000,0
1506021435,21995312,0.17408,25.91374955,0
1506021428,21995297,0.17447,115.27095045,1
1506021427,21995295,0.17447,127.90490000,1
1506021362,21995116,0.17356,29.00000000,1
1506021339,21995052,0.17645,2924.60102137,0
1506021339,21995050,0.17627,243.17585045,0
1506021338,21995048,0.17607,242.63572339,0
1506021338,21995046,0.17587,242.09635321,0
1506021338,21995045,0.17567,241.55723054,0
1506021338,21995044,0.17547,241.01888147,0
1506021338,21995042,0.17527,240.48131566,0
1506021338,21995041,0.17520,10000.00000000,0
1506021338,21995040,0.17509,631.01450000,0
1506021338,21995038,0.17460,1534.00000000,0
1506021338,21995037,0.17450,611.17000000,0
1506021337,21995036,0.17450,50.00000000,0
1506021337,21995035,0.17449,3155.07248000,0
1506021337,21995034,0.17448,2500.00000000,0
1506021337,21995033,0.17448,17423.31293000,0
1506021330,21995018,0.17330,2112.98626900,1
1506021330,21995016,0.17335,11807.93760000,1
1506021330,21995015,0.17342,1676.01234000,1
1506021329,21995014,0.17350,18853.68870000,1
1506021329,21995013,0.17350,1855.94979100,0
1506021329,21995010,0.17353,2500.00000000,0
1506021327,21995005,0.17354,1591.42530000,1
1506021301,21994936,0.17443,3500.00000000,1
1506021282,21994908,0.17350,9432.51870000,1
1506021282,21994907,0.17354,5468.20000000,1
1506021282,21994906,0.17355,3366.22773000,1
1506021282,21994904,0.17356,1556.52350000,1
1506021247,21994839,0.17447,3500.00000000,0
1506021211,21994764,0.17450,4308.45486200,1
1506021206,21994756,0.17450,2256.15959200,1
1506021205,21994752,0.17450,1481.66189100,1
1506021205,21994751,0.17450,3586.12462600,1
1506021205,21994749,0.17450,836.55084300,1
1506021204,21994748,0.17450,1813.35922600,1
1506021204,21994747,0.17451,826.18846200,1
1506021202,21994739,0.17421,266.53412000,0
1506021202,21994738,0.17420,5428.15484000,0
1506021196,21994731,0.17418,3500.00000000,0
1506021179,21994660,0.17421,3500.00000000,1
1506021172,21994632,0.17425,500.00000000,0
1506021158,21994589,0.17425,3500.00000000,0
1506021156,21994577,0.17428,2445.85913473,0
1506021148,21994542,0.17347,0.09487418,0
1506021147,21994533,0.17331,2838.73986100,1
1506021145,21994513,0.17347,240.48131566,1
1506021145,21994512,0.17367,369.84136016,1
1506021141,21994505,0.17367,1156.01955200,1
1506021138,21994496,0.17432,3500.00000000,0
1506021129,21994469,0.17367,85.31081253,0
1506021097,21994389,0.17348,12030.09272000,0
1506021072,21994309,0.17367,241.01888147,1
1506020990,21994097,0.17418,3500.00000000,0
1506020971,21993995,0.17421,3500.00000000,0
1506020953,21993932,0.17426,3500.00000000,0
1506020940,21993904,0.17331,2067.77056446,1
1506020940,21993902,0.17340,600.00000000,1
1506020940,21993900,0.17347,93.38791000,1
1506020939,21993899,0.17360,506.61208954,1
1506020938,21993892,0.17360,93.38791046,1
1506020938,21993889,0.17380,600.00000000,1
1506020938,21993888,0.17387,241.55723054,1
1506020934,21993884,0.17437,3500.00000000,0
1506020918,21993826,0.17400,4818.09547556,1
1506020917,21993823,0.17400,198.80253444,1
1506020917,21993822,0.17400,2068.20656235,1
1506020917,21993821,0.17407,242.09635321,1
1506020888,21993693,0.17400,410.46426572,1
1506020888,21993690,0.17400,29.00000000,1
1506020888,21993687,0.17400,600.00000000,1
1506020888,21993685,0.17400,6000.00000000,1
1506020888,21993684,0.17400,4203.75904989,1
1506020887,21993682,0.17427,242.63572339,1
1506020883,21993663,0.17400,10599.95760016,1
1506020878,21993638,0.17400,32586.28334995,1
1506020878,21993637,0.17400,8857.36683522,1
1506020878,21993636,0.17401,9000.00000000,1
1506020878,21993634,0.17417,96.58789000,1
1506020878,21993633,0.17447,243.17585045,1
1506020878,21993631,0.17450,10917.97672526,1
1506020865,21993551,0.17450,1255.66169800,1
1506020865,21993549,0.17451,717.60659000,1
1506020862,21993525,0.17450,14347.27593774,1
1506020859,21993504,0.17450,1360.59712200,1
1506020859,21993503,0.17450,2118.48851700,1
1506020858,21993488,0.17451,4109.35370700,1
1506020850,21993468,0.17467,243.71646788,1
1506020840,21993433,0.17477,86.76530000,1
1506020838,21993425,0.17487,0.00002457,1
1506020838,21993424,0.17487,244.25780000,1
1506020823,21993385,0.17498,282.55041090,0
1506020814,21993368,0.17499,5000.00000048,1
1506020804,21993320,0.17499,4305.14910039,1
1506020804,21993319,0.17501,152.69427461,1
1506020802,21993315,0.17502,1967.53820500,1
1506020800,21993306,0.17502,2106.39310200,1
1506020800,21993304,0.17502,926.06869300,1
1506020782,21993242,0.17520,25558.66262359,1
1506020765,21993168,0.17520,2005.50735300,1
1506020765,21993166,0.17520,2221.11822900,1
1506020762,21993154,0.17520,3392.61407700,1
1506020760,21993147,0.17520,974.82928600,1
1506020759,21993146,0.17520,14221.19564800,1
1506020757,21993138,0.17520,200.00000000,1
1506020757,21993137,0.17520,7941.39669000,1
1506020755,21993129,0.17520,400.00000000,1
1506020745,21993111,0.17520,401.00000000,1
1506020741,21993100,0.17520,923.32431700,1
1506020734,21993093,0.17521,2773.97289000,1
1506020662,21993054,0.17521,61.93146400,1
1506020646,21993009,0.17520,2737.98931700,1
1506020646,21993008,0.17520,1599.39320300,1
1506020645,21992999,0.17520,1517.44578100,1
1506020645,21992998,0.17520,4831.52914800,1
1506020645,21992992,0.17520,1925.78279200,1
1506020600,21992952,0.17520,1098.72765500,1
1506020591,21992941,0.17520,63062.35316300,1
1506020590,21992939,0.17521,3488.67979000,1
1506020554,21992925,0.17520,8267.20151500,1
1506020554,21992924,0.17521,1570.19936800,1
1506020525,21992909,0.17521,1529.80063200,1
1506020517,21992897,0.17589,2018.94485190,0
1506020419,21992865,0.17521,338.40945512,1
1506020409,21992861,0.17521,1208.39550000,1
1506020409,21992860,0.17522,1391.60450000,1
1506020400,21992848,0.17521,1124.01658000,1
1506020212,21992708,0.17630,265.69453895,0
1506019920,21992578,0.17521,1941.22000000,1
1506019870,21992541,0.17637,39.92878471,0
1506019857,21992533,0.17521,0.97970000,1
1506019857,21992532,0.17522,1394.55030000,1
1506019614,21992362,0.17587,2836.76812418,0
1506019529,21992256,0.17520,10721.71448600,1
1506019526,21992250,0.17520,11152.99008400,1
1506019526,21992249,0.17520,3913.70780700,1
1506019524,21992239,0.17520,4199.91890700,1
1506019523,21992232,0.17520,1486.15840100,1
1506019522,21992224,0.17520,1290.92280000,1
1506019522,21992218,0.17520,15203.29315799,1
1506019521,21992217,0.17521,3706.43151000,1
1506019521,21992215,0.17521,207.27629701,1
1506019466,21992097,0.17520,64830.53948407,1
1506019466,21992096,0.17521,2685.86410593,1
1506019466,21992095,0.17523,4536.07921000,1
1506019466,21992094,0.17524,16028.51720000,1
1506019211,21991940,0.17522,500.00000000,1
1506019203,21991932,0.17567,67.98341800,0
1506019094,21991900,0.17628,1281.37333633,0
1506019092,21991897,0.17628,121.49122200,0
1506018969,21991798,0.17621,2193.05542500,1
1506018968,21991797,0.17622,227.73785000,1
1506018941,21991765,0.17637,1279.98402381,0
1506018864,21991732,0.17648,1282.42941080,0
1506018864,21991731,0.17645,180.27660000,0
1506018863,21991730,0.17645,180.27660000,0
1506018863,21991729,0.17645,180.27660000,0
1506018863,21991727,0.17645,131.27656965,0
1506018863,21991726,0.17644,547.21421955,0
1506018863,21991724,0.17621,305.69519952,1
1506018863,21991723,0.17621,113.50093638,1
1506018863,21991721,0.17621,180.61677445,1
1506018862,21991720,0.17633,1900.18708965,1
1506018862,21991717,0.17644,680.86650045,0
1506018862,21991715,0.17632,599.81291035,0
1506018861,21991712,0.17632,1228.08072000,0
1506018861,21991711,0.17632,672.10636965,0
1506018754,21991644,0.17528,3507.99286793,0
1506018754,21991640,0.17541,182.75436242,0
1506018753,21991639,0.17551,182.75441428,0
1506018752,21991637,0.17551,167.81231537,0
1506018752,21991635,0.17551,1414.30970000,1
1506018751,21991634,0.17645,49.00000000,1
1506018751,21991633,0.17646,0.00003035,1
1506018751,21991632,0.17646,180.27660000,1
1506018635,21991500,0.17648,180.18636873,0
1506018597,21991441,0.17649,241.37804532,0
1506018576,21991416,0.17649,999.50024987,0
1506018428,21991234,0.17649,2826.23871041,0
1506018242,21991011,0.17650,7198.90793201,0
1506018242,21991010,0.17649,1843.74610222,0
1506018239,21991009,0.17649,3080.29287778,0
1506018136,21990954,0.17527,60.33923100,1
1506018136,21990953,0.17621,0.83000000,1
1506018010,21990899,0.17601,1192.00000000,0
1506017870,21990719,0.17645,574.04000000,0
1506017565,21990377,0.17631,2500.00000000,0
1506017404,21990297,0.17625,67.91784900,0
1506017366,21990266,0.17631,514.84918609,0
1506017292,21990203,0.17550,805.15994516,0
1506017287,21990198,0.17550,2895.85502695,0
1506017280,21990180,0.17550,3097.88270990,0
1506017274,21990176,0.17550,2131.42353276,0
1506017251,21990158,0.17550,1123.83778400,0
1506017145,21989963,0.17631,2172.19755000,0
1506017106,21989934,0.17649,425.35016148,0
1506017106,21989933,0.17643,793.70728000,0
1506017106,21989932,0.17643,3968.53640000,0
1506017104,21989931,0.17600,999.99500000,0
1506017057,21989909,0.17523,60.52802500,1
1506017057,21989908,0.17597,0.83000000,1
1506016978,21989841,0.17616,571.79400000,0
1506016978,21989840,0.17600,100.21000000,0
1506016883,21989799,0.17572,1192.00000000,0
1506016800,21989743,0.17514,261.39488000,1
1506016800,21989742,0.17554,1396.51730000,1
1506016614,21989636,0.17524,1300.00000000,0
1506016614,21989635,0.17524,2500.00000000,1
1506016612,21989634,0.17600,300.00000000,1
1506016590,21989620,0.17623,2052.01609663,1
1506016589,21989618,0.17623,634.70800000,1
1506016576,21989604,0.17623,567.83400000,1
1506016541,21989563,0.17623,630.23500000,1
1506016517,21989546,0.17623,1345.43173141,0
1506016444,21989403,0.17623,1389.83757859,0
1506016342,21989241,0.17609,100.00000000,0
1506016337,21989232,0.17609,1502.41353900,0
1506016334,21989230,0.17609,200.00000000,0
1506016327,21989223,0.17609,200.00000000,0
1506016318,21989213,0.17610,200.00000000,0
1506016304,21989204,0.17536,740.48896156,1
1506016286,21989194,0.17608,500.00000000,0
1506016280,21989188,0.17608,500.00000000,0
1506016271,21989183,0.17608,1000.00000000,0
1506015894,21988904,0.17507,1500.00000000,1
1506015852,21988878,0.17601,420.78582500,0
1506015822,21988856,0.17503,1239.60755468,1
1506015822,21988855,0.17507,244.79965532,1
1506015822,21988854,0.17510,241.21609900,1
1506015773,21988802,0.17513,909.43612800,1
1506015737,21988769,0.17513,400.00000000,1
1506015712,21988714,0.17641,1784.94348392,1
1506015712,21988710,0.17535,2008.38677367,0
1506015710,21988695,0.17532,2500.00000000,0
1506015672,21988567,0.17600,5667.67045455,1
1506015672,21988565,0.17600,2323.94277178,1
1506015671,21988564,0.17600,10000.00000000,1
1506015671,21988562,0.17600,10000.00000000,1
1506015669,21988556,0.17600,2252.71449122,1
1506015669,21988549,0.17600,2143.07460000,1
1506015668,21988545,0.17600,35750.73214200,1
1506015668,21988543,0.17600,3726.93764800,1
1506015668,21988541,0.17600,2500.00000000,1
1506015668,21988538,0.17600,1176.00087000,1
1506015668,21988537,0.17600,6695.91663000,1
1506015668,21988536,0.17600,27714.84113800,1
1506015667,21988531,0.17600,2361.02350100,1
1506015667,21988527,0.17600,11955.33579500,1
1506015666,21988526,0.17600,2500.00000000,1
1506015666,21988525,0.17600,15876.88380000,1
1506015666,21988524,0.17600,28034.36461300,1
1506015666,21988518,0.17600,2197.65250000,1
1506015665,21988517,0.17582,2500.00000000,0
1506015665,21988514,0.17582,2226.09450000,0
1506015665,21988512,0.17580,28064.48500000,0
1506015664,21988510,0.17510,5758.78390100,1
1506015658,21988442,0.17511,7760.92504735,1
1506015657,21988440,0.17527,245.34195265,1
1506015604,21988322,0.17546,68.08781700,0
1506015548,21988275,0.17545,4594.07167284,1
1506015548,21988274,0.17547,0.00000389,1
1506015484,21988220,0.17610,284.87444633,1
1506015483,21988219,0.17606,9318.28400000,1
1506015482,21988217,0.17606,1728.21190000,0
1506015311,21988048,0.17615,3818.00000000,0
1506015139,21987900,0.17599,317.90400000,0
1506015115,21987860,0.17598,5054.61274007,0
1506015023,21987763,0.17547,245.88496000,1
1506014970,21987707,0.17567,246.42842579,1
1506014845,21987509,0.17650,722.70781683,0
1506014773,21987444,0.17697,35.00000000,0
1506014732,21987396,0.17719,131.56138410,0
1506014681,21987346,0.17759,219.45244665,0
1506014668,21987336,0.17593,5005.27355804,0
1506014667,21987335,0.17595,1530.95910000,1
1506014667,21987334,0.17627,6011.25744596,1
1506014667,21987333,0.17630,1269.84748000,1
1506014667,21987332,0.17630,6354.21153000,1
1506014665,21987331,0.17631,11265.27085200,1
1506014658,21987320,0.17706,946.71120583,1
1506014658,21987319,0.17767,1210.04936117,1
1506014658,21987318,0.17767,2500.00000000,1
1506014658,21987317,0.17747,246.42842579,0
1506014658,21987316,0.17727,245.88496389,0
1506014657,21987315,0.17725,86.12131000,0
1506014657,21987314,0.17707,245.34220797,0
1506014657,21987313,0.17706,803.84290000,0
1506014657,21987312,0.17705,4019.21449000,0
1506014656,21987308,0.17700,1200.00000000,0
1506014656,21987307,0.17687,244.79965532,0
1506014656,21987305,0.17673,1000.00000000,0
1506014656,21987304,0.17667,244.25782457,0
1506014655,21987303,0.17664,95.90554000,0
1506014655,21987302,0.17650,228.00000000,0
1506014655,21987301,0.17647,243.71672496,0
1506014653,21987299,0.17628,7325.21047472,0
1506014637,21987282,0.17628,1979.20552528,0
1506014569,21987257,0.17627,1497.36259996,0
1506014569,21987256,0.17627,300.00000000,0
1506014544,21987240,0.17628,695.58400000,0
1506014536,21987238,0.17600,60.79510700,1
1506014451,21987157,0.17560,1726.00000000,0
1506014124,21986874,0.17499,6000.00000000,1
1506014082,21986829,0.17499,126.76129400,1
1506014082,21986828,0.17520,2070.00000000,1
1506014071,21986812,0.17540,2000.00000000,0
1506014066,21986805,0.17541,47.00000000,0
1506014066,21986803,0.17539,2500.00000000,0
1506014057,21986794,0.17499,1862.40631535,1
1506014057,21986793,0.17499,85.61841665,1
1506014055,21986788,0.17499,8567.55000000,1
1506014048,21986775,0.17545,3500.00000000,0
1506014033,21986751,0.17499,2500.00000000,1
1506014031,21986748,0.17499,5234.09840500,1
1506014031,21986746,0.17539,2500.00000000,1
1506014017,21986711,0.17499,765.90159500,1
1506014015,21986704,0.17499,1058.27394100,1
1506014008,21986670,0.17499,1824.17553600,1
1506013996,21986651,0.17544,2326.00000000,0
1506013988,21986632,0.17499,8476.38052300,1
1506013984,21986625,0.17499,3050.00000000,1
1506013983,21986624,0.17499,3874.10994400,1
1506013975,21986613,0.17550,967.20562000,0
1506013975,21986612,0.17549,2500.00000000,0
1506013971,21986595,0.17550,271.17576206,0
1506013971,21986594,0.17549,0.55145905,0
1506013969,21986579,0.17549,1102.85624095,0
1506013962,21986530,0.17558,1103.37430840,1
1506013913,21986425,0.17611,1110.15190000,0
1506013913,21986424,0.17610,5000.00000000,0
1506013913,21986422,0.17609,1489.84810000,0
1506013913,21986421,0.17608,2500.00000000,0
1506013908,21986416,0.17558,990.16900000,1
1506013908,21986415,0.17558,1964.42685600,1
1506013904,21986404,0.17609,2832.37611449,0
1506013903,21986403,0.17609,10066.92779291,0
1506013880,21986377,0.17616,523.72842870,0
1506013875,21986369,0.17618,2448.96463214,0
1506013803,21986224,0.17629,67.90629100,0
1506013781,21986183,0.17630,1762.06767418,0
1506013781,21986180,0.17627,243.17610811,0
1506013781,21986179,0.17571,0.44495771,0
1506013772,21986169,0.17608,636.14004229,1
1506013738,21986043,0.17608,822.58366771,0
1506013713,21986001,0.17608,9177.41633229,0
1506013711,21985998,0.17570,1.27529164,0
1506013695,21985962,0.17607,1819.46470836,1
1506013688,21985959,0.17607,310.89931000,1
1506013653,21985925,0.17607,100.00000000,1
1506013644,21985903,0.17607,242.63598164,0
1506013630,21985858,0.17604,7363.40954100,1
1506013630,21985857,0.17604,1137.36416900,1
1506013629,21985854,0.17606,2411.38855800,0
1506013628,21985845,0.17604,5576.32559462,0
1506013628,21985843,0.17587,242.09661205,0
1506013624,21985820,0.17525,5414.02506782,1
1506013613,21985780,0.17522,100.00000000,1
1506013602,21985743,0.17520,4781.53539349,0
1506013602,21985737,0.17520,2438.42378151,0
1506013597,21985727,0.17520,2421.47990600,0
1506013597,21985726,0.17520,2042.19330300,0
1506013596,21985725,0.17520,916.36761600,0
1506013596,21985723,0.17509,2614.04391384,0
1506013589,21985711,0.17509,2500.00000000,0
1506013586,21985706,0.17510,2385.95608616,1
1506013586,21985705,0.17511,2500.00000000,1
1506013576,21985673,0.17510,14404.49551384,0
1506013574,21985666,0.17510,32251.30137200,0
1506013570,21985658,0.17510,1970.00000000,0
1506013570,21985657,0.17510,2493.67320900,0
1506013570,21985654,0.17510,2026.77580000,0
1506013570,21985653,0.17510,14875.38684900,0
1506013570,21985650,0.17510,582.21775973,0
1506013567,21985639,0.17510,573.53130100,0
1506013566,21985637,0.17510,2718.40294100,0
1506013563,21985630,0.17510,572.51299000,0
1506013560,21985621,0.17510,10000.00000000,0
1506013560,21985620,0.17510,10000.00000000,0
1506013559,21985619,0.17510,1774.21242400,0
1506013558,21985617,0.17510,10000.00000000,0
1506013557,21985616,0.17510,6634.96260000,0
1506013557,21985615,0.17509,3365.03740000,0
1506013550,21985608,0.17510,2800.00000000,0
1506013549,21985607,0.17509,526.99523600,0
1506013540,21985588,0.17506,2526.82854379,0
1506013534,21985586,0.17506,5276.86292699,0
1506013480,21985499,0.17506,1467.60382900,0
1506013457,21985467,0.17499,60.24242400,1
1506013449,21985393,0.17506,1052.69412100,0
1506013444,21985390,0.17506,39676.01057922,0
1506013351,21985304,0.17500,1488.09900000,0
1506013324,21985270,0.17500,72321.36820300,0
1506013323,21985269,0.17499,370.73736100,0
1506013323,21985268,0.17499,2423.16587900,0
1506013239,21985197,0.17499,501.10712000,0
1506013225,21985186,0.17499,398.29800000,0
1506013209,21985165,0.17500,12829.59938400,0
1506013207,21985161,0.17466,1726.00000000,0
1506013169,21985135,0.17498,2975.71112000,1
1506013156,21985111,0.17500,11810.30226000,0
1506013156,21985110,0.17499,3389.69774000,0
1506013141,21985087,0.17498,222.40811428,0
1506013137,21985085,0.17413,310.89931000,1
1506013137,21985084,0.17420,5000.00000000,1
1506013136,21985083,0.17426,1745.39570000,1
1506013136,21985082,0.17426,17281.70499000,1
1506013136,21985080,0.17500,22171.94876700,0
1506013136,21985079,0.17499,2804.54522000,0
1506013059,21984942,0.17490,2017.00000000,0
1506013052,21984937,0.17490,2060.63495400,0
1506013052,21984933,0.17490,345.00000000,1
1506012990,21984830,0.17499,1087.88264100,0
1506012982,21984816,0.17490,300.00000000,1
1506012933,21984787,0.17500,940.38620725,0
1506012933,21984786,0.17499,3536.78413000,0
1506012931,21984785,0.17498,3318.09669000,0
1506012872,21984649,0.17500,1897.65497142,0
1506012871,21984648,0.17499,5468.20000000,1
1506012870,21984646,0.17499,3987.60102000,0
1506012870,21984645,0.17499,48.29561200,0
1506012852,21984626,0.17498,648.04870000,0
1506012791,21984571,0.17498,3500.00000000,0
1506012750,21984494,0.17402,7450.94316860,1
1506012750,21984493,0.17402,4494.05683140,1
1506012745,21984483,0.17483,2500.00000000,0
1506012724,21984395,0.17485,2500.00000000,1
1506012703,21984355,0.17490,3500.00000000,0
1506012668,21984258,0.17500,62960.06949939,0
1506012668,21984257,0.17499,4737.74379000,0
1506012667,21984256,0.17495,15464.67060000,0
1506012667,21984255,0.17494,2500.00000000,0
1506012646,21984209,0.17504,690.35539000,0
1506012585,21984045,0.17504,103.91910000,0
1506012534,21983908,0.17405,472.00000000,0
1506012532,21983905,0.17450,228.00000000,1
1506012391,21983714,0.17506,297.24840073,0
1506012390,21983713,0.17402,505.94316860,1
1506012390,21983711,0.17430,1563.26562226,1
1506012390,21983709,0.17435,906.96630914,1
1506012389,21983708,0.17438,2500.00000000,0
1506012388,21983706,0.17438,1899.53490000,1
1506012388,21983704,0.17507,942.25345500,0
1506012334,21983617,0.17450,7500.00000000,1
1506012334,21983616,0.17451,1571.14610000,1
1506012334,21983615,0.17451,2277.76352000,1
1506012325,21983599,0.17504,3133.50296283,0
1506012325,21983598,0.17480,6164.96354817,0
1506012219,21983407,0.17450,2500.00000000,1
1506012154,21983305,0.17480,12067.40438983,0
1506012154,21983304,0.17420,7904.59561017,0
1506012153,21983303,0.17420,114.52422503,0
1506012148,21983295,0.17420,3500.00000000,0
1506012117,21983258,0.17401,10943.61764878,1
1506012117,21983257,0.17401,2111.33901189,1
1506012117,21983256,0.17420,1162.85051852,1
1506012117,21983255,0.17420,762.19282081,1
1506012112,21983247,0.17420,500.00000000,1
1506012022,21983142,0.17480,3700.63206200,0
1506012022,21983141,0.17452,3792.63860000,0
1506012005,21983111,0.17447,300.36140000,1
1506012003,21983105,0.17490,68.72101000,0
1506011999,21983092,0.17420,300.36136548,0
1506011997,21983079,0.17420,3500.00000000,0
1506011995,21983073,0.17420,5000.00000000,0
1506011978,21983028,0.17420,1559.62334867,0
1506011977,21983024,0.17420,3500.00000000,0
1506011976,21983023,0.17420,1241.54960000,0
1506011975,21983017,0.17420,3285.09432600,0
1506011974,21983014,0.17420,2533.75400000,0
1506011973,21983009,0.17420,5000.00000000,0
1506011971,21983007,0.17420,99.36837600,0
1506011967,21982999,0.17420,10000.00000000,0
1506011959,21982984,0.17420,8172.00000000,0
1506011957,21982979,0.17420,1203.00000000,0
1506011950,21982964,0.17420,9986.00000000,0
1506011950,21982962,0.17402,880.00000000,1
1506011940,21982946,0.17420,9987.00000000,0
1506011937,21982937,0.17420,3500.00000000,0
1506011932,21982930,0.17420,40135.57596434,0
1506011932,21982929,0.17420,5468.20000000,0
1506011927,21982921,0.17420,13528.47301951,0
1506011926,21982920,0.17409,3978.44989610,1
1506011925,21982914,0.17420,1000.00000000,1
1506011903,21982841,0.17405,87.86346000,1
1506011865,21982776,0.17496,75.00000000,0
1506011834,21982684,0.17496,3150.00000000,0
1506011824,21982667,0.17401,2682.06098811,1
1506011824,21982666,0.17402,7810.80000000,1
1506011824,21982665,0.17407,107.09661205,1
1506011823,21982664,0.17498,0.00000147,1
1506011813,21982634,0.17498,547.44410000,1
1506011798,21982573,0.17580,6520.00000000,0
1506011787,21982547,0.17498,326.15700000,1
1506011765,21982526,0.17498,337.89600000,1
1506011747,21982497,0.17498,50.50289853,1
1506011747,21982496,0.17502,524.11210147,1
1506011725,21982467,0.17502,1000.00000000,1
1506011689,21982368,0.17595,1250.00000000,0
1506011674,21982295,0.17598,5131.75760016,0
1506011674,21982294,0.17597,5468.20000000,0
1506011662,21982257,0.17499,289.54741100,0
1506011661,21982253,0.17498,1262.47274000,0
1506011647,21982215,0.17498,325.91400000,0
1506011642,21982195,0.17499,576.26800000,0
1506011641,21982190,0.17498,600.00000000,0
1506011637,21982172,0.17498,14940.80944200,0
1506011631,21982154,0.17408,200.00000000,1
1506011546,21981602,0.17407,135.00000000,1
1506011531,21981577,0.17400,1142.63316478,1
1506011531,21981576,0.17400,300.00000000,1
1506011531,21981575,0.17401,7210.58337563,1
1506011531,21981574,0.17410,1221.86197000,1
1506011531,21981573,0.17410,40.00000000,1
1506011531,21981572,0.17427,242.63598164,1
1506011531,21981571,0.17428,294.48105000,1
1506011531,21981570,0.17449,147.76205811,1
1506011499,21981477,0.17449,991.23794189,0
1506011488,21981447,0.17449,466.00000000,0
1506011482,21981426,0.17449,9100.00000000,0
1506011468,21981392,0.17449,9982.00000000,0
1506011467,21981387,0.17414,502.12049262,1
1506011465,21981382,0.17447,243.17610811,1
1506011456,21981373,0.17449,9991.00000000,0
1506011452,21981360,0.17450,4833.11170000,1
1506011416,21981295,0.17490,1139.00000000,0
1506011360,21981187,0.17499,2500.00000000,0
1506011359,21981186,0.17498,2500.00000000,0
1506011340,21981145,0.17499,615.00000000,0
1506011328,21981133,0.17450,246.00000000,1
1506011326,21981132,0.17575,3123.98081143,1
1506011326,21981131,0.17575,1583.54029904,1
1506011325,21981126,0.17575,920.45458953,1
1506011325,21981123,0.17499,1854.02430000,0
1506011325,21981122,0.17498,2500.00000000,0
1506011311,21981110,0.17500,30000.00000000,1
1506011311,21981109,0.17501,17126.35981000,1
1506011297,21981088,0.17452,2000.00000000,1
1506011172,21980933,0.17582,111.29837700,0
1506011171,21980929,0.17582,2221.00000000,0
1506011157,21980907,0.17600,93.57151000,0
1506011157,21980906,0.17599,944.65785000,0
1506011157,21980905,0.17599,4723.28924000,0
1506011157,21980904,0.17581,2500.00000000,0
1506011157,21980903,0.17575,1714.48140000,0
1506011153,21980899,0.17582,2500.00000000,0
1506011138,21980850,0.17600,4668.00000000,0
1506011138,21980849,0.17576,2500.00000000,0
1506011135,21980847,0.17579,47.63030000,0
1506011135,21980846,0.17577,1557.36970000,0
1506011135,21980844,0.17466,1404.92770000,1
1506011134,21980843,0.17467,2500.00000000,1
1506011134,21980842,0.17467,243.71672496,1
1506011134,21980841,0.17500,645.00000000,1
1506011134,21980840,0.17501,108.40487674,1
1506011121,21980828,0.17501,0.40639118,0
1506011115,21980813,0.17501,2234.00000000,0
1506011110,21980808,0.17501,1550.75489914,0
1506011100,21980789,0.17410,30478.03470643,0
1506011099,21980788,0.17417,95.90554000,1
1506011099,21980787,0.17420,600.00000000,1
1506011099,21980786,0.17420,40.00000000,1
1506011099,21980785,0.17440,600.00000000,1
1506011098,21980784,0.17450,5000.00000000,1
1506011098,21980783,0.17454,41.08690000,1
1506011098,21980782,0.17460,600.00000000,1
1506011097,21980781,0.17462,1391.57120000,1
1506011097,21980780,0.17463,477.87250000,0
1506011097,21980779,0.17477,86.12131000,1
1506011097,21980778,0.17480,600.00000000,1
1506011096,21980777,0.17487,244.25782457,1
1506011096,21980776,0.17490,1000.00000000,1
1506011096,21980774,0.17493,2385.48193000,0
1506011094,21980773,0.17501,570.00000000,1
1506011033,21980673,0.17501,200.00000000,1
1506011032,21980672,0.17604,575.92200000,0
1506010998,21980641,0.17609,1.75000000,0
1506010998,21980640,0.17608,2500.00000000,0
1506010992,21980636,0.17609,438.11290100,0
1506010980,21980599,0.17610,520.81200222,0
1506010980,21980598,0.17608,1420.52210000,0
1506010979,21980597,0.17608,5073.50718000,0
1506010979,21980596,0.17608,1.78200000,0
1506010976,21980589,0.17608,576.00800000,0
1506010975,21980588,0.17608,1922.21000000,0
1506010960,21980555,0.17608,1480.79696000,0
1506010952,21980542,0.17608,830.04900000,0
1506010938,21980516,0.17580,60.06042300,1
1506010928,21980511,0.17605,2.46628000,0
1506010928,21980510,0.17604,3528.73372000,0
1506010894,21980451,0.17494,3531.23914700,1
1506010886,21980412,0.17497,919.20218884,0
1506010885,21980408,0.17507,244.79965532,1
1506010885,21980407,0.17551,50.00000000,1
1506010878,21980393,0.17609,1526.89717000,0
1506010830,21980284,0.17595,4093.00000000,0
1506010803,21980212,0.17551,1266.00000000,1
1506010666,21979978,0.17490,9420.85450258,0
1506010665,21979973,0.17500,299.27800000,1
1506010665,21979972,0.17500,5557.84200000,1
1506010665,21979971,0.17500,200.00000000,1
1506010665,21979970,0.17500,1100.00000000,1
1506010665,21979969,0.17500,2860.91479205,1
1506010665,21979964,0.17527,245.34220537,1
1506010664,21979961,0.17543,2029.76850000,0
1506010664,21979957,0.17527,0.00000260,1
1506010664,21979955,0.17527,355.46462000,0
1506010664,21979952,0.17543,2500.00000000,1
1506010662,21979945,0.17550,1541.15010000,1
1506010629,21979826,0.17528,0.64345769,1
1506010628,21979825,0.17547,245.88496389,1
1506010628,21979824,0.17565,0.00000421,1
1506010612,21979786,0.17565,246.52842579,0
1506010561,21979644,0.17567,615.00000000,0
1506010539,21979574,0.17567,246.42842579,1
1506010521,21979475,0.17603,5207.68175879,0
1506010514,21979415,0.17605,2500.00000000,0
1506010498,21979293,0.17607,28.32697223,0
1506010494,21979283,0.17609,5518.49949464,0
1506010494,21979282,0.17608,2500.00000000,0
1506010494,21979280,0.17556,132.50050536,0
1506010488,21979238,0.17560,620.52691000,1
1506010488,21979237,0.17587,246.97258464,1
1506010484,21979222,0.17611,3500.00000000,0
1506010481,21979208,0.17612,16775.00000000,0
1506010474,21979186,0.17607,247.51717848,1
1506010473,21979180,0.17500,30399.08520795,1
1506010473,21979179,0.17500,600.00000000,1
1506010473,21979177,0.17500,1000.00000000,1
1506010473,21979175,0.17500,4674.57142857,1
1506010472,21979174,0.17500,50000.00000000,1
1506010472,21979173,0.17500,37500.00000000,1
1506010472,21979171,0.17500,1000.00000000,1
1506010472,21979168,0.17500,2000.00000000,1
1506010472,21979166,0.17500,100.00000000,1
1506010472,21979165,0.17500,2657.15035428,1
1506010472,21979161,0.17500,2900.00000000,1
1506010472,21979159,0.17500,1850.36649142,1
1506010472,21979158,0.17500,100.00000000,1
1506010471,21979156,0.17500,50000.00000000,1
1506010471,21979154,0.17500,5176.45714285,1
1506010471,21979152,0.17500,300.00000000,1
1506010471,21979148,0.17501,5000.00000000,1
1506010471,21979146,0.17510,40.00000000,1
1506010470,21979144,0.17510,35.00000000,1
1506010470,21979143,0.17510,35.00000000,1
1506010470,21979140,0.17520,600.00000000,1
1506010470,21979138,0.17520,35.00000000,1
1506010470,21979136,0.17522,71.29561200,1
1506010469,21979135,0.17522,92.45520000,1
1506010469,21979133,0.17540,600.00000000,1
1506010469,21979129,0.17542,1090.00000000,1
1506010469,21979127,0.17545,1316.16972000,1
1506010468,21979126,0.17551,5865.49694034,1
1506010468,21979123,0.17559,700.37005000,1
1506010468,21979121,0.17559,3504.31940000,1
1506010468,21979120,0.17610,5468.20000000,1
1506010466,21979106,0.17627,248.06245259,1
1506010447,21979013,0.17647,248.60814627,1
1506010392,21978843,0.17730,1095.29984900,0
1506010368,21978716,0.17667,5468.20000000,1
1506010368,21978714,0.17667,249.15450379,1
1506010368,21978713,0.17669,499.75012493,1
1506010324,21978530,0.17674,606.67744801,1
1506010324,21978529,0.17674,7558.55005000,1
1506010324,21978526,0.17723,3656.30502299,1
1506010312,21978486,0.17723,3029.89312100,1
1506010287,21978453,0.17814,200.00000000,0
1506010245,21978396,0.17806,897.36769000,1
1506010223,21978370,0.17806,198.00000000,1
1506010203,21978355,0.17827,67.15207300,0
1506010182,21978321,0.17865,1.63073047,1
1506010182,21978320,0.17847,249.15450379,0
1506010180,21978316,0.17827,248.60814627,0
1506010173,21978307,0.17805,260.22329000,1
1506010154,21978291,0.17805,4739.77671000,1
1506010144,21978288,0.17723,260.22329000,1
1506009973,21978176,0.17805,280.96452000,1
1506009955,21978150,0.17725,258.42129534,1
1506009942,21978131,0.17813,1302.16484886,0
1506009905,21978039,0.17825,1.75000000,0
1506009905,21978037,0.17824,2500.00000000,0
1506009857,21977981,0.17723,59.90945800,1
1506009829,21977911,0.17791,2989.93732000,0
1506009825,21977898,0.17794,6179.44559964,0
1506009764,21977735,0.17808,2500.00000000,1
1506009754,21977709,0.17723,7009.83409447,0
1506009754,21977705,0.17723,2314.03870553,0
1506009753,21977701,0.17723,676.12720000,1
1506009750,21977692,0.17809,300.00000000,0
1506009711,21977601,0.17713,10000.00000000,1
1506009681,21977498,0.17758,16494.53339511,1
1506009681,21977496,0.17778,1369.46660000,1
1506009681,21977494,0.17814,2580.00000000,1
1506009681,21977493,0.17815,0.00000489,1
1506009671,21977460,0.17815,768.20879511,0
1506009647,21977364,0.17815,13444.28800000,0
1506009647,21977362,0.17815,8225.61686278,0
1506009647,21977361,0.17814,3006.07076000,0
1506009629,21977284,0.17815,422.01851466,0
1506009628,21977283,0.17814,3557.14071000,0
1506009628,21977282,0.17807,248.06245259,0
1506009628,21977281,0.17800,319.90921275,0
1506009618,21977250,0.17800,76.69889000,0
1506009612,21977227,0.17783,789.60378600,0
1506009612,21977226,0.17783,1851.39621400,0
1506009603,21977201,0.17782,1452.00000000,0
1506009599,21977191,0.17800,179.42638000,0
1506009581,21977164,0.17770,1916.68485700,0
1506009562,21977137,0.17770,2495.37417000,0
1506009560,21977124,0.17770,1810.49641400,0
1506009551,21977096,0.17770,991.48100000,0
1506009550,21977093,0.17770,423.24864579,0
1506009549,21977090,0.17770,423.71491277,0
1506009535,21977073,0.17770,572.97500000,0
1506009498,21977023,0.17769,9817.40523500,0
1506009481,21977010,0.17769,150.00000000,0
1506009403,21976909,0.17799,2499.99999988,0
1506009403,21976907,0.17787,247.51717848,0
1506009403,21976905,0.17767,246.97258464,0
1506009396,21976892,0.17725,35184.55576086,1
1506009328,21976827,0.17685,99.71463633,1
1506009328,21976826,0.17743,2500.00000000,1
1506009325,21976825,0.17750,17831.36061278,0
1506009292,21976778,0.17748,7010.00000000,0
1506009277,21976746,0.17750,7491.00000000,0
1506009277,21976745,0.17742,2500.00000000,0
1506009201,21976653,0.17674,15545.90840808,0
1506009201,21976651,0.17674,7973.13115300,0
1506009200,21976650,0.17674,30.00000000,0
1506009169,21976604,0.17674,1005.86072000,0
1506009163,21976588,0.17674,243.32860162,0
1506009161,21976583,0.17674,379.64304031,0
1506009161,21976582,0.17674,379.83281900,0
1506009160,21976580,0.17674,466.27540500,0
1506009158,21976574,0.17674,26904.83220700,0
1506009158,21976573,0.17674,6970.76588900,0
1506009158,21976570,0.17674,626.02782573,0
1506009157,21976567,0.17674,4137.23883400,0
1506009157,21976565,0.17674,7973.42706800,0
1506009153,21976558,0.17674,8212.98672000,1
1506009153,21976557,0.17679,468.20000000,1
1506009153,21976556,0.17679,634.05041638,1
1506009153,21976555,0.17679,1610.58787260,1
1506009153,21976554,0.17679,184.58402028,1
1506009153,21976553,0.17710,504.43300000,1
1506009153,21976552,0.17712,748.88600000,1
1506009136,21976508,0.17679,4347.75000000,1
1506009136,21976507,0.17713,1120.45000000,1
1506009134,21976504,0.17679,467.90000000,0
1506009134,21976503,0.17679,2785.83134972,0
1506009133,21976499,0.17674,467.90000000,1
1506009132,21976494,0.17678,467.96598306,0
1506009117,21976470,0.17678,5000.00000000,0
1506009110,21976464,0.17679,578.60100000,0
1506009081,21976435,0.17741,620.12500000,0
1506008979,21976249,0.17748,8185.60690500,0
1506008965,21976220,0.17735,3139.95605534,0
1506008965,21976219,0.17720,1392.90880000,0
1506008965,21976218,0.17720,5036.07874484,0
1506008963,21976208,0.17720,17316.92125516,0
1506008963,21976207,0.17719,3533.14194000,0
1506008962,21976206,0.17717,1411.26680000,0
1506008962,21976205,0.17700,4640.79005984,0
1506008961,21976196,0.17700,3533.14194000,0
1506008957,21976173,0.17700,67622.00189200,0
1506008889,21976045,0.17700,8000.00000000,0
1506008837,21975997,0.17735,1723.91124894,0
1506008814,21975969,0.17735,648.00000000,0
1506008772,21975893,0.17673,2662.12602000,1
1506008772,21975892,0.17673,10000.00000000,1
1506008772,21975891,0.17674,28.29758000,1
1506008771,21975890,0.17675,1563.57640000,1
1506008762,21975886,0.17674,9971.70242000,1
1506008762,21975885,0.17674,10000.00000000,1
1506008762,21975884,0.17674,10000.00000000,1
1506008762,21975883,0.17674,10000.00000000,1
1506008761,21975882,0.17675,2500.00000000,0
1506008760,21975879,0.17675,10028.29758000,1
1506008760,21975878,0.17675,2500.00000000,1
1506008756,21975872,0.17745,9997.00000000,0
1506008750,21975852,0.17552,11698.28955700,1
1506008750,21975851,0.17587,246.97258464,1
1506008750,21975850,0.17600,190.42554454,1
1506008750,21975848,0.17600,1315.86286800,0
1506008749,21975847,0.17607,782.76070000,0
1506008749,21975846,0.17607,113.59118532,1
1506008749,21975845,0.17607,1703.86777986,1
1506008749,21975844,0.17607,499.99993285,0
1506008749,21975843,0.17607,14335.02259200,0
1506008749,21975842,0.17608,809.12497000,0
1506008748,21975840,0.17640,4043.17393000,0
1506008748,21975839,0.17668,3052.64137879,1
1506008748,21975838,0.17669,2746.03444700,0
1506008747,21975837,0.17669,9588.51540300,0
1506008747,21975836,0.17669,1373.71712700,0
1506008746,21975834,0.17669,2500.00000000,1
1506008738,21975807,0.17600,15319.99202771,1
1506008738,21975806,0.17600,923.02755681,1
1506008738,21975804,0.17605,6000.00000000,1
1506008737,21975802,0.17607,247.51717848,1
1506008737,21975801,0.17607,1373.71712700,0
1506008737,21975800,0.17611,913.67596000,1
1506008737,21975798,0.17611,4571.19392000,1
1506008737,21975797,0.17650,1802.00000000,1
1506008736,21975796,0.17651,1445.80290000,0
1506008736,21975795,0.17651,8000.00000000,1
1506008736,21975794,0.17667,6694.01995000,1
1506008735,21975791,0.17668,7709.05338000,1
1506008681,21975693,0.17739,641.00000000,0
1506008659,21975669,0.17739,577.00000000,0
1506008642,21975654,0.17737,53.41086463,0
1506008640,21975648,0.17737,3500.00000000,0
1506008617,21975620,0.17737,3500.00000000,0
1506008608,21975610,0.17667,2405.98005000,1
1506008608,21975609,0.17669,1837.02010000,1
1506008607,21975608,0.17670,2383.99985000,1
1506008595,21975589,0.17739,2363.00000000,0
1506008558,21975560,0.17660,1494.47650628,0
1506008557,21975558,0.17660,948.51463300,0
1506008557,21975556,0.17660,1742.46790000,0
1506008555,21975552,0.17665,1708.77740000,1
1506008555,21975551,0.17667,2500.00000000,1
1506008555,21975550,0.17668,16728.77327000,1
1506008520,21975488,0.17650,1802.00000000,0
1506008511,21975473,0.17630,0.00003061,0
1506008511,21975472,0.17630,1875.78560000,0
1506008507,21975466,0.17648,3500.00000000,1
1506008507,21975464,0.17649,3049.44826739,1
1506008507,21975462,0.17660,1522.06000000,1
1506008507,21975461,0.17680,8927.01000000,1
1506008507,21975460,0.17700,6414.69610200,1
1506008481,21975386,0.17700,2685.30389800,1
1506008414,21975228,0.17749,6369.81890000,0
1506008414,21975227,0.17749,955.62448000,0
1506008414,21975226,0.17749,323.55662000,0
1506008403,21975211,0.17749,67.44338000,0
1506008401,21975209,0.17750,7939.00000000,0
1506008400,21975208,0.17725,1061.00000000,0
1506008400,21975207,0.17749,391.00000000,1
1506008396,21975202,0.17750,5988.78163000,0
1506008396,21975201,0.17749,391.39637000,0
1506008389,21975191,0.17749,743.99905000,1
1506008376,21975175,0.17749,1348.98466000,1
1506008363,21975154,0.17749,1602.75405000,1
1506008354,21975146,0.17749,1904.26224000,0
1506008285,21975029,0.17749,2262.48979000,0
1506008275,21975016,0.17680,1072.99000000,1
1506008242,21974955,0.17750,532.00000000,0
1506008228,21974942,0.17759,628.00000000,1
1506008228,21974941,0.17765,3000.00000000,1
1506008227,21974940,0.17799,182.82975207,0
1506008226,21974939,0.17787,247.51717848,0
1506008226,21974938,0.17770,5218.06745945,0
1506008226,21974937,0.17764,1382.93670000,0
1506008226,21974936,0.17761,2957.64891000,0
1506008220,21974929,0.17759,10000.00000000,0
1506008207,21974910,0.17764,1059.06330000,1
1506008207,21974907,0.17764,1382.93670000,1
1506008185,21974867,0.17781,4765.00000000,0
1506008179,21974852,0.17783,125.27298414,0
1506008172,21974813,0.17650,5181.33503005,0
1506008170,21974804,0.17650,3023.39140200,0
1506008169,21974802,0.17650,3348.32900600,0
1506008169,21974801,0.17650,16258.65828600,0
1506008169,21974799,0.17650,811.56360000,0
1506008168,21974796,0.17650,2120.00000000,0
1506008166,21974788,0.17650,2425.57664600,0
1506008165,21974783,0.17650,4064.19478300,0
1506008162,21974769,0.17650,2957.50461136,0
1506008157,21974752,0.17650,2421.37269343,0
1506008157,21974748,0.17650,6700.00000000,0
1506008153,21974737,0.17650,811.56360100,0
1506008153,21974736,0.17650,14611.59204300,0
1506008153,21974735,0.17649,4022.87968000,0
1506008150,21974722,0.17650,3041.84594700,0
1506008149,21974720,0.17650,1672.02169000,0
1506008148,21974713,0.17650,3041.73652194,0
1506008146,21974700,0.17650,3500.00000000,0
1506008145,21974698,0.17650,6583.37436300,0
1506008145,21974692,0.17650,19640.41898600,0
1506008144,21974690,0.17650,7721.31392500,0
1506008141,21974685,0.17650,1072.24000000,0
1506008141,21974684,0.17650,25214.28184322,0
1506008139,21974679,0.17650,8838.64512200,0
1506008139,21974678,0.17649,1058.35487800,0
1506008139,21974676,0.17649,649.10321200,0
1506008138,21974674,0.17649,2500.00000000,1
1506008128,21974585,0.17650,4939.03990000,0
1506008128,21974583,0.17649,4998.96010000,0
1506008089,21974482,0.17689,528.00000000,0
1506008052,21974402,0.17748,2501.01583277,0
1506008050,21974400,0.17617,1207.71207238,1
1506008050,21974399,0.17627,10000.00000000,1
1506008050,21974398,0.17628,5589.40155000,1
1506008050,21974396,0.17631,3141.91350000,1
1506008035,21974336,0.17762,185.34500619,0
1506008035,21974335,0.17762,1331.00000000,0
1506008017,21974263,0.17767,3500.00000000,0
1506007998,21974220,0.17719,1474.00000000,1
1506007998,21974219,0.17784,518.78092667,0
1506007983,21974164,0.17719,1816.49723586,0
1506007981,21974152,0.17627,80.24046414,0
1506007980,21974151,0.17545,11082.73466707,0
1506007980,21974148,0.17545,565.30320000,0
1506007979,21974144,0.17560,600.00000000,1
1506007979,21974142,0.17567,5000.00000000,1
1506007979,21974141,0.17567,2500.00000000,0
1506007979,21974140,0.17580,600.00000000,1
1506007978,21974139,0.17583,40.78550000,1
1506007978,21974138,0.17583,13732.52619500,0
1506007978,21974137,0.17600,600.00000000,1
1506007978,21974136,0.17600,20190.97198145,1
1506007978,21974135,0.17607,247.51717848,1
1506007976,21974134,0.17610,1622.71840000,1
1506007943,21974064,0.17627,248.06245259,1
1506007928,21974049,0.17600,63334.84173373,1
1506007928,21974047,0.17610,4999.00000000,1
1506007928,21974046,0.17647,248.60814627,1
1506007927,21974038,0.17650,31417.55012000,1
1506007912,21973992,0.17650,44582.44988000,1
1506007912,21973990,0.17651,912.70223000,1
1506007912,21973989,0.17653,4564.04175000,1
1506007911,21973985,0.17654,17940.80614000,1
1506007904,21973977,0.17700,2511.51900000,1
1506007884,21973941,0.17788,2426.00000000,1
1506007876,21973916,0.17700,488.48100000,1
1506007864,21973866,0.17791,373.00000000,0
1506007808,21973799,0.17798,1049.00000000,0
1506007804,21973782,0.17702,1522.59887000,1
1506007802,21973762,0.17799,4878.62284148,0
1506007802,21973761,0.17797,4928.02094000,0
1506007802,21973760,0.17795,17825.66563000,0
1506007772,21973711,0.17800,695.00000000,0
1506007763,21973683,0.17702,3803.73871900,1
1506007763,21973682,0.17702,1719.69689900,1
1506007763,21973681,0.17702,1188.01034200,1
1506007763,21973680,0.17703,9889.55274400,1
1506007762,21973676,0.17703,7759.20543600,1
1506007741,21973593,0.17835,3191.00000000,0
1506007705,21973500,0.17800,3719.92124536,1
1506007705,21973499,0.17800,2765.70299000,1
1506007704,21973497,0.17800,862.30725464,1
1506007703,21973492,0.17800,2636.06851000,1
1506007698,21973479,0.17790,2672.00000000,0
1506007683,21973451,0.17791,814.00000000,0
1506007671,21973414,0.17710,913.84410000,1
1506007670,21973413,0.17711,1487.93250000,1
1506007669,21973409,0.17711,198.00000000,1
1506007657,21973337,0.17790,787.05577985,1
1506007656,21973334,0.17790,1502.96033600,1
1506007655,21973326,0.17790,576.72066396,1
1506007650,21973304,0.17794,9966.00000000,0
1506007637,21973229,0.17840,17821.94992113,0
1506007637,21973228,0.17827,248.60814627,0
1506007636,21973227,0.17807,248.06245259,0
1506007636,21973223,0.17796,499.40452000,0
1506007636,21973222,0.17796,2497.02260000,0
1506007635,21973218,0.17700,35467.50948130,0
1506007635,21973217,0.17700,3500.00000000,0
1506007618,21973124,0.17700,2578.00000000,0
1506007613,21973093,0.17700,2913.00000000,0
1506007612,21973092,0.17700,2774.00000000,0
1506007602,21973022,0.17700,2141.11863700,0
1506007602,21973021,0.17700,27873.70520100,0
1506007601,21973011,0.17700,9382.41719200,0
1506007600,21973006,0.17700,3072.75371000,0
1506007599,21973000,0.17700,3271.15543000,0
1506007598,21972991,0.17700,8447.07813400,0
1506007597,21972986,0.17699,617.88480526,1
1506007597,21972982,0.17700,21514.08078000,0
1506007595,21972974,0.17700,507.21400000,0
1506007594,21972965,0.17700,1396.25000000,0
1506007594,21972964,0.17700,6076.42847800,0
1506007591,21972954,0.17700,2400.00000000,0
1506007591,21972948,0.17698,972.71433000,0
1506007589,21972933,0.17700,18071.88278300,0
1506007589,21972932,0.17700,2141.11863700,0
1506007588,21972928,0.17700,3676.62301800,0
1506007588,21972927,0.17699,814.31708000,0
1506007588,21972923,0.17699,1396.25000000,0
1506007586,21972899,0.17699,1396.25000000,0
1506007585,21972885,0.17698,4687.46678100,0
1506007584,21972878,0.17698,970.76700000,0
1506007578,21972822,0.17699,976.97900000,0
1506007565,21972708,0.17699,2599.20000000,1
1506007564,21972694,0.17604,9209.06054525,1
1506007564,21972692,0.17627,248.06245259,1
1506007564,21972690,0.17647,899.96824045,1
1506007564,21972689,0.17647,898.88397932,1
1506007564,21972684,0.17648,2500.00000000,1
1506007563,21972678,0.17700,11100.00000000,0
1506007562,21972675,0.17700,13302.23226500,0
1506007562,21972674,0.17699,3013.45711000,0
1506007562,21972667,0.17699,1378.00000000,0
1506007556,21972635,0.17700,2554.38263500,0
1506007555,21972623,0.17700,8539.08990950,0
1506007555,21972622,0.17699,2186.38511250,0
1506007554,21972617,0.17699,2619.88752750,0
1506007554,21972615,0.17687,6165.19412050,0
1506007550,21972587,0.17600,132607.65248936,1
1506007550,21972584,0.17600,1676.14005681,1
1506007550,21972583,0.17600,29.00000000,1
1506007550,21972580,0.17600,136294.96633522,1
1506007550,21972577,0.17600,50.00000000,1
1506007549,21972573,0.17600,14615.37852000,0
1506007549,21972571,0.17600,11321.68520000,0
1506007549,21972569,0.17600,16306.48945900,0
1506007549,21972561,0.17601,11232.85600000,1
1506007549,21972557,0.17610,5000.00000000,1
1506007549,21972556,0.17610,40.00000000,1
1506007548,21972554,0.17610,19216.56429800,0
1506007548,21972552,0.17610,20012.73300000,0
1506007548,21972551,0.17610,1421.75127500,0
1506007548,21972550,0.17610,4558.00000000,0
1506007548,21972547,0.17620,600.00000000,1
1506007548,21972546,0.17620,35.00000000,1
1506007547,21972542,0.17623,10579.21052034,1
1506007547,21972541,0.17625,1394.58970000,1
1506007547,21972537,0.17627,12759.37500000,1
1506007545,21972528,0.17647,248.60814627,1
1506007545,21972527,0.17687,1552.54000000,0
1506007542,21972509,0.17687,5000.00000000,0
1506007538,21972497,0.17687,1550.52756262,0
1506007532,21972460,0.17687,898.39655154,0
1506007520,21972383,0.17687,2000.00000000,0
1506007513,21972353,0.17687,18000.00000000,0
1506007499,21972281,0.17700,4531.95407000,0
1506007499,21972280,0.17699,4853.37338000,0
1506007499,21972279,0.17698,17821.67255000,0
1506007490,21972211,0.17624,3550.84549590,1
1506007489,21972208,0.17629,1398.90900000,1
1506007489,21972204,0.17640,600.00000000,1
1506007489,21972200,0.17643,566.79510231,1
1506007487,21972191,0.17650,3034.29589800,1
1506007487,21972188,0.17667,249.15450379,1
1506007483,21972147,0.17650,1965.70410200,1
1506007483,21972146,0.17660,600.00000000,1
1506007481,21972127,0.17661,5000.00000000,1
1506007481,21972126,0.17661,500.00000000,1
1506007481,21972125,0.17664,94.56286000,1
1506007481,21972122,0.17665,2303.00000000,1
1506007479,21972114,0.17680,600.00000000,1
1506007479,21972113,0.17687,249.70126572,1
1506007463,21972052,0.17699,2474.00000000,0
1506007462,21972035,0.17699,217.59932203,0
1506007461,21972033,0.17699,91.53059000,1
1506007453,21972006,0.17700,600.00000000,1
1506007453,21972005,0.17700,5000.00000000,1
1506007453,21972004,0.17700,300.00000000,1
1506007453,21972002,0.17700,180.52614689,1
1506007453,21972001,0.17701,781.01222000,1
1506007452,21972000,0.17707,250.24867531,1
1506007452,21971999,0.17710,35.00000000,1
1506007452,21971998,0.17710,40.00000000,1
1506007452,21971996,0.17712,40.48850000,1
1506007452,21971995,0.17720,600.00000000,1
1506007452,21971994,0.17720,35.00000000,1
1506007452,21971992,0.17721,537.73009700,1
1506007438,21971952,0.17721,570.84758300,1
1506007435,21971939,0.17721,622.12643000,1
1506007435,21971938,0.17725,84.91561000,1
1506007435,21971936,0.17727,250.79672400,1
1506007435,21971934,0.17740,633.31174400,1
1506007429,21971921,0.17740,366.68825600,1
1506007429,21971920,0.17740,600.00000000,1
1506007419,21971880,0.17742,4893.47230200,1
1506007418,21971877,0.17741,9005.53632511,1
1506007418,21971874,0.17747,251.34540328,1
1506007417,21971872,0.17750,3811.24907161,1
1506007414,21971856,0.17750,1600.00000000,1
1506007414,21971850,0.17750,491.00000000,1
1506007410,21971826,0.17750,4097.75092839,1
1506007410,21971824,0.17760,600.00000000,1
1506007410,21971821,0.17767,251.89445629,1
1506007410,21971818,0.17779,83.27244000,1
1506007409,21971817,0.17779,1045.27956132,1
1506007402,21971745,0.17779,851.89445600,1
1506007401,21971738,0.17779,1682.33619149,1
1506007401,21971737,0.17780,187.21025151,1
1506007401,21971734,0.17780,1974.30431400,1
1506007397,21971699,0.17780,1118.18821000,1
1506007397,21971692,0.17780,981.15772400,1
1506007396,21971682,0.17780,76.97400000,1
1506007396,21971681,0.17780,76.97400000,1
1506007396,21971680,0.17780,999.45142900,1
1506007396,21971675,0.17780,77.15270000,1
1506007390,21971601,0.17780,20.45467577,1
1506007389,21971600,0.17787,69.20272423,1
1506007389,21971599,0.17787,89.58870000,1
1506007389,21971598,0.17787,93.65270000,1
1506007374,21971520,0.17807,252.99439882,1
1506007358,21971418,0.17779,2699.18325119,1
1506007358,21971417,0.17780,600.00000000,1
1506007358,21971416,0.17780,56.42000000,1
1506007358,21971415,0.17782,32.60891581,1
1506007357,21971411,0.17782,4267.39108419,1
1506007357,21971410,0.17790,2409.97278381,1
1506007356,21971405,0.17790,1428.01283900,1
1506007354,21971400,0.17790,1162.01437719,1
1506007354,21971398,0.17800,135.00000000,1
1506007354,21971396,0.17827,253.54527181,1
1506007342,21971362,0.17847,194.21746329,1
1506007339,21971352,0.17847,59.87951800,1
1506007326,21971274,0.17876,3500.00000000,0
1506007325,21971264,0.17998,289.95167931,0
1506007325,21971262,0.17997,701.69181000,0
1506007325,21971260,0.17890,35720.16172014,0
1506007324,21971259,0.17889,3508.45904000,0
1506007316,21971213,0.17791,1529.54186300,1
1506007315,21971211,0.17791,1612.27741919,1
1506007315,21971210,0.17867,0.00000181,1
1506007307,21971164,0.17883,3500.00000000,0
1506007293,21971111,0.17883,20000.00000000,0
1506007290,21971108,0.17867,254.64927000,1
1506007288,21971084,0.17883,3500.00000000,0
1506007281,21971060,0.17885,255.20164505,0
1506007274,21971048,0.17886,255.75360713,0
1506007271,21971045,0.17782,286.59616000,1
1506007267,21971035,0.17887,256.30491264,0
1506007266,21971027,0.17888,3500.00000000,0
1506007259,21971009,0.17888,256.85580536,0
1506007254,21970999,0.17889,257.95021737,1
1506007252,21970991,0.17890,162.43223888,0
1506007251,21970990,0.17890,257.40604098,0
1506007246,21970983,0.17889,2955.04978263,0
1506007244,21970977,0.17889,257.95537737,0
1506007237,21970962,0.17888,258.50405833,0
1506007230,21970943,0.17887,259.05208417,0
1506007224,21970927,0.17889,259.59945519,0
1506007212,21970886,0.17800,1500.00000000,1
1506007212,21970879,0.17999,1165.56689516,0
1506007209,21970867,0.18000,1165.56689516,1
1506007209,21970865,0.17999,370.71727000,0
1506007209,21970863,0.17910,3897.05384000,0
1506007209,21970860,0.17902,1853.58634000,0
1506007209,21970857,0.17901,17687.77751000,0
1506007209,21970854,0.17826,1452.00000000,0
1506007209,21970853,0.17825,2239.84133372,0
1506007208,21970848,0.17825,260.15866628,0
1506007191,21970774,0.17910,27618.94616000,0
1506007191,21970773,0.17901,457.67564000,0
1506007190,21970772,0.17901,2288.37820000,0
1506007190,21970771,0.17800,9500.00000000,0
1506007189,21970766,0.17800,3500.00000000,0
1506007169,21970712,0.17800,3500.00000000,0
1506007151,21970651,0.17800,3500.00000000,0
1506007139,21970621,0.17799,1152.86682000,1
1506007139,21970620,0.17799,2847.13318000,1
1506007139,21970619,0.17800,600.00000000,1
1506007139,21970615,0.17800,1465.83834700,1
1506007138,21970610,0.17800,2386.56910000,1
1506007138,21970609,0.17801,1613.43090000,1
1506007130,21970561,0.17930,1831.00000000,0
1506007120,21970530,0.17800,1005.34521000,1
1506007113,21970497,0.17800,128.41485200,1
1506007113,21970496,0.17801,1066.34298000,1
1506007113,21970492,0.17802,638.45494000,1
1506007111,21970481,0.17953,632.00000000,0
1506007095,21970380,0.17800,13.83249100,1
1506007095,21970378,0.17800,450.00000000,1
1506007095,21970377,0.17800,2915.00000000,1
1506007095,21970376,0.17800,1073.57495600,1
1506007095,21970375,0.17800,2166.78722800,1
1506007093,21970365,0.17800,1759.63781600,1
1506007093,21970364,0.17800,300.00000000,1
1506007093,21970362,0.17801,2994.62290000,1
1506007093,21970359,0.17802,758.97000000,1
1506007093,21970358,0.17812,151.70283000,1
1506007081,21970266,0.17801,4972.02401900,0
1506007079,21970251,0.17801,16.59911891,1
1506007079,21970249,0.17801,2105.00000000,1
1506007079,21970246,0.17802,983.77647000,1
1506007079,21970244,0.17810,12.53520009,1
1506007078,21970242,0.17811,196.61583000,1
1506007060,21970115,0.17810,22.46479991,1
1506007060,21970113,0.17810,35.00000000,1
1506007060,21970112,0.17820,600.00000000,1
1506007060,21970111,0.17820,35.00000000,1
1506007059,21970109,0.17821,247.88215000,1
1506007059,21970108,0.17840,600.00000000,1
1506007059,21970107,0.17841,40.19570000,1
1506007059,21970105,0.17850,207.47854109,1
1506007058,21970095,0.17989,7909.00000000,0
1506007050,21970049,0.17850,1184.56374000,1
1506007050,21970048,0.17850,16036.94625891,1
1506007050,21970046,0.17851,3733.89374109,1
1506007050,21970045,0.17851,1734.30625891,1
1506007050,21970042,0.17851,1368.72381000,1
1506007050,21970041,0.17852,896.96993109,1
1506007050,21970040,0.17852,713.27105891,1
1506007050,21970039,0.17901,1461.72894109,1
1506007043,21970002,0.17901,2038.27105891,1
1506007037,21969974,0.17996,9162.49613789,0
1506007037,21969972,0.17950,2266.40029000,0
1506007037,21969971,0.17949,453.28006000,0
1506007037,21969970,0.17947,1370.54800000,0
1506007037,21969969,0.17902,15640.85426597,0
1506007036,21969967,0.17901,3734.78100000,0
1506007036,21969965,0.17850,841.52424600,1
1506007035,21969960,0.17901,9977.00000000,0
1506007035,21969953,0.17850,950.48721400,1
1506007026,21969925,0.17851,12166.60701000,1
1506007022,21969911,0.17860,600.00000000,1
1506007021,21969909,0.17878,90.61416000,1
1506007021,21969907,0.17880,600.00000000,1
1506007021,21969906,0.17900,3739.57954108,1
1506007021,21969904,0.17901,5000.00000000,1
1506007021,21969902,0.17902,4404.17842000,1
1506007021,21969900,0.17902,1595.82158000,1
1506007019,21969891,0.17902,2000.00000000,1
1506007007,21969848,0.17953,1000.00000000,0
1506007007,21969847,0.17952,2500.00000000,0
1506006987,21969778,0.17958,1234.00000000,0
1506006968,21969650,0.17900,33131.42045892,1
1506006968,21969648,0.17900,1636.34519000,1
1506006968,21969647,0.17900,600.00000000,1
1506006968,21969645,0.17900,1302.04399441,1
1506006968,21969643,0.17900,12253.82985667,1
1506006968,21969641,0.17900,38557.57498800,1
1506006968,21969639,0.17900,2265.90505900,1
1506006966,21969626,0.17900,587.91545062,1
1506006966,21969624,0.17901,1575.74935338,1
1506006959,21969600,0.17901,4048.17052600,1
1506006957,21969596,0.17965,736.00000000,0
1506006954,21969584,0.17901,375.91473668,1
1506006954,21969582,0.17902,1200.00000032,1
1506006942,21969551,0.17902,1999.99999968,1
1506006942,21969550,0.17961,0.00000032,1
1506006938,21969533,0.17970,3500.00000000,0
1506006889,21969446,0.17988,554.44388900,0
1506006862,21969437,0.17970,3000.00000000,0
1506006861,21969434,0.17961,3026.37163400,1
1506006845,21969423,0.17961,90.00013600,1
1506006824,21969399,0.17961,1440.44670000,1
1506006824,21969398,0.17961,1439.83450000,1
1506006782,21969377,0.17975,1273.87610570,0
1506006780,21969375,0.17973,2500.00000000,0
1506006769,21969361,0.17960,15000.00000000,1
1506006758,21969348,0.17975,1300.92979516,0
1506006733,21969292,0.18000,111.97120900,1
1506006724,21969255,0.18000,604.00000000,0
1506006704,21969242,0.17999,2500.00000000,0
1506006674,21969189,0.17998,1170.00000000,0
1506006654,21969138,0.18000,798.00000000,0
1506006649,21969124,0.17997,2500.00000000,0
1506006633,21969115,0.17995,2145.00000000,0
1506006615,21969098,0.17991,2955.00000000,1
1506006603,21969084,0.18094,66.15019100,0
1506006598,21969072,0.17999,2500.00000000,0
1506006596,21969068,0.17991,2032.53953600,1
1506006582,21969011,0.17991,2284.20344000,1
1506006581,21969008,0.17991,670.79656000,1
1506006574,21968996,0.18052,518.00000000,0
1506006519,21968939,0.18000,2510.90100416,0
1506006519,21968938,0.18000,903.04239984,0
1506006496,21968913,0.18000,2688.00000000,0
1506006476,21968892,0.18000,3722.00000000,0
1506006462,21968885,0.17991,1130.00000000,1
1506006459,21968884,0.18000,2686.95760016,0
1506006397,21968835,0.18100,2137.75761000,1
1506006396,21968833,0.18100,2321.01927000,1
1506006396,21968832,0.18061,464.20385000,0
1506006395,21968831,0.18061,2321.01927000,0
1506006384,21968825,0.18000,2087.00000000,1
1506006346,21968800,0.18000,10000.00000000,1
1506006297,21968707,0.18078,5762.00000000,0
1506006264,21968679,0.18066,2500.00000000,0
1506006263,21968678,0.18000,3500.00000000,1
1506006250,21968671,0.18000,3599.95760016,0
1506006244,21968668,0.18000,3500.00000000,0
1506006237,21968659,0.18110,536.99807008,0
1506006237,21968658,0.18100,7000.00000000,0
1506006237,21968657,0.18069,573.09118000,0
1506006237,21968656,0.18069,2865.45589000,0
1506006237,21968655,0.18000,5472.04340442,0
1506006237,21968654,0.17999,6203.49700000,0
1506006189,21968504,0.17993,1675.00000000,1
1506006185,21968496,0.17911,8000.00000000,1
1506006180,21968491,0.17998,722.00000000,0
1506006168,21968465,0.17987,1334.00000000,0
1506006161,21968438,0.17987,97.00000000,0
1506006149,21968413,0.17992,3500.00000000,0
1506006135,21968346,0.17998,800.86481831,0
1506006125,21968335,0.17989,3678.00000000,0
1506006120,21968329,0.17991,1302.00000000,0
1506006101,21968278,0.17989,384.00000000,0
1506006047,21968204,0.17992,513.17038700,0
1506006022,21968162,0.17947,1452.00000000,0
1506006020,21968154,0.17901,1105.28618000,1
1506005996,21968029,0.17998,4371.00000000,0
1506005996,21968028,0.17996,2500.00000000,0
1506005989,21968012,0.17996,337.00000000,1
1506005958,21967969,0.17900,3231.28587210,1
1506005956,21967966,0.17901,1042.99382000,1
1506005956,21967965,0.17901,894.14637000,1
1506005953,21967952,0.17984,530.00000000,0
1506005928,21967917,0.17995,488.00000000,0
1506005916,21967912,0.17999,6740.26949400,0
1506005896,21967879,0.17900,6103.48877361,1
1506005896,21967878,0.17900,300.00000000,1
1506005896,21967876,0.17900,1000.00000000,1
1506005895,21967875,0.17901,1009.26620000,0
1506005895,21967873,0.17902,8367.00000000,1
1506005895,21967871,0.17903,17442.67084000,0
1506005895,21967869,0.17907,1493.13775000,1
1506005894,21967868,0.17915,93.23898000,1
1506005894,21967866,0.17917,201.63361000,1
1506005894,21967865,0.17920,600.00000000,1
1506005894,21967864,0.17940,600.00000000,1
1506005893,21967862,0.17950,251.21060639,1
1506005893,21967860,0.17960,600.00000000,1
1506005893,21967859,0.17977,84.35324000,1
1506005891,21967854,0.17980,600.00000000,1
1506005886,21967841,0.18019,530.00000000,0
1506005848,21967685,0.18100,700.87482379,1
1506005844,21967654,0.18100,2500.00000000,1
1506005843,21967652,0.18100,111.29674555,1
1506005843,21967650,0.18100,1669.45118325,1
1506005843,21967645,0.18100,173.13764490,1
1506005842,21967642,0.18010,3360.04177000,0
1506005840,21967632,0.18110,6367.12848283,0
1506005840,21967631,0.18076,3360.04177000,0
1506005840,21967630,0.18011,30393.60894297,0
1506005837,21967602,0.18000,6740.26949400,0
1506005828,21967516,0.18077,417.21336000,0
1506005828,21967515,0.18076,2500.00000000,0
1506005828,21967514,0.18075,8349.78664000,0
1506005826,21967495,0.17999,2309.24540275,0
1506005826,21967494,0.17999,2215.63355900,0
1506005826,21967491,0.17983,8307.33475700,1
1506005816,21967382,0.18081,4448.16035000,0
1506005816,21967381,0.18080,829.63994000,0
1506005816,21967379,0.18080,4148.19971000,0
1506005805,21967304,0.18000,2500.00000000,0
1506005795,21967245,0.17997,100.00000000,0
1506005794,21967242,0.18000,8575.07863841,1
1506005794,21967240,0.18000,30.00000000,1
1506005794,21967238,0.18000,2968.84282013,1
1506005794,21967236,0.18000,4473.51041146,1
1506005788,21967194,0.18020,5000.00000000,1
1506005787,21967189,0.18086,12401.00000000,0
1506005787,21967188,0.18085,2500.00000000,0
1506005782,21967159,0.18086,316.00000000,0
1506005748,21967059,0.18011,1530.02483866,1
1506005743,21967056,0.18113,1054.00000000,0
1506005713,21966945,0.18021,2967.91224500,1
1506005712,21966943,0.18137,1951.70094282,0
1506005688,21966806,0.18145,3260.59790633,0
1506005609,21966746,0.18188,4.23768561,0
1506005609,21966745,0.18188,2500.00000000,1
1506005607,21966744,0.18186,2497.22687000,0
1506005603,21966741,0.18161,2500.00000000,1
1506005594,21966738,0.18165,10000.00000000,1
1506005477,21966641,0.18226,1663.70820267,1
1506005474,21966638,0.18226,418.69741000,0
1506005453,21966611,0.18136,3500.00000000,1
1506005448,21966604,0.18134,3493.00000000,0
1506005445,21966599,0.18027,7000.00000000,1
1506005444,21966597,0.18138,13188.60472000,0
1506005435,21966565,0.18000,297.12269580,0
1506005435,21966560,0.18000,10302.83490436,1
1506005434,21966556,0.18000,2850.75740164,0
1506005434,21966552,0.18000,127.37746442,0
1506005434,21966550,0.18000,43.45744000,0
1506005433,21966549,0.18000,10132.00000000,0
1506005433,21966546,0.18000,216.88382000,0
1506005432,21966544,0.18000,10599.95760016,0
1506005432,21966543,0.18000,1372.54350000,1
1506005432,21966542,0.18000,5454.38541666,1
1506005432,21966541,0.18000,7395.56091000,1
1506005432,21966540,0.18000,600.00000000,1
1506005431,21966539,0.18000,542.83273322,1
1506005431,21966537,0.18000,7482.92711402,1
1506005431,21966536,0.18000,5075.97490000,1
1506005431,21966535,0.18000,500.00000000,1
1506005431,21966534,0.18000,27.80000000,1
1506005431,21966532,0.18000,1320.62716930,1
1506005431,21966529,0.18001,1800.00000000,1
1506005431,21966528,0.18002,4000.00000000,1
1506005431,21966526,0.18020,600.00000000,1
1506005430,21966524,0.18040,600.00000000,1
1506005430,21966522,0.18043,47.47120000,1
1506005430,21966520,0.18051,200.00000000,1
1506005430,21966519,0.18060,600.00000000,1
1506005430,21966518,0.18075,33070.64315352,1
1506005430,21966516,0.18076,236.93499000,1
1506005430,21966514,0.18080,600.00000000,1
1506005430,21966513,0.18100,600.00000000,1
1506005430,21966512,0.18100,23901.86518706,1
1506005412,21966483,0.18100,830.97801700,1
1506005392,21966431,0.18100,847.94875100,1
1506005388,21966423,0.18100,2043.20804494,1
1506005388,21966422,0.18108,274.35105006,1
1506005387,21966421,0.18115,554.00000000,0
1506005387,21966418,0.18115,1214.64090500,1
1506005381,21966390,0.18115,1500.00000000,1
1506005381,21966388,0.18115,5272.03212400,1
1506005381,21966386,0.18115,4197.06192500,1
1506005377,21966379,0.18115,304.15018700,1
1506005359,21966363,0.18168,562.00000000,0
1506005359,21966362,0.18115,214.91510800,1
1506005343,21966349,0.18115,33862.03026200,1
1506005338,21966338,0.18115,4661.74671100,1
1506005329,21966317,0.18115,10652.40317600,1
1506005315,21966270,0.18115,124.96070300,1
1506005315,21966269,0.18116,390.29975000,1
1506005312,21966256,0.18115,5624.58397700,1
1506005310,21966251,0.18115,9950.90688200,1
