date,tid,price,amount,type
1505952032,21939380,3274.33,0.06440525,0
1505951999,21939345,3274.39,0.05190631,0
1505951989,21939341,3274.37,0.01000000,0
1505951914,21939293,3274.39,0.06479374,0
1505951823,21938931,3274.39,0.00889470,0
1505951768,21938893,3260.21,0.62272704,1
1505951767,21938889,3260.10,0.42110946,1
1505951767,21938887,3260.21,0.20000000,1
1505951765,21938885,3260.20,0.62234420,1
1505951764,21938882,3260.01,0.23966599,1
1505951764,21938880,3260.10,0.30000000,1
1505951764,21938878,3260.11,0.05673994,1
1505951764,21938876,3260.13,0.01891040,1
1505951763,21938875,3261.41,0.00764393,1
1505951722,21938781,3274.39,0.05574386,0
1505951722,21938779,3274.36,0.13111829,0
1505951721,21938776,3261.47,0.86853429,1
1505951715,21938742,3261.44,0.18779231,0
1505951712,21938726,3261.53,0.68074214,1
1505951702,21938681,3267.94,0.01263181,1
1505951688,21938645,3267.94,0.06337922,1
1505951688,21938644,3269.00,0.02884420,1
1505951683,21938624,3274.26,0.00326830,1
1505951663,21938575,3274.39,0.02858475,0
1505951646,21938552,3269.00,0.00063665,0
1505951644,21938546,3269.00,0.48336335,1
1505951644,21938545,3271.00,0.28600000,1
1505951635,21938528,3274.42,0.16996171,1
1505951633,21938527,3275.45,0.00169744,0
1505951632,21938525,3275.45,0.00169744,1
1505951631,21938521,3277.79,0.19321084,1
1505951626,21938518,3277.79,0.00339489,0
1505951624,21938515,3277.82,0.00678977,1
1505951524,21938451,3292.30,0.00499651,0
1505951459,21938440,3290.00,0.05378115,1
1505951458,21938436,3290.00,0.09621885,1
1505951445,21938434,3292.90,0.02681898,0
1505951407,21938426,3290.27,0.01000000,0
1505951331,21938400,3280.00,0.01348517,0
1505951331,21938397,3280.00,0.10446306,1
1505951325,21938383,3286.95,0.29531187,0
1505951324,21938382,3280.00,0.03151720,1
1505951267,21938372,3291.55,0.03025942,0
1505951220,21938349,3295.12,0.01000000,0
1505951218,21938348,3295.09,0.10319597,1
1505951216,21938347,3287.25,0.20000000,0
1505951159,21938338,3285.85,0.01323960,0
1505951144,21938325,3285.85,0.01468403,0
1505951144,21938324,3284.88,0.00656597,0
1505951139,21938322,3284.88,0.06578626,0
1505951135,21938316,3284.88,0.07832249,0
1505951134,21938315,3284.88,0.08614000,0
1505950982,21938241,3283.94,0.05204468,0
1505950887,21938202,3284.88,0.01000000,0
1505950867,21938196,3283.40,0.09900000,0
1505950840,21938179,3283.95,0.30335569,0
1505950784,21938086,3284.88,0.01706471,1
1505950780,21938082,3284.87,0.10988571,0
1505950780,21938081,3284.87,0.24691345,0
1505950778,21938080,3284.88,0.13808589,0
1505950767,21938072,3269.00,0.58663665,1
1505950766,21938070,3270.00,0.10000000,1
1505950766,21938069,3270.00,0.30504587,1
1505950766,21938068,3270.11,0.03412943,1
1505950766,21938067,3270.11,0.63200000,1
1505950765,21938066,3271.00,0.88676505,1
1505950745,21938048,3285.28,0.05350182,0
1505950692,21937993,3271.10,0.29912008,1
1505950664,21937975,3271.14,0.04000000,1
1505950655,21937970,3287.12,0.30000000,0
1505950639,21937966,3271.01,0.03038240,1
1505950639,21937965,3271.11,0.01494886,1
1505950557,21937897,3271.00,3.74776959,1
1505950556,21937896,3271.86,0.06000000,1
1505950556,21937895,3272.00,0.14665037,1
1505950556,21937894,3272.08,0.30512632,1
1505950556,21937893,3272.44,0.02469000,1
1505950556,21937891,3275.00,1.00000000,1
1505950556,21937890,3275.00,2.13270533,1
1505950556,21937888,3275.00,0.44910000,1
1505950556,21937887,3275.01,0.23000000,1
1505950555,21937886,3275.02,1.00617990,1
1505950555,21937884,3275.03,0.40177438,1
1505950555,21937882,3276.37,0.01352933,1
1505950555,21937881,3278.39,0.01521174,1
1505950555,21937879,3278.40,0.02516832,1
1505950555,21937878,3278.73,0.02989772,1
1505950555,21937877,3278.73,0.01199700,1
1505950555,21937876,3279.00,0.40020000,1
1505950464,21937719,3278.73,0.20116051,0
1505950464,21937718,3278.73,0.20000000,1
1505950445,21937670,3293.42,0.00005706,0
1505950445,21937668,3284.24,0.08145554,0
1505950435,21937652,3293.40,0.17803953,0
1505950420,21937617,3284.23,0.01912503,0
1505950420,21937616,3284.17,0.10000000,0
1505950419,21937609,3283.81,0.30243000,0
1505950417,21937601,3283.82,0.30000000,0
1505950417,21937600,3284.17,0.09999461,1
1505950411,21937568,3284.17,0.06808524,0
1505950407,21937551,3284.17,0.28533000,0
1505950407,21937549,3284.16,0.01710000,0
1505950404,21937531,3293.79,0.13827387,0
1505950404,21937530,3293.79,0.18138857,0
1505950403,21937529,3293.77,0.09794401,0
1505950403,21937527,3286.39,0.30000000,0
1505950398,21937517,3293.77,0.03305924,0
1505950394,21937500,3293.99,0.14600000,0
1505950394,21937495,3280.00,0.40000000,0
1505950391,21937469,3280.00,0.63850000,1
1505950390,21937467,3280.00,0.04079000,1
1505950390,21937465,3280.00,0.05000000,1
1505950390,21937463,3280.00,0.05359433,1
1505950389,21937461,3281.00,0.72897829,1
1505950389,21937458,3281.00,0.21300000,1
1505950389,21937453,3282.00,0.03042648,1
1505950388,21937451,3285.00,0.00500000,1
1505950388,21937449,3285.10,0.07700000,1
1505950384,21937434,3288.88,0.02457000,1
1505950381,21937410,3289.47,0.02305764,1
1505950381,21937409,3289.47,0.10025063,1
1505950380,21937407,3289.47,0.06015038,1
1505950380,21937405,3289.47,0.02005013,1
1505950380,21937402,3289.47,0.09624060,1
1505950380,21937400,3289.47,0.39398496,1
1505950380,21937399,3289.47,0.28070175,1
1505950379,21937398,3290.00,0.51100840,1
1505950379,21937397,3290.00,0.00197017,1
1505950379,21937396,3290.98,0.00302949,1
1505950379,21937395,3290.99,0.47919799,1
1505950379,21937394,3290.99,0.67368421,1
1505950379,21937392,3291.00,0.10000000,1
1505950379,21937391,3291.00,0.44040451,1
1505950374,21937369,3291.00,6.54606166,1
1505950374,21937367,3291.00,1.39248120,1
1505950374,21937366,3291.00,2.55037594,1
1505950373,21937365,3291.00,0.87518797,1
1505950373,21937364,3291.00,1.64411028,1
1505950373,21937363,3291.00,18.49178295,1
1505950371,21937357,3291.00,0.83460761,1
1505950370,21937355,3291.01,0.32000000,1
1505950370,21937354,3291.01,0.21270066,1
1505950370,21937348,3291.02,0.03030672,1
1505950370,21937345,3291.11,0.01710000,1
1505950369,21937343,3291.71,0.05528501,1
1505950369,21937340,3292.00,0.05000000,1
1505950365,21937333,3293.90,0.00620541,1
1505950365,21937331,3294.00,0.03670000,1
1505950339,21937312,3298.89,0.21431726,1
1505950338,21937311,3299.17,0.45389901,1
1505950338,21937310,3299.18,0.75586964,1
1505950334,21937305,3299.80,0.01924662,1
1505950334,21937304,3300.00,0.00500000,1
1505950334,21937303,3300.00,0.02000000,1
1505950334,21937302,3300.00,0.09000000,1
1505950334,21937301,3300.00,0.08000000,1
1505950334,21937300,3300.00,0.10000000,1
1505950333,21937299,3300.00,1.99261741,1
1505950323,21937288,3300.00,0.03000000,1
1505950323,21937287,3300.00,0.03000000,1
1505950323,21937286,3300.00,0.03000000,1
1505950323,21937285,3300.00,0.03000000,1
1505950323,21937284,3300.00,0.10439913,1
1505950323,21937283,3300.01,0.97510087,1
1505950320,21937281,3300.00,2.30298346,1
1505950320,21937280,3300.00,0.01460000,1
1505950320,21937279,3300.00,1.51137000,1
1505950320,21937278,3300.00,0.40000000,1
1505950320,21937277,3300.00,0.02000000,1
1505950320,21937276,3300.21,0.61962570,1
1505950270,21937133,3307.00,0.03016329,0
1505950264,21937125,3307.00,0.00846061,0
1505950262,21937121,3307.00,0.00152706,0
1505950176,21937022,3307.00,0.21144093,0
1505950111,21936986,3307.00,0.43733617,0
1505950088,21936935,3307.00,0.14500000,0
1505950086,21936933,3300.11,0.18000000,0
1505950080,21936931,3300.10,0.12152920,1
1505950080,21936930,3303.93,0.05047080,1
1505950078,21936928,3305.10,0.02000000,1
1505950040,21936913,3307.00,0.72955506,0
1505950025,21936910,3307.00,0.02774720,0
1505949922,21936859,3307.00,0.26680400,0
1505949850,21936830,3307.00,1.50000000,0
1505949833,21936804,3307.00,0.92286967,0
1505949812,21936784,3307.00,0.02578020,0
1505949805,21936782,3307.00,0.37491858,0
1505949797,21936772,3307.00,0.22734501,0
1505949796,21936771,3307.00,0.06219000,0
1505949794,21936768,3307.00,0.16514700,0
1505949791,21936764,3307.00,2.00000000,0
1505949788,21936763,3307.00,0.30163047,0
1505949788,21936762,3307.00,1.02044665,0
1505949782,21936748,3307.00,0.14500000,0
1505949777,21936729,3310.63,0.15442982,1
1505949770,21936714,3313.63,0.33017879,1
1505949765,21936702,3320.27,0.00005245,1
1505949759,21936698,3320.27,0.12011849,1
1505949759,21936697,3320.28,0.01100375,1
1505949564,21936629,3320.28,0.05600000,1
1505949463,21936605,3338.03,0.02930147,0
1505949364,21936554,3339.78,0.05869243,0
1505949284,21936508,3341.80,0.00831132,0
1505949266,21936506,3320.60,0.83044381,1
1505949266,21936505,3324.66,0.36000000,1
1505949266,21936504,3324.69,1.00000000,1
1505949266,21936503,3330.00,1.61033738,1
1505949028,21936434,3342.15,0.15238583,0
1505948964,21936421,3342.19,0.01120624,0
1505948824,21936405,3340.00,0.00972141,0
1505948783,21936398,3340.01,0.10229578,0
1505948783,21936397,3340.00,0.19000000,0
1505948742,21936391,3330.00,0.25000000,1
1505948724,21936386,3340.00,0.03017772,0
1505948630,21936356,3330.00,0.02502703,1
1505948624,21936352,3340.49,0.01541900,0
1505948439,21936334,3340.33,0.00299207,0
1505948424,21936325,3342.17,0.03795988,0
1505948403,21936320,3342.16,0.06210086,0
1505948264,21936303,3339.58,0.01030078,0
1505948225,21936292,3339.52,2.57302133,0
1505948225,21936291,3339.51,0.20000000,0
1505948225,21936290,3339.32,0.03425249,0
1505948225,21936289,3339.29,0.17246418,0
1505947903,21936156,3344.41,0.11800251,0
1505947824,21936149,3343.69,0.07490682,0
1505947686,21936091,3339.72,0.02780434,0
1505947648,21936062,3330.00,0.11463559,1
1505947648,21936061,3330.01,0.00007997,1
1505947644,21936056,3330.01,0.19992003,1
1505947611,21936027,3330.04,0.12138171,0
1505947488,21935999,3330.28,0.12543000,1
1505947467,21935995,3344.37,0.00077978,0
1505947467,21935994,3344.37,0.01358078,0
1505947425,21935974,3342.60,0.01451510,0
1505947417,21935972,3342.61,0.02943441,0
1505947403,21935969,3342.59,0.03379865,0
1505947388,21935957,3342.64,0.30000000,1
1505947387,21935954,3342.63,0.20000000,0
1505947291,21935933,3325.69,0.31345101,0
1505947291,21935932,3330.00,0.04999500,1
1505947290,21935931,3330.01,0.19639236,1
1505947146,21935881,3344.38,0.04426647,0
1505947146,21935880,3344.38,0.10000000,0
1505947115,21935877,3344.39,0.03050686,0
1505947115,21935876,3333.47,0.06999314,0
1505947091,21935862,3329.95,0.04099364,1
1505946986,21935850,3344.15,0.04395048,0
1505946787,21935796,3344.40,0.01327227,1
1505946787,21935795,3344.00,0.05000000,0
1505946785,21935794,3343.57,0.07394857,0
1505946780,21935792,3343.55,0.20939140,0
1505946669,21935769,3343.77,0.02983160,0
1505946603,21935762,3343.99,0.00345386,0
1505946563,21935752,3344.39,0.01459621,0
1505946490,21935739,3330.00,0.05000000,0
1505946484,21935734,3344.17,0.05570915,0
1505946425,21935698,3344.41,0.27738226,0
1505946365,21935681,3344.77,0.27735240,0
1505946324,21935670,3344.93,0.01119655,0
1505946306,21935667,3339.85,0.13738600,1
1505946143,21935633,3321.39,0.01258855,1
1505946025,21935620,3323.10,0.04011283,0
1505946020,21935619,3320.44,1.05079702,0
1505945980,21935614,3320.49,0.17490298,1
1505945980,21935613,3320.52,1.00000000,1
1505945928,21935605,3336.35,4.97741492,0
1505945928,21935604,3336.32,0.21000000,0
1505945928,21935603,3336.26,0.99570840,0
1505945928,21935602,3336.25,0.80636922,0
1505945928,21935601,3336.23,0.32590806,0
1505945928,21935600,3326.00,0.00057049,0
1505945926,21935598,3326.00,0.00845392,0
1505945924,21935596,3326.00,0.20000000,0
1505945904,21935591,3341.39,0.00836812,0
1505945885,21935583,3342.46,0.07305498,0
1505945864,21935579,3342.60,0.14675668,0
1505945820,21935572,3343.00,0.00271000,0
1505945806,21935568,3343.07,0.28390625,0
1505945804,21935567,3325.91,0.02509702,1
1505945786,21935566,3325.66,0.06999213,0
1505945728,21935556,3344.22,0.17037403,0
1505945684,21935550,3338.63,0.05100479,0
1505945684,21935549,3338.63,0.01055672,0
1505945683,21935548,3338.56,0.20000000,0
1505945615,21935507,3325.72,0.17870000,1
1505945609,21935505,3325.85,0.03534844,0
1505945592,21935493,3325.85,0.02008007,0
1505945586,21935492,3325.85,2.52250000,0
1505945585,21935491,3325.85,0.01545880,0
1505945575,21935489,3325.90,2.52420000,1
1505945575,21935488,3325.91,0.10486276,1
1505945575,21935487,3325.93,0.00271000,1
1505945575,21935486,3325.96,1.00000000,1
1505945567,21935478,3339.37,0.04416604,0
1505945531,21935468,3339.49,0.00271000,0
1505945527,21935467,3339.51,0.04121823,0
1505945484,21935457,3322.91,0.01026714,1
1505945484,21935456,3325.08,0.05973286,1
1505945445,21935452,3339.83,0.02819208,0
1505945433,21935451,3339.87,0.05973286,0
1505945407,21935442,3339.99,0.01139588,0
1505945407,21935441,3337.52,0.02111344,0
1505945403,21935439,3337.53,0.00155355,0
1505945387,21935435,3339.95,0.26465366,0
1505945387,21935434,3337.61,0.04222687,0
1505945385,21935433,3337.58,0.24096968,0
1505945385,21935432,3330.00,0.05000000,0
1505945382,21935431,3325.20,0.41710000,1
1505945365,21935426,3325.17,0.07502164,1
1505945318,21935418,3338.75,0.05980000,0
1505945267,21935401,3340.00,0.56156860,0
1505945267,21935400,3339.84,0.23000000,0
1505945267,21935399,3339.80,0.08445374,0
1505945242,21935395,3338.47,0.02887901,0
1505945187,21935389,3339.27,0.19465332,0
1505945181,21935388,3339.29,0.02316246,0
1505945177,21935387,3324.80,0.01459206,0
1505945143,21935363,3327.48,1.17624288,0
1505945143,21935362,3325.43,0.11284746,0
1505945124,21935347,3318.10,1.10000000,1
1505945123,21935346,3318.20,8.90000000,1
1505945123,21935345,3318.20,0.15169903,1
1505945105,21935339,3325.43,0.08715254,0
1505945104,21935337,3313.83,0.06635901,1
1505944991,21935287,3310.63,0.02657022,1
1505944921,21935247,3326.45,0.85821923,0
1505944861,21935222,3308.00,0.25279278,0
1505944860,21935221,3308.00,0.03940172,0
1505944860,21935220,3308.00,2.53320000,0
1505944860,21935219,3308.00,2.00000000,0
1505944859,21935218,3308.71,1.00000000,1
1505944859,21935216,3311.71,0.96418130,1
1505944859,21935214,3311.90,2.53170000,1
1505944859,21935213,3312.43,0.46000000,1
1505944859,21935212,3312.43,0.01872420,1
1505944859,21935211,3312.51,0.20000000,1
1505944666,21935132,3327.36,0.01672049,0
1505944654,21935128,3311.80,2.32470749,1
1505944654,21935127,3311.81,0.10000000,1
1505944654,21935126,3313.41,0.01340357,1
1505944654,21935125,3315.00,2.00000000,1
1505944654,21935124,3315.00,0.36189140,1
1505944654,21935123,3316.44,0.99252550,1
1505944653,21935122,3316.51,0.52000000,1
1505944653,21935121,3316.74,0.24123774,1
1505944653,21935120,3316.80,2.53350000,1
1505944653,21935119,3316.83,0.91273430,1
1505944619,21935107,3315.83,0.02470000,0
1505944594,21935101,3327.00,0.11980162,1
1505944590,21935098,3327.48,0.04792816,0
1505944589,21935096,3327.00,1.45131987,0
1505944581,21935095,3327.00,0.03890402,0
1505944493,21935079,3327.00,0.00207995,0
1505944483,21935075,3316.05,0.00241456,1
1505944481,21935073,3316.10,0.00482911,1
1505944480,21935072,3316.10,0.00965821,1
1505944476,21935069,3316.01,0.00737734,1
1505944476,21935068,3316.02,0.01193909,1
1505944474,21935067,3316.04,0.03863285,1
1505944470,21935066,3316.03,0.07726570,1
1505944468,21935065,3316.00,0.15453140,1
1505944438,21935054,3327.44,0.00225234,1
1505944433,21935050,3327.44,0.02500000,1
1505944430,21935046,3327.44,0.04787766,1
1505944403,21935034,3327.47,0.02829061,0
1505944362,21934996,3327.37,0.02228133,0
1505944350,21934995,3327.40,0.05995654,0
1505944325,21934971,3312.23,0.01000000,1
1505944224,21934965,3327.48,0.02889401,0
1505944210,21934957,3327.48,0.02997764,0
1505944166,21934953,3327.48,0.01771670,0
1505944164,21934952,3327.48,0.01403756,0
1505944068,21934881,3327.48,0.06746108,0
1505944063,21934858,3327.48,0.05417195,0
1505944052,21934841,3325.00,0.50000000,1
1505944051,21934840,3325.01,0.33343232,1
1505944035,21934838,3327.48,0.06680062,0
1505944035,21934836,3327.48,0.09934040,0
1505944029,21934834,3327.48,0.30737051,0
1505944022,21934829,3327.48,0.09005849,1
1505944005,21934823,3336.39,0.01844062,0
1505944004,21934821,3327.48,0.03142753,1
1505943987,21934796,3336.40,0.02989749,0
1505943963,21934780,3339.50,0.01137980,0
1505943925,21934776,3339.50,0.03667235,0
1505943924,21934775,3326.81,0.02950000,1
1505943913,21934773,3339.50,0.05893145,0
1505943873,21934767,3339.49,0.02368025,0
1505943864,21934762,3339.50,0.14136282,0
1505943846,21934755,3339.99,0.13738065,0
1505943839,21934749,3339.99,1.83114579,0
1505943839,21934748,3339.98,0.11000000,0
1505943817,21934742,3337.31,1.71742151,0
1505943787,21934733,3339.99,0.02747613,0
1505943784,21934728,3339.99,0.02875588,0
1505943763,21934723,3340.00,0.04894332,0
1505943761,21934722,3340.00,0.00778571,0
1505943761,21934721,3339.99,0.12000000,0
1505943745,21934717,3339.99,0.11227171,0
1505943731,21934712,3340.00,0.00596853,0
1505943731,21934711,3339.99,0.12000000,0
1505943605,21934692,3339.99,0.00837779,0
1505943603,21934690,3339.99,0.00167097,0
1505943548,21934669,3339.98,0.15098602,0
1505943524,21934667,3340.00,0.28965512,0
1505943514,21934664,3340.00,0.30726347,0
1505943514,21934663,3339.98,0.15000000,0
1505943512,21934662,3339.93,0.02310932,0
1505943512,21934661,3339.90,0.11843249,0
1505943502,21934659,3326.44,0.02280951,1
1505943502,21934658,3330.00,0.00500000,1
1505943502,21934657,3331.00,0.00160000,1
1505943501,21934656,3332.00,0.00160000,1
1505943484,21934650,3339.65,0.02795462,0
1505943467,21934642,3339.69,0.05703005,0
1505943387,21934599,3339.99,0.02887985,0
1505943364,21934574,3332.90,0.03137013,1
1505943363,21934573,3332.90,2.44052294,0
1505943363,21934572,3335.00,0.00150000,1
1505943361,21934570,3335.01,0.05797706,1
1505943307,21934550,3340.00,0.64530000,0
1505943285,21934533,3333.64,0.10000000,1
1505943275,21934532,3340.00,1.00000000,0
1505943264,21934529,3340.00,0.01318908,0
1505943254,21934527,3340.00,1.00000000,0
1505943245,21934526,3340.00,0.00150000,0
1505943235,21934522,3339.99,0.07633484,0
1505943186,21934510,3340.00,0.12382113,0
1505943118,21934499,3340.00,0.12543000,0
1505943113,21934498,3340.00,0.00447904,0
1505943044,21934473,3333.23,0.02295118,1
1505943044,21934472,3339.99,0.00150000,1
1505943024,21934455,3340.00,0.01143665,0
1505943024,21934454,3339.99,0.01674800,0
1505943006,21934448,3339.99,0.01438981,0
1505943003,21934447,3339.99,0.00199682,0
1505942951,21934441,3340.00,0.02744400,0
1505942951,21934440,3339.99,0.02255600,0
1505942931,21934438,3340.00,0.14853687,0
1505942931,21934437,3339.99,0.15000000,0
1505942885,21934427,3339.97,0.02903402,0
1505942883,21934425,3340.00,0.01492796,0
1505942861,21934421,3340.00,0.41888376,0
1505942861,21934420,3339.99,0.26266231,0
1505942843,21934417,3339.99,0.02252612,0
1505942803,21934402,3331.03,0.20950000,1
1505942718,21934374,3339.99,0.04414077,0
1505942684,21934365,3340.00,0.04059756,0
1505942663,21934363,3340.00,0.46259399,0
1505942645,21934361,3339.99,0.02747613,0
1505942644,21934359,3331.44,0.02054853,1
1505942564,21934306,3345.92,0.09805288,0
1505942524,21934289,3345.98,0.03095337,0
1505942504,21934277,3346.02,0.00254541,0
1505942504,21934276,3346.01,0.01146300,0
1505942485,21934274,3346.04,0.01523881,0
1505942484,21934273,3346.05,0.02813024,0
1505942444,21934256,3346.09,0.00854113,0
1505942404,21934251,3327.10,0.00328344,1
1505942384,21934241,3326.50,0.03268919,1
1505942346,21934229,3346.42,0.03711668,1
1505942346,21934228,3346.42,0.04025000,1
1505942345,21934227,3346.42,0.05975000,0
1505942344,21934225,3346.42,0.04025000,0
1505942332,21934218,3346.49,0.03827559,0
1505942328,21934217,3325.22,0.34308069,1
1505942318,21934211,3330.23,0.20000000,1
1505942317,21934210,3337.32,0.02671194,1
1505942317,21934209,3340.00,0.01305000,1
1505942309,21934204,3346.54,0.02870646,0
1505942307,21934203,3346.55,0.57890364,0
1505942307,21934202,3346.55,0.02885550,0
1505942305,21934201,3346.55,0.11636976,0
1505942305,21934200,3346.54,0.17000000,0
1505942244,21934194,3346.55,0.24191434,0
1505942244,21934193,3346.54,0.19000000,0
1505942204,21934190,3350.80,0.01966939,0
1505942120,21934180,3351.03,0.25130033,0
1505942120,21934179,3351.00,0.15487772,0
1505942095,21934174,3351.25,1.01475025,0
1505942050,21934166,3354.89,1.60018063,0
1505942049,21934165,3350.00,0.00300000,0
1505942049,21934164,3350.00,0.02500000,0
1505942049,21934163,3344.67,0.63718541,0
1505942048,21934161,3344.66,0.12821035,0
1505942005,21934158,3344.67,0.05830037,0
1505941987,21934153,3336.63,0.10000000,0
1505941984,21934149,3344.67,0.07270309,0
1505941983,21934148,3344.66,0.01481765,0
1505941963,21934143,3344.67,0.28413906,0
1505941906,21934127,3335.05,0.03225526,0
1505941865,21934120,3344.67,0.08136988,0
1505941807,21934071,3344.67,0.32716830,0
1505941803,21934069,3344.67,0.00161951,0
1505941803,21934066,3344.67,0.00373093,0
1505941797,21934063,3344.67,0.46610519,0
1505941797,21934062,3344.66,0.03419481,0
1505941745,21934053,3344.67,0.22052949,0
1505941744,21934052,3344.67,0.01356689,0
1505941744,21934051,3344.66,0.01457586,0
1505941729,21934048,3333.88,0.24176275,1
1505941661,21934028,3344.98,0.02150170,0
1505941542,21933985,3345.95,0.18157019,0
1505941535,21933983,3345.97,0.00297970,0
1505941526,21933978,3346.49,3.77072439,0
1505941526,21933977,3346.00,0.45834734,0
1505941526,21933976,3346.00,0.45834734,0
1505941526,21933975,3345.99,0.17000000,0
1505941525,21933974,3339.99,1.19959213,0
1505941525,21933973,3339.90,0.89717057,0
1505941525,21933972,3339.85,0.10392212,0
1505941525,21933971,3339.82,0.05065341,0
1505941525,21933970,3339.81,0.09625000,0
1505941503,21933962,3339.85,0.02911780,0
1505941464,21933929,3339.24,0.01559728,0
1505941464,21933928,3339.23,0.03017600,0
1505941404,21933905,3339.89,0.11294030,0
1505941373,21933890,3339.90,0.10282943,0
1505941364,21933886,3339.95,0.01104779,0
1505941364,21933885,3339.91,0.03717800,0
1505941324,21933848,3339.94,0.02184637,0
1505941266,21933823,3339.98,0.06868903,0
1505941263,21933821,3339.98,0.15553889,0
1505941263,21933820,3339.96,0.13819583,0
1505941232,21933815,3339.98,0.06180417,0
1505941195,21933803,3326.51,0.09681209,1
1505941195,21933802,3326.52,0.10000000,1
1505941194,21933801,3327.88,0.00318791,1
1505941194,21933800,3330.00,0.10000000,1
1505941169,21933782,3330.08,0.00000537,0
1505941169,21933781,3330.08,0.03090093,0
1505941144,21933773,3330.07,0.15313819,1
1505941128,21933767,3346.40,0.28367412,0
1505941116,21933763,3346.43,0.05961577,0
1505941063,21933710,3346.99,0.02799093,0
1505941061,21933707,3346.99,0.02816964,0
1505940984,21933688,3349.99,0.02687663,0
1505940984,21933687,3347.80,0.00129301,0
1505940973,21933683,3347.80,0.02349942,0
1505940973,21933682,3345.00,0.00156000,0
1505940971,21933679,3341.77,0.07556858,0
1505940971,21933678,3341.77,0.02958751,0
1505940967,21933675,3341.77,0.14551647,0
1505940964,21933672,3341.77,0.02068957,0
1505940912,21933661,3341.77,0.20566052,0
1505940846,21933640,3341.77,0.05549734,0
1505940816,21933629,3341.77,0.01309186,0
1505940791,21933623,3340.99,0.04426654,0
1505940791,21933622,3340.99,0.04426654,0
1505940745,21933599,3340.99,0.05646305,0
1505940744,21933598,3333.03,0.02262246,1
1505940705,21933593,3340.99,0.02239157,0
1505940699,21933584,3340.99,0.17646191,0
1505940696,21933582,3340.99,1.19426278,0
1505940680,21933569,3340.99,0.16843499,0
1505940679,21933568,3340.99,0.05589405,0
1505940653,21933552,3340.99,0.08811171,0
1505940625,21933536,3340.99,0.05894731,0
1505940609,21933533,3341.77,0.61938311,0
1505940609,21933532,3340.99,0.38951365,0
1505940606,21933531,3340.99,0.13733953,0
1505940606,21933530,3340.99,0.00165417,0
1505940604,21933525,3340.99,0.00152647,0
1505940565,21933507,3340.99,0.01421731,0
1505940558,21933503,3340.99,1.00000000,0
1505940555,21933501,3340.99,0.05999513,0
1505940525,21933491,3340.99,0.01523820,0
1505940505,21933475,3340.99,0.05838241,0
1505940490,21933468,3340.99,0.07363312,0
1505940442,21933425,3329.20,0.03542728,1
1505940391,21933402,3340.99,0.24840001,0
1505940391,21933401,3340.97,0.05159999,0
1505940388,21933399,3340.97,0.14840001,0
1505940386,21933398,3339.99,0.00150000,0
1505940386,21933397,3339.99,0.05612612,0
1505940385,21933396,3339.99,0.01021583,0
1505940371,21933385,3339.99,0.34372827,0
1505940371,21933384,3339.97,0.01278828,0
1505940284,21933303,3339.99,0.23685400,0
1505940284,21933302,3339.98,0.05802730,0
1505940282,21933301,3339.97,0.02557657,0
1505940265,21933294,3339.98,0.01385000,0
1505940250,21933284,3333.70,0.19994082,1
1505940250,21933282,3336.98,0.00000418,1
1505940224,21933269,3336.99,0.01625000,0
1505940223,21933268,3336.99,0.00298772,0
1505940220,21933267,3337.00,0.81570913,1
1505940214,21933262,3339.98,0.01492416,0
1505940202,21933260,3337.00,0.02426718,1
1505940197,21933257,3337.00,0.06055090,1
1505940195,21933255,3337.00,0.03629400,1
1505940191,21933250,3337.00,0.06055090,1
1505940188,21933246,3337.00,0.16833084,1
1505940169,21933242,3336.98,0.10474142,1
1505940163,21933237,3339.98,0.01121332,0
1505940147,21933232,3335.00,0.03028700,1
1505940141,21933227,3339.99,0.80253549,0
1505940140,21933226,3339.98,0.06500314,0
1505940140,21933225,3339.97,0.03246137,0
1505940106,21933214,3339.99,0.55044029,0
1505940106,21933213,3339.98,0.04574279,0
1505940106,21933212,3339.98,0.13000628,0
1505940084,21933200,3340.53,0.02055000,0
1505940053,21933185,3340.54,0.05515379,0
1505940053,21933184,3337.90,0.20695133,0
1505940053,21933182,3337.89,0.03242768,0
1505939986,21933172,3337.89,0.00863106,0
1505939967,21933158,3337.89,0.02205315,0
1505939950,21933155,3337.90,0.00586399,0
1505939950,21933154,3337.60,0.11188317,0
1505939926,21933150,3337.67,0.01653779,0
1505939926,21933149,3337.67,0.01146755,0
1505939907,21933142,3337.64,0.07365301,0
1505939863,21933133,3337.81,0.00838560,0
1505939858,21933130,3337.81,0.02621983,0
1505939858,21933129,3337.81,0.02293510,0
1505939854,21933127,3337.82,0.02963103,0
1505939845,21933125,3321.12,0.03105749,1
1505939844,21933124,3321.15,0.21516721,1
1505939835,21933120,3337.90,0.17268342,0
1505939835,21933119,3337.89,0.20099811,0
1505939834,21933118,3337.76,0.22000000,0
1505939834,21933115,3337.75,0.02030292,1
1505939833,21933114,3336.96,0.23540137,1
1505939832,21933113,3336.96,0.64508270,0
1505939745,21933088,3336.38,0.02806365,0
1505939737,21933084,3336.35,0.05891179,0
1505939725,21933081,3336.46,0.01305104,0
1505939724,21933080,3336.42,0.01481272,0
1505939709,21933076,3337.89,0.00879270,0
1505939708,21933075,3337.88,0.01869777,1
1505939708,21933074,3337.88,0.04575332,0
1505939707,21933073,3337.89,0.02820830,0
1505939706,21933072,3337.89,0.06193429,0
1505939706,21933071,3337.00,0.10000000,0
1505939705,21933070,3336.61,0.02962544,0
1505939705,21933069,3336.50,0.10000000,0
1505939683,21933063,3336.61,0.01435906,0
1505939677,21933062,3336.64,0.00318791,0
1505939669,21933061,3336.71,0.05102583,0
1505939653,21933055,3336.69,0.29367590,0
1505939579,21933016,3337.00,0.18864449,1
1505939578,21933015,3337.00,0.11027670,0
1505939546,21932983,3337.15,0.00828056,0
1505939544,21932981,3337.12,0.00838231,0
1505939526,21932978,3337.36,0.07437627,0
1505939525,21932977,3337.31,0.93307522,0
1505939522,21932974,3337.36,0.00838329,0
1505939508,21932971,3337.40,0.03386501,0
1505939507,21932970,3337.43,0.02272776,0
1505939484,21932968,3337.86,0.02914198,0
1505939471,21932967,3337.80,0.06804584,0
1505939471,21932966,3337.80,0.09871423,0
1505939465,21932964,3337.87,0.11552872,0
1505939465,21932963,3337.87,0.33480865,0
1505939461,21932962,3312.00,4.76039404,0
1505939461,21932961,3312.00,0.63000000,1
1505939461,21932960,3314.12,0.01483651,1
1505939460,21932959,3315.00,0.01700754,1
1505939460,21932958,3315.00,0.10899680,1
1505939460,21932957,3315.01,0.08000000,1
1505939460,21932955,3315.20,2.00000000,0
1505939459,21932953,3319.41,0.68807490,1
1505939459,21932950,3319.99,1.00000000,0
1505939459,21932949,3319.99,0.42000000,1
1505939459,21932948,3319.99,0.12116264,1
1505939459,21932947,3319.99,0.32994256,1
1505939458,21932946,3320.03,0.90397775,0
1505939457,21932945,3320.03,0.92560726,1
1505939454,21932943,3337.88,0.14713711,0
1505939454,21932942,3335.00,0.85286289,0
1505939440,21932941,3335.00,0.14713711,0
1505939426,21932934,3334.99,0.01829598,0
1505939424,21932933,3318.61,0.03105843,1
1505939406,21932924,3334.99,0.07278404,0
1505939352,21932900,3337.89,1.63191570,1
1505939351,21932899,3337.89,0.22000000,1
1505939350,21932898,3337.13,0.55308430,0
1505939350,21932896,3337.13,0.22000000,0
1505939350,21932894,3337.12,0.37500000,0
1505939322,21932889,3337.89,0.91824775,1
1505939322,21932888,3337.16,0.77500000,0
1505939320,21932887,3337.15,0.10000000,0
1505939304,21932882,3337.18,0.02933711,0
1505939286,21932875,3337.20,0.14446597,0
1505939284,21932874,3337.21,0.02116264,0
1505939269,21932871,3315.01,0.56415755,1
1505939268,21932870,3319.20,0.02503000,1
1505939268,21932869,3320.02,1.39641812,1
1505939268,21932868,3320.07,0.39000000,1
1505939268,21932867,3321.00,0.20000000,1
1505939268,21932866,3321.59,0.10847766,1
1505939268,21932865,3337.26,0.27984482,1
1505939268,21932864,3337.26,0.03607185,1
1505939266,21932863,3337.25,0.24376830,0
1505939243,21932859,3337.35,0.04413006,0
1505939223,21932854,3337.47,0.14713538,0
1505939148,21932834,3321.61,0.43507554,1
1505939126,21932830,3331.94,0.24906210,0
1505939124,21932829,3331.93,0.20000000,0
1505939052,21932806,3337.89,0.01547072,0
1505939024,21932789,3337.90,0.01450126,0
1505938962,21932769,3338.02,0.00837263,0
1505938945,21932755,3338.02,0.02818035,0
1505938944,21932754,3338.02,0.00919775,0
1505938943,21932753,3338.01,0.01049620,0
1505938875,21932710,3341.68,0.05461762,0
1505938875,21932709,3341.69,0.06144300,1
1505938874,21932708,3341.69,0.04062500,0
1505938847,21932701,3341.73,0.00856039,0
1505938826,21932688,3341.77,0.47628983,0
1505938825,21932687,3341.76,0.23000000,0
1505938825,21932686,3341.76,0.52480590,0
1505938825,21932685,3340.50,0.08561897,0
1505938824,21932683,3340.50,0.02795735,0
1505938797,21932668,3340.50,0.02962816,0
1505938787,21932642,3340.50,0.04014270,0
1505938787,21932641,3340.48,0.01079294,0
1505938786,21932640,3340.48,0.00832844,0
1505938774,21932636,3340.47,0.35915305,0
1505938774,21932635,3337.27,0.21037003,0
1505938772,21932633,3330.53,0.28523000,0
1505938717,21932613,3337.09,0.11994801,0
1505938684,21932593,3336.02,0.06570940,0
1505938663,21932575,3336.09,0.00837867,0
1505938656,21932570,3336.21,0.00597984,0
1505938644,21932569,3336.26,0.04514693,0
1505938623,21932561,3336.64,0.01494617,0
1505938566,21932545,3337.32,0.01346634,0
1505938564,21932540,3337.24,0.00831329,0
1505938505,21932530,3339.25,0.00837591,0
1505938485,21932525,3322.22,0.25280003,1
1505938479,21932523,3323.95,0.21049347,1
1505938479,21932522,3323.95,0.10950653,1
1505938453,21932510,3340.50,0.01665282,0
1505938453,21932509,3340.00,0.10900000,0
1505938453,21932508,3339.88,0.02158589,0
1505938444,21932501,3323.87,0.03100913,1
1505938433,21932494,3339.84,0.00465064,0
1505938357,21932459,3340.37,0.03957346,0
1505938317,21932448,3340.43,0.00318376,0
1505938250,21932422,3341.18,0.01198504,0
1505938205,21932404,3341.56,0.01401762,0
1505938189,21932394,3341.69,0.11940066,0
1505938184,21932391,3341.68,0.01967186,0
1505938164,21932374,3341.71,0.07295363,0
1505938153,21932370,3341.69,0.00718153,0
1505938150,21932368,3329.96,0.04000000,1
1505938125,21932343,3341.77,0.02871521,0
1505938116,21932342,3345.76,0.01680479,0
1505938085,21932335,3343.92,0.06326385,0
1505938083,21932333,3331.77,0.03200652,1
1505938065,21932322,3331.35,0.04101000,0
1505938043,21932304,3344.21,0.04025000,0
1505938023,21932297,3344.24,0.03383278,0
1505937987,21932209,3344.59,0.08062592,0
1505937937,21932190,3345.28,0.38000000,0
1505937925,21932178,3345.51,0.02354953,0
1505937896,21932146,3346.06,0.15462945,0
1505937896,21932145,3346.06,1.30197324,1
1505937896,21932144,3345.00,0.00300000,0
1505937895,21932143,3340.50,0.30000000,0
1505937895,21932142,3340.49,1.30197324,1
1505937895,21932141,3340.39,1.30197324,0
1505937893,21932140,3340.38,1.30197324,0
1505937854,21932102,3340.62,0.00491442,0
1505937854,21932101,3340.62,0.01216265,0
1505937824,21932077,3340.78,0.02886156,0
1505937815,21932061,3340.87,0.01497303,0
1505937771,21932035,3341.04,0.03378756,0
1505937746,21932025,3341.25,0.32440553,1
1505937744,21932023,3341.16,0.03030830,0
1505937741,21932022,3341.16,0.00149649,1
1505937726,21931999,3325.51,0.01000000,1
1505937719,21931984,3341.55,0.01000000,0
1505937714,21931979,3330.00,0.02918764,0
1505937707,21931973,3330.00,0.22081236,0
1505937697,21931965,3327.95,0.06399106,0
1505937691,21931948,3327.95,0.01452701,0
1505937686,21931946,3327.95,0.82262296,0
1505937686,21931945,3327.95,0.09885897,0
1505937675,21931934,3329.46,0.00319648,0
1505937651,21931922,3321.00,0.06000000,1
1505937624,21931913,3329.45,0.01425745,0
1505937624,21931912,3327.77,0.05173253,0
1505937623,21931911,3320.02,0.01000000,1
1505937621,21931910,3327.77,0.01467039,0
1505937616,21931905,3320.02,0.76000000,1
1505937616,21931904,3326.12,0.01000000,1
1505937603,21931890,3327.21,0.00982743,0
1505937601,21931886,3325.00,0.10000000,1
1505937588,21931882,3327.45,0.02686346,1
1505937583,21931881,3327.41,0.01486622,0
1505937558,21931874,3327.77,0.11529642,0
1505937558,21931872,3327.76,0.07534484,1
1505937553,21931870,3315.40,0.77000000,1
1505937545,21931868,3327.29,0.13790502,0
1505937541,21931866,3327.29,0.13891776,0
1505937517,21931852,3327.57,0.02219653,0
1505937507,21931844,3327.69,0.29037829,0
1505937500,21931839,3327.73,0.16679981,0
1505937492,21931830,3314.79,0.91914916,0
1505937492,21931828,3314.79,0.08028696,1
1505937487,21931824,3327.77,0.11666487,0
1505937485,21931822,3327.77,0.03402481,0
1505937484,21931821,3327.78,0.01451394,0
1505937464,21931817,3327.92,0.03025000,0
1505937420,21931794,3328.66,0.08028696,0
1505937420,21931793,3328.64,0.11174216,0
1505937413,21931787,3314.12,0.11308767,1
1505937406,21931781,3329.53,0.08531989,0
1505937406,21931780,3320.99,0.16377329,0
1505937406,21931779,3320.98,0.67856671,0
1505937405,21931777,3320.98,0.03943329,0
1505937404,21931776,3320.97,0.05906770,0
1505937392,21931767,3313.71,0.02740139,1
1505937392,21931766,3313.70,0.19691091,0
1505937390,21931765,3313.70,2.53100000,1
1505937390,21931764,3313.70,1.97208909,1
1505937389,21931762,3313.70,0.02791091,1
1505937385,21931761,3313.61,0.08357620,1
1505937377,21931756,3313.60,0.00290100,1
1505937364,21931754,3320.97,0.01279200,0
1505937344,21931744,3320.93,0.00601036,0
1505937342,21931743,3320.00,0.00300000,0
1505937327,21931733,3312.81,0.10777352,1
1505937265,21931690,3320.99,0.10025000,0
1505937261,21931689,3320.99,0.08511147,0
1505937261,21931688,3320.01,0.01488853,0
1505937259,21931687,3315.00,0.63299767,0
1505937259,21931686,3314.99,0.12698776,0
1505937248,21931681,3315.00,0.09123378,0
1505937248,21931680,3312.03,0.01915444,0
1505937246,21931679,3312.00,0.01000000,0
1505937244,21931678,3308.66,0.20000000,1
1505937238,21931671,3305.74,0.00291203,1
1505937238,21931670,3305.87,0.04609797,1
1505937238,21931669,3306.34,0.01000000,1
1505937228,21931659,3312.00,0.04000000,0
1505937208,21931618,3300.01,1.76987565,1
1505937208,21931617,3301.09,0.03000000,1
1505937208,21931616,3304.08,0.11563736,1
1505937207,21931615,3305.51,0.87251000,1
1505937207,21931614,3305.84,0.09197699,1
1505937207,21931613,3310.25,0.03000000,1
1505937207,21931612,3314.99,0.09000000,1
1505937207,21931611,3316.80,2.00000000,1
1505937205,21931610,3315.00,1.40284126,0
1505937202,21931606,3315.00,1.97855478,0
1505937202,21931605,3314.99,0.02144522,0
1505937198,21931603,3315.00,1.04402810,0
1505937198,21931602,3314.99,0.95597190,0
1505937195,21931601,3301.09,2.58816158,0
1505937195,21931600,3301.10,0.04305710,1
1505937194,21931599,3301.13,0.60899478,0
1505937194,21931598,3301.13,2.00000000,0
1505937194,21931597,3305.41,0.02444000,1
1505937193,21931595,3307.18,0.22922198,1
1505937193,21931593,3307.76,0.02000000,1
1505937193,21931592,3310.00,0.14612456,1
1505937192,21931591,3310.00,0.10987544,1
1505937192,21931590,3310.00,0.00709400,1
1505937192,21931589,3312.03,0.52050633,1
1505937191,21931588,3314.99,0.09000000,1
1505937188,21931576,3315.00,0.00710957,0
1505937186,21931567,3314.65,0.00289043,1
1505937186,21931565,3314.99,0.04710957,1
1505937183,21931560,3314.99,0.04289043,1
1505937175,21931547,3312.30,0.02048742,0
1505937174,21931546,3312.30,0.00466840,0
1505937171,21931541,3315.00,2.53580000,0
1505937168,21931534,3315.00,2.53250000,0
1505937165,21931526,3315.00,0.20000000,1
1505937165,21931525,3315.04,0.00300751,1
1505937165,21931524,3318.84,0.00615878,1
1505937165,21931523,3319.09,0.09000000,1
1505937150,21931499,3320.00,0.50000000,1
1505937150,21931498,3320.00,2.00000000,1
1505937149,21931497,3320.40,2.53640000,1
1505937145,21931492,3320.01,0.21974173,1
1505937145,21931491,3320.01,0.40000000,1
1505937143,21931489,3321.00,0.16044773,1
1505937139,21931484,3321.00,0.01059686,1
1505937138,21931478,3321.00,0.12385389,1
1505937138,21931476,3321.01,0.17104411,1
1505937134,21931460,3321.01,0.71600000,1
1505937126,21931444,3321.01,0.11295589,1
1505937118,21931427,3322.02,0.06025000,0
1505937117,21931425,3322.02,0.01488853,0
1505937102,21931399,3321.00,0.09041904,1
1505937099,21931389,3321.00,0.11468248,1
1505937063,21931347,3322.02,0.02432000,1
1505937046,21931325,3325.00,0.05386591,1
1505937043,21931323,3329.79,0.10025000,0
1505937006,21931283,3325.00,0.94613409,1
1505937006,21931281,3325.00,0.18881192,1
1505937005,21931280,3325.00,1.00000000,1
1505937005,21931279,3327.00,0.11100000,1
1505937005,21931278,3328.33,0.05405399,1
1505937005,21931277,3328.33,0.01487547,0
1505936968,21931244,3330.00,0.23263205,0
1505936966,21931243,3330.00,0.13263205,0
1505936966,21931242,3329.97,0.10000000,0
1505936960,21931238,3329.98,0.00613598,0
1505936959,21931236,3329.98,0.14977567,0
1505936943,21931227,3328.33,0.02479243,1
1505936927,21931215,3337.39,0.09863097,0
1505936923,21931205,3329.90,0.03092824,0
1505936921,21931203,3330.00,0.00902842,1
1505936921,21931202,3330.00,0.47831744,1
1505936919,21931199,3337.41,0.10848742,0
1505936918,21931198,3337.44,0.44344678,0
1505936908,21931188,3339.12,0.12033206,0
1505936901,21931177,3330.10,0.12077261,0
1505936900,21931172,3330.00,0.12077865,1
1505936899,21931170,3330.10,0.23916743,1
1505936898,21931168,3330.11,0.39816200,1
1505936892,21931166,3330.11,0.60183800,1
1505936845,21931152,3342.25,0.02513502,0
1505936843,21931150,3342.28,0.03525000,0
1505936838,21931147,3330.10,0.76083257,1
1505936838,21931146,3330.40,0.00916743,1
1505936818,21931133,3330.40,0.08223600,1
1505936818,21931132,3342.59,0.05968426,0
1505936806,21931121,3330.41,0.02992581,1
1505936798,21931118,3343.06,0.02983793,1
1505936796,21931112,3330.40,0.07897561,1
1505936796,21931111,3330.40,0.14227279,0
1505936795,21931110,3330.45,0.82247116,1
1505936795,21931109,3332.99,0.03092824,1
1505936793,21931102,3338.13,0.02535220,1
1505936790,21931101,3344.15,0.14400000,0
1505936789,21931099,3330.45,0.05003884,1
1505936789,21931096,3330.46,0.59000000,1
1505936789,21931095,3330.51,0.15508569,1
1505936788,21931094,3333.00,0.05000000,0
1505936788,21931093,3333.00,0.01487547,0
1505936786,21931091,3330.50,0.74343566,1
1505936785,21931090,3330.51,0.02656434,1
1505936780,21931073,3335.00,0.29654554,1
1505936778,21931065,3335.00,0.30051270,1
1505936772,21931040,3335.00,0.03144932,1
1505936771,21931037,3335.00,0.00175465,1
1505936771,21931035,3335.00,0.00232792,1
1505936771,21931033,3335.00,0.00232792,1
1505936770,21931032,3335.00,0.00232929,1
1505936770,21931031,3335.00,0.00232929,1
1505936757,21930983,3337.78,0.32183480,1
1505936743,21930978,3347.12,0.01061103,0
1505936735,21930967,3337.78,0.00697163,1
1505936734,21930966,3340.00,0.00302837,1
1505936711,21930935,3340.00,0.00200000,1
1505936706,21930933,3340.00,0.74497163,1
1505936706,21930931,3341.10,0.01000000,1
1505936706,21930930,3342.22,0.01492122,1
1505936706,21930929,3344.11,0.00010715,1
1505936699,21930924,3344.11,0.26784575,1
1505936689,21930907,3344.11,0.77000000,1
1505936673,21930900,3344.11,0.50000000,1
1505936631,21930878,3349.51,0.30020001,0
1505936608,21930876,3350.00,0.03243357,0
1505936587,21930871,3344.20,0.51993900,1
1505936581,21930870,3344.20,0.09036800,1
1505936564,21930864,3344.20,0.11400791,1
1505936563,21930863,3349.47,0.01216274,0
1505936547,21930848,3344.11,0.14369300,1
1505936527,21930840,3349.79,0.01389587,0
1505936521,21930839,3344.11,0.12908265,1
1505936501,21930822,3349.52,0.01365000,0
1505936488,21930803,3344.11,0.16788053,1
1505936484,21930802,3344.11,0.02139092,1
1505936484,21930800,3344.21,0.00031993,1
1505936484,21930798,3344.21,0.79980579,1
1505936366,21930711,3350.00,0.00827458,0
1505936362,21930710,3350.00,1.00000000,0
1505936300,21930706,3350.00,0.09105432,0
1505936300,21930705,3349.91,0.06478231,0
1505936294,21930703,3349.91,0.28735481,0
1505936282,21930702,3349.91,0.11719364,0
1505936274,21930701,3344.30,0.40000000,1
1505936265,21930698,3349.91,0.02800835,0
1505936246,21930694,3344.21,0.04075128,1
1505936244,21930693,3345.10,0.00033051,1
1505936224,21930688,3349.91,0.00835223,0
1505936168,21930678,3349.91,0.00297620,0
1505936125,21930665,3349.91,0.05855209,0
1505936121,21930664,3349.90,0.01681777,0
1505936100,21930650,3345.10,0.82626230,1
1505936090,21930643,3349.91,0.05751702,0
1505936090,21930642,3349.91,0.11149776,0
1505936058,21930633,3345.10,0.02587439,1
1505935964,21930601,3349.91,0.01399394,0
1505935962,21930600,3349.91,0.02977692,0
1505935944,21930592,3349.91,0.08804867,0
1505935923,21930582,3349.91,0.01060951,0
1505935903,21930579,3344.21,0.03084844,1
1505935885,21930575,3349.91,0.00815330,0
1505935880,21930570,3349.91,0.03325000,0
1505935879,21930569,3349.91,0.27827913,0
1505935865,21930557,3349.91,0.01525376,0
1505935804,21930508,3344.21,0.00952281,1
1505935783,21930488,3344.21,0.11875175,1
1505935705,21930437,3349.91,0.10030000,0
1505935686,21930397,3349.91,1.27465304,0
1505935683,21930396,3349.91,0.02799647,0
1505935638,21930388,3344.20,0.46193424,1
1505935638,21930387,3344.80,0.02467037,1
1505935636,21930386,3346.70,0.01608151,1
1505935621,21930384,3349.91,2.82346148,0
1505935594,21930379,3349.91,0.11910768,0
1505935583,21930377,3349.91,0.03716845,0
1505935578,21930373,3347.52,0.71100000,1
1505935566,21930369,3349.91,0.02844989,0
1505935525,21930358,3361.62,0.28541140,0
1505935491,21930353,3362.21,0.02748360,1
1505935489,21930352,3357.35,0.00800000,0
1505935487,21930350,3350.00,0.07075523,1
1505935467,21930343,3362.35,0.02865260,0
1505935463,21930342,3362.41,0.00317393,0
1505935447,21930338,3349.80,0.17205900,1
1505935445,21930331,3362.54,0.01258400,0
1505935442,21930330,3349.62,0.06540318,1
1505935440,21930323,3349.62,0.24359682,0
1505935440,21930321,3349.62,0.06540318,1
1505935428,21930315,3362.64,0.06455378,0
1505935427,21930314,3356.00,0.00653414,0
1505935427,21930312,3349.60,0.61320000,1
1505935417,21930308,3349.40,0.06432138,1
1505935417,21930307,3350.00,0.06347862,1
1505935416,21930306,3356.00,0.05850345,0
1505935386,21930276,3356.00,0.13672527,0
1505935366,21930268,3350.00,0.03826669,1
1505935363,21930263,3350.00,0.03825469,1
1505935363,21930261,3351.00,0.00001200,1
1505935343,21930252,3355.99,0.01365000,0
1505935335,21930248,3351.00,0.02998800,1
1505935326,21930246,3356.00,0.12986952,0
1505935326,21930245,3356.00,0.00685276,0
1505935324,21930242,3356.00,0.24206861,0
1505935324,21930241,3351.68,0.04902370,0
1505935309,21930227,3351.68,0.03490444,1
1505935309,21930226,3351.68,0.29700000,1
1505935304,21930225,3356.00,0.00740128,0
1505935302,21930223,3356.00,0.02946323,0
1505935302,21930222,3355.69,0.01329802,0
1505935281,21930194,3353.00,0.01487324,0
1505935274,21930192,3351.68,0.05092372,1
1505935263,21930190,3353.00,0.02796728,0
1505935255,21930188,3353.00,0.30755276,0
1505935255,21930187,3352.98,0.01702636,0
1505935254,21930186,3352.98,0.00297347,0
1505935249,21930185,3351.68,0.05965964,1
1505935204,21930164,3353.00,0.02567858,0
1505935196,21930162,3351.68,0.75100000,1
1505935184,21930158,3356.00,0.01676418,0
1505935184,21930157,3351.68,0.03669124,1
1505935183,21930156,3351.90,0.00001446,1
1505935165,21930146,3351.90,0.02460361,1
1505935165,21930145,3352.08,0.01153718,1
1505935154,21930122,3352.08,0.61246152,1
1505935152,21930116,3356.00,0.00695000,0
1505935129,21930109,3352.08,0.97284354,1
1505935126,21930107,3352.08,0.33341300,1
1505935115,21930096,3352.09,0.95109015,1
1505935115,21930095,3353.51,0.00984459,1
1505935112,21930091,3353.51,0.00345076,1
1505935107,21930082,3356.00,0.01319983,0
1505935106,21930076,3356.00,0.00013266,1
1505935106,21930075,3356.02,0.00879983,1
1505935103,21930069,3356.00,0.33163238,1
1505935097,21930061,3356.00,0.22679496,1
1505935084,21930052,3365.93,0.11224058,0
1505935033,21930038,3366.62,0.04000000,0
1505935006,21930010,3366.66,0.02963174,0
1505934986,21930003,3366.76,0.13761513,0
1505934986,21930002,3360.62,0.00632807,0
1505934964,21930001,3360.62,0.01883900,0
1505934958,21929972,3356.71,0.00402131,1
1505934940,21929966,3360.62,0.01479676,0
1505934938,21929964,3357.93,0.00000270,0
1505934882,21929948,3357.93,0.10462128,1
1505934853,21929928,3367.00,0.00810671,0
1505934846,21929924,3367.00,0.01415193,0
1505934832,21929917,3357.93,0.35494026,1
1505934783,21929898,3369.09,0.08691449,0
1505934747,21929890,3369.21,0.05605457,0
1505934745,21929888,3369.21,0.00906103,0
1505934745,21929887,3369.19,0.00999983,0
1505934745,21929886,3368.55,0.08092824,0
1505934745,21929885,3368.55,0.08089588,0
1505934745,21929884,3368.00,0.07357208,0
1505934703,21929857,3368.00,0.02140459,0
1505934673,21929838,3368.55,0.00000321,1
1505934673,21929837,3368.55,0.08092503,1
1505934669,21929836,3369.51,0.50182115,0
1505934669,21929835,3368.54,0.11628888,0
1505934665,21929833,3368.55,0.02276030,0
1505934665,21929832,3368.55,0.00447990,0
1505934603,21929811,3368.55,0.02532859,0
1505934553,21929804,3358.05,0.00998220,1
1505934544,21929801,3358.00,0.01227662,1
1505934529,21929799,3368.55,0.01920469,0
1505934508,21929794,3368.55,0.14605501,0
1505934488,21929789,3373.68,0.02055600,1
1505934487,21929787,3369.64,0.16000000,0
1505934487,21929786,3369.64,0.03250900,0
1505934487,21929785,3369.54,0.70100000,1
1505934486,21929777,3368.55,0.37117457,1
1505934485,21929774,3368.55,0.19506819,0
1505934479,21929768,3369.65,0.32013413,0
1505934479,21929767,3368.55,0.01485964,0
1505934478,21929765,3364.99,10.00000000,0
1505934478,21929764,3364.98,0.18000000,0
1505934478,21929763,3364.97,0.00999983,0
1505934476,21929762,3362.00,0.56746978,0
1505934453,21929752,3362.00,0.01483088,0
1505934452,21929751,3362.00,0.07525000,0
1505934427,21929746,3362.00,0.07942007,0
1505934427,21929745,3362.00,0.59852221,0
1505934425,21929743,3361.99,0.01929751,0
1505934387,21929726,3361.99,0.01784812,0
1505934385,21929725,3361.89,0.01167260,0
1505934384,21929724,3357.31,0.02860490,1
1505934334,21929720,3357.31,0.00235571,1
1505934330,21929719,3357.31,0.00471143,1
1505934328,21929718,3357.31,0.00942285,1
1505934323,21929717,3357.31,0.01884569,1
1505934322,21929716,3357.31,0.03009156,1
1505934321,21929715,3357.33,0.00759983,1
1505934321,21929714,3361.89,0.00832740,0
1505934217,21929662,3361.99,0.05860841,0
1505934204,21929661,3361.99,0.01328500,0
1505934199,21929660,3361.99,0.09096096,0
1505934197,21929658,3359.45,0.65128225,0
1505934195,21929657,3359.45,0.40000000,0
1505934192,21929656,3359.45,0.02359337,0
1505934188,21929655,3359.45,0.02024438,0
1505934165,21929644,3362.00,0.00877038,0
1505934103,21929617,3362.00,0.01112311,0
1505934082,21929611,3362.00,0.00574100,0
1505934071,21929609,3362.00,0.37584330,0
1505934071,21929608,3359.90,0.62415670,0
1505934066,21929605,3359.90,0.06828179,0
1505934044,21929600,3359.90,0.01133504,0
1505934043,21929599,3359.90,0.46554064,0
1505934013,21929581,3359.90,0.11876544,0
1505933951,21929551,3359.90,0.00316783,0
1505933921,21929541,3359.90,0.84162326,0
1505933916,21929539,3359.90,0.00357153,1
1505933916,21929538,3360.00,0.36255777,1
1505933911,21929531,3360.00,0.61744274,0
1505933911,21929530,3359.96,0.01999949,0
1505933872,21929517,3360.00,0.08005828,0
1505933854,21929515,3360.00,0.00719949,0
1505933853,21929514,3360.00,0.00479949,0
1505933852,21929511,3356.07,0.01066456,0
1505933851,21929510,3356.07,0.01485964,1
1505933844,21929509,3360.00,0.99050000,1
1505933824,21929506,3360.00,0.00950000,1
1505933738,21929487,3364.96,0.00592875,0
1505933726,21929480,3364.90,0.04034142,0
1505933711,21929475,3364.97,0.00612055,0
1505933706,21929473,3360.60,0.73800000,1
1505933702,21929465,3360.30,0.08870747,1
1505933671,21929435,3365.50,0.06191322,0
1505933626,21929410,3365.40,0.12208827,1
1505933625,21929409,3365.11,0.12787504,0
1505933624,21929408,3365.11,0.06719315,0
1505933618,21929402,3365.11,0.11558000,1
1505933615,21929396,3365.20,0.01778240,1
1505933615,21929394,3365.20,0.30454315,1
1505933547,21929364,3374.64,0.05025000,0
1505933545,21929363,3374.65,0.17351507,0
1505933528,21929349,3374.64,0.05374402,0
1505933526,21929348,3374.64,0.05530642,0
1505933525,21929347,3374.65,0.00830449,0
1505933514,21929337,3374.72,0.35215763,1
1505933514,21929334,3374.72,0.68268674,0
1505933506,21929328,3374.78,0.00299200,0
1505933493,21929315,3374.88,0.05025000,0
1505933473,21929264,3370.00,0.01044430,1
1505933473,21929263,3370.00,0.02500000,0
1505933454,21929259,3362.11,0.67992500,1
1505933442,21929254,3374.92,0.28956317,0
1505933442,21929253,3370.00,0.48226381,0
1505933432,21929245,3370.00,0.01773619,0
1505933425,21929239,3368.89,1.07011866,0
1505933424,21929237,3368.89,0.29132097,0
1505933420,21929233,3368.89,0.14300000,0
1505933415,21929230,3368.89,0.28244362,0
1505933414,21929228,3368.88,0.00849889,0
1505933405,21929211,3368.88,0.00830111,0
1505933404,21929210,3368.89,0.14300000,0
1505933397,21929204,3361.20,0.30090498,1
1505933384,21929198,3369.14,0.05819371,0
1505933375,21929195,3369.20,0.14300000,0
1505933366,21929188,3369.26,0.02864355,0
1505933362,21929187,3369.29,0.12391675,0
1505933310,21929176,3369.64,0.02868000,0
1505933305,21929172,3356.91,0.12724786,1
1505933277,21929164,3356.50,0.65635000,1
1505933263,21929163,3370.46,0.01737947,0
1505933259,21929161,3356.22,0.19886746,1
1505933252,21929160,3370.57,0.01485403,0
1505933251,21929159,3370.57,0.02792823,0
1505933247,21929158,3370.59,0.19561857,0
1505933245,21929156,3356.00,0.12944000,1
1505933243,21929154,3356.00,0.61200000,1
1505933236,21929153,3352.51,0.01680000,1
1505933235,21929152,3355.23,0.02876035,1
1505933228,21929149,3355.23,0.52000000,1
1505933225,21929147,3373.88,0.02876035,0
1505933224,21929146,3355.22,0.24930900,1
1505933224,21929145,3358.89,0.87251000,1
1505933217,21929143,3373.93,0.00324889,0
1505933216,21929142,3359.86,0.24615763,1
1505933203,21929135,3374.18,0.00830409,0
1505933202,21929134,3358.92,0.00839949,1
1505933202,21929133,3358.94,0.01259949,1
1505933202,21929132,3363.62,0.02971997,1
1505933186,21929122,3363.62,0.02700000,1
1505933186,21929120,3363.62,0.21761500,1
1505933181,21929119,3374.29,0.00835203,0
1505933180,21929118,3374.29,0.02673317,0
1505933178,21929116,3374.29,0.07299385,1
1505933177,21929115,3374.29,0.17316378,1
1505933177,21929113,3374.26,0.73800000,0
1505933177,21929112,3372.00,0.06277877,0
1505933176,21929111,3370.69,1.22692100,0
1505933176,21929108,3370.00,0.15401211,0
1505933176,21929107,3370.00,0.26375900,1
1505933176,21929106,3370.00,0.02137238,1
1505933175,21929105,3370.00,0.00528501,0
1505933174,21929104,3369.79,0.27345276,0
1505933173,21929103,3369.77,0.22774946,0
1505933169,21929102,3369.79,0.18670006,0
1505933169,21929101,3369.34,0.11062760,0
1505933169,21929100,3369.21,0.10000000,0
1505933167,21929099,3364.00,0.19506819,0
1505933121,21929082,3369.33,0.00888010,0
1505933105,21929073,3369.33,0.09496815,0
1505933075,21929059,3369.34,1.93036018,0
1505933074,21929057,3369.33,0.06963982,0
1505933056,21929025,3360.30,0.09999809,1
1505933055,21929017,3369.34,0.29131139,0
1505933055,21929014,3369.34,0.02812420,0
1505933053,21929008,3369.33,0.02938498,0
1505933044,21928995,3369.33,0.02896000,0
1505933023,21928975,3369.33,0.01674236,0
1505933009,21928958,3369.33,0.05678264,0
1505932989,21928947,3369.16,0.59049956,0
1505932945,21928919,3369.45,0.04427210,0
1505932928,21928905,3361.94,0.05870119,0
1505932925,21928902,3369.59,0.00150000,0
1505932924,21928900,3369.60,0.01451901,0
1505932924,21928899,3365.71,0.00556718,0
1505932921,21928897,3361.94,0.03840076,0
1505932921,21928896,3361.94,0.05872468,0
1505932916,21928887,3365.00,8.00000000,0
1505932915,21928886,3365.00,0.15993602,0
1505932913,21928881,3361.94,0.00283570,0
1505932910,21928872,3361.94,0.02994200,1
1505932907,21928869,3361.94,0.17005800,0
1505932903,21928860,3365.00,0.17005800,1
1505932902,21928857,3365.00,0.29931280,1
1505932902,21928856,3365.00,0.92655029,1
1505932901,21928855,3365.00,0.24190200,1
1505932900,21928854,3365.00,0.63480400,0
1505932900,21928853,3364.64,0.42436075,1
1505932899,21928852,3364.64,6.01215000,1
1505932899,21928850,3365.00,1.36519600,0
1505932899,21928849,3365.00,2.00000000,0
1505932899,21928847,3364.91,0.73480400,0
1505932898,21928842,3364.64,0.12098932,1
1505932896,21928838,3362.83,0.00532000,0
1505932895,21928837,3358.62,0.65413338,1
1505932894,21928833,3358.62,0.07892456,1
1505932894,21928829,3362.83,0.00531844,1
1505932891,21928820,3362.83,0.02468156,0
1505932885,21928806,3358.62,2.88408351,1
1505932885,21928805,3358.62,0.51549016,1
1505932885,21928802,3360.01,0.00103732,1
1505932883,21928798,3360.01,0.00548149,0
1505932883,21928797,3359.99,10.00000000,0
1505932883,21928795,3359.97,0.00348119,0
1505932880,21928785,3351.86,0.46391165,1
1505932880,21928783,3357.77,0.05261583,1
1505932878,21928782,3357.77,0.44738417,0
1505932874,21928778,3357.77,0.00060484,0
1505932873,21928776,3351.54,0.05817621,0
1505932830,21928758,3357.77,0.01485212,0
1505932826,21928755,3357.77,0.01960621,0
1505932824,21928754,3357.77,0.02748394,0
1505932824,21928753,3357.57,0.03119094,0
1505932822,21928750,3351.50,0.29947202,1
1505932818,21928748,3351.50,0.00614168,1
1505932817,21928746,3351.51,0.05115467,1
1505932813,21928725,3351.51,0.04997707,1
1505932813,21928722,3351.51,0.00731928,1
1505932810,21928716,3351.51,0.44268072,0
1505932805,21928706,3351.50,0.01192907,1
1505932804,21928703,3351.51,0.34201649,1
1505932802,21928700,3351.39,0.67028749,0
1505932799,21928693,3351.38,0.15848173,1
1505932796,21928685,3351.39,0.26188239,1
1505932791,21928673,3350.00,0.02500000,0
1505932790,21928672,3350.00,0.10000000,0
1505932790,21928671,3350.00,0.03945008,0
1505932790,21928669,3349.99,1.17475360,0
1505932778,21928664,3345.45,0.13994402,1
1505932770,21928661,3349.99,1.00000000,0
1505932766,21928660,3349.99,0.07531281,0
1505932757,21928656,3345.45,0.14994002,1
1505932753,21928651,3345.45,0.14994002,1
1505932747,21928648,3349.99,0.01000000,0
1505932742,21928645,3343.50,0.52289750,0
1505932742,21928643,3342.90,0.93065978,0
1505932665,21928590,3342.90,0.06027531,0
1505932633,21928564,3343.50,0.00522000,0
1505932632,21928563,3343.50,0.01488281,0
1505932631,21928562,3343.50,0.10193322,0
1505932624,21928557,3343.50,0.02810052,0
1505932583,21928545,3343.50,0.05966801,0
1505932577,21928542,3343.50,0.14400000,0
1505932575,21928540,3343.50,0.31425470,0
1505932570,21928533,3343.50,1.30397905,1
1505932565,21928527,3343.50,0.01928780,1
1505932547,21928507,3349.99,0.01365000,0
1505932546,21928506,3349.99,0.00864425,0
1505932544,21928499,3349.99,0.00835208,0
1505932524,21928482,3349.99,0.01868801,0
1505932524,21928481,3349.98,0.02351644,0
1505932515,21928476,3349.99,0.04517028,0
1505932513,21928475,3349.98,0.02926999,0
1505932507,21928473,3349.98,0.01525479,0
1505932507,21928472,3349.97,0.01331100,0
1505932485,21928464,3342.81,0.02161100,1
1505932419,21928418,3349.97,0.00297615,0
1505932401,21928390,3349.99,0.04454341,0
1505932399,21928387,3349.98,0.02959814,0
1505932390,21928372,3349.99,0.02977620,0
1505932372,21928346,3345.10,0.11917700,1
1505932334,21928342,3349.99,0.10025000,0
1505932334,21928341,3349.99,0.00904538,0
1505932325,21928329,3349.99,0.05631170,0
1505932285,21928320,3349.99,0.13969065,0
1505932285,21928319,3349.98,0.05866868,0
1505932278,21928317,3346.20,0.40000000,1
1505932262,21928309,3349.98,0.02849749,1
1505932258,21928303,3349.98,0.05870183,1
1505932247,21928297,3349.99,0.00843853,0
1505932226,21928285,3349.98,0.09373490,0
1505932226,21928284,3345.20,1.00000000,1
1505932207,21928265,3349.98,0.02739419,0
1505932188,21928243,3345.10,0.11798751,1
1505932176,21928232,3345.10,0.07486772,1
1505932170,21928225,3349.97,0.02148098,0
1505932165,21928216,3345.10,0.05715613,1
1505932161,21928213,3345.10,0.07051390,1
1505932126,21928185,3349.97,0.00829681,0
1505932095,21928174,3345.44,0.03270171,1
1505932048,21928140,3349.98,0.00317655,0
1505932044,21928135,3349.98,0.27984449,0
1505932044,21928134,3349.98,0.15765169,0
1505932028,21928127,3349.99,0.18801846,0
1505932026,21928126,3349.98,0.08890203,0
1505931984,21928063,3349.98,0.02518277,0
1505931982,21928061,3349.99,0.22683052,0
1505931980,21928060,3349.98,0.07093177,0
1505931962,21928052,3341.91,0.00239469,1
1505931957,21928051,3341.90,0.00478936,1
1505931953,21928047,3341.90,0.00957873,1
1505931952,21928046,3341.90,0.01915746,1
1505931948,21928045,3341.90,0.03831491,1
1505931942,21928037,3341.80,0.07662982,1
1505931940,21928036,3341.81,0.15325965,1
1505931936,21928035,3341.72,0.12373623,1
1505931936,21928034,3341.81,0.18278307,1
1505931931,21928033,3341.70,0.01303860,1
1505931929,21928030,3341.71,0.02607719,1
1505931925,21928029,3341.47,0.05215439,1
1505931923,21928028,3341.47,0.10430878,1
1505931919,21928025,3341.35,0.02583449,1
1505931918,21928023,3341.50,0.02583449,1
1505931911,21928015,3349.99,0.08804657,0
1505931904,21928010,3349.99,0.01785504,0
1505931903,21928009,3349.99,1.01239705,0
1505931889,21927975,3349.99,0.04707484,0
1505931887,21927973,3349.98,0.00836699,0
1505931885,21927971,3349.98,0.01173936,0
1505931857,21927939,3349.99,0.14888104,0
1505931856,21927938,3349.99,2.00000000,0
1505931842,21927927,3343.00,0.00700000,1
1505931805,21927904,3349.99,0.14978596,0
1505931786,21927875,3349.99,0.02815094,0
1505931786,21927874,3349.99,0.02739411,0
1505931784,21927868,3349.99,0.01749571,0
1505931744,21927820,3349.99,0.02815094,0
1505931725,21927816,3349.98,0.00830911,0
1505931687,21927801,3348.07,0.00601354,0
1505931687,21927800,3348.06,0.87208875,0
1505931631,21927778,3344.00,0.01496800,0
1505931631,21927777,3344.00,1.14227106,0
1505931628,21927774,3344.00,11.90198863,0
1505931559,21927708,3344.00,2.00000000,0
1505931557,21927706,3343.99,0.06781299,1
1505931554,21927704,3344.00,2.00000000,0
1505931549,21927700,3344.00,2.00000000,0
1505931535,21927672,3343.99,0.06578104,1
1505931526,21927667,3343.99,0.21010017,1
1505931517,21927665,3343.99,0.47000000,1
1505931505,21927661,3344.00,0.01375000,0
1505931494,21927659,3344.00,0.00224282,0
1505931466,21927645,3344.00,0.25555907,0
1505931461,21927644,3344.00,0.01637487,0
1505931423,21927633,3344.00,0.00921534,0
1505931422,21927632,3344.00,0.00447368,0
1505931365,21927604,3344.00,0.17797270,0
1505931365,21927603,3343.99,0.11000000,0
1505931363,21927602,3343.99,0.00855817,0
1505931325,21927584,3335.11,0.01227012,1
1505931312,21927574,3344.00,0.01490897,0
1505931286,21927558,3344.00,0.11213741,0
1505931253,21927536,3344.00,0.72423145,0
1505931246,21927533,3344.00,0.27741627,0
1505931245,21927531,3344.00,0.02651795,0
1505931230,21927485,3344.00,0.46000000,0
1505931222,21927483,3344.00,0.00745514,0
1505931204,21927480,3344.00,0.07300951,0
1505931194,21927478,3344.00,0.03547367,0
1505931106,21927455,3344.00,0.28881479,0
1505931048,21927426,3344.00,0.30000000,0
1505931048,21927425,3344.00,0.30000000,0
1505931048,21927424,3344.00,0.30000000,0
1505931028,21927408,3344.00,0.07363287,0
1505931013,21927398,3344.00,0.30000000,0
1505930984,21927376,3344.00,0.02962319,0
1505930974,21927375,3344.00,0.14616328,0
1505930965,21927371,3340.00,0.02500000,0
1505930965,21927370,3340.00,3.77092564,0
1505930963,21927369,3340.00,0.02045000,0
1505930944,21927362,3340.00,0.01573655,0
1505930942,21927360,3340.00,2.00000000,0
1505930921,21927357,3340.00,17.90000000,0
1505930910,21927355,3340.00,0.03488700,0
1505930906,21927340,3340.00,0.07466168,0
1505930905,21927339,3340.00,2.09266766,0
1505930876,21927335,3340.00,18.12000000,0
1505930826,21927328,3339.99,0.00837829,0
1505930825,21927327,3335.70,0.01459651,1
1505930824,21927326,3339.99,0.00838882,0
1505930809,21927323,3340.00,2.00000000,0
1505930806,21927320,3340.00,0.02411900,0
1505930801,21927319,3340.00,1.38300000,0
1505930801,21927318,3339.99,0.11000000,0
1505930769,21927299,3340.00,0.03141617,0
1505930767,21927296,3339.99,0.10596244,0
1505930763,21927292,3339.99,0.01403756,0
1505930725,21927283,3339.99,0.01375000,0
1505930723,21927282,3339.99,0.10714104,0
1505930705,21927277,3335.11,0.60000000,1
1505930689,21927274,3340.00,0.53249101,0
1505930687,21927273,3339.99,0.12454685,0
1505930684,21927270,3339.99,0.01545315,0
1505930666,21927266,3340.00,1.29968289,0
1505930666,21927265,3339.99,0.16000000,1
1505930664,21927260,3339.50,0.00646447,0
1505930664,21927258,3335.30,2.00000000,0
1505930652,21927249,3335.40,8.00000000,1
1505930646,21927242,3339.99,0.04579654,0
1505930644,21927239,3339.50,0.09630000,0
1505930600,21927224,3339.49,0.02960323,0
1505930564,21927205,3339.99,0.11597951,0
1505930564,21927204,3339.98,0.02813794,0
1505930484,21927177,3339.97,0.01132000,0
1505930483,21927176,3335.10,0.11712049,1
1505930450,21927126,3339.97,0.01428600,0
1505930420,21927119,3335.10,0.07984023,1
1505930401,21927104,3339.98,0.00299403,0
1505930384,21927097,3339.98,0.02677003,0
1505930314,21927073,3339.98,0.14770251,0
1505930294,21927065,3339.98,0.01498300,0
1505930288,21927062,3335.10,0.14480000,1
1505930266,21927047,3339.98,0.00149103,0
1505930265,21927046,3339.98,0.00857612,0
1505930262,21927045,3335.10,0.01452969,1
1505930229,21927036,3339.99,0.01722058,0
1505930228,21927035,3339.99,0.02934444,0
1505930226,21927034,3339.99,0.02495531,0
1505930226,21927033,3339.98,0.01915076,0
1505930183,21927026,3340.00,1.34249512,0
1505930183,21927025,3339.99,0.20000000,0
1505930183,21927024,3337.00,0.79354688,0
1505930163,21927008,3337.00,0.02878034,0
1505930125,21927003,3337.00,0.01519448,0
1505930120,21927000,3335.00,0.18409353,1
1505930105,21926994,3335.00,0.17632984,1
1505930091,21926984,3338.00,0.16247830,1
1505930059,21926974,3340.00,0.25154223,0
1505930059,21926973,3339.99,0.05114948,0
1505930058,21926972,3339.99,0.16885052,1
1505930050,21926965,3340.00,0.08820489,0
1505930047,21926964,3339.99,0.25000000,0
1505930046,21926963,3339.85,0.06102545,0
1505930046,21926962,3339.84,0.02012403,0
1505930045,21926960,3338.00,0.09825770,1
1505930026,21926939,3339.99,0.03940347,0
1505929985,21926908,3340.00,0.02747605,0
1505929966,21926904,3338.00,0.21437099,1
1505929956,21926897,3344.00,0.02714841,0
1505929955,21926896,3344.00,0.23544940,0
1505929931,21926885,3338.00,0.16303600,1
1505929902,21926878,3338.00,0.25472700,1
1505929827,21926860,3344.00,0.10018594,0
1505929825,21926859,3344.00,0.02513739,0
1505929807,21926857,3344.00,0.27741627,0
1505929752,21926828,3344.99,0.02373979,0
1505929752,21926827,3344.99,0.00906681,0
1505929703,21926814,3344.96,0.02725000,0
1505929701,21926813,3338.00,0.16669875,1
1505929697,21926810,3338.00,0.10772200,1
1505929696,21926809,3338.00,0.39880394,1
1505929690,21926764,3338.00,0.00647159,1
1505929675,21926745,3338.00,0.75543373,1
1505929673,21926744,3339.00,0.41800000,1
1505929663,21926734,3344.99,0.01259046,0
1505929644,21926723,3338.00,0.60000000,1
1505929621,21926715,3340.00,0.18562901,1
1505929612,21926714,3340.00,0.81437099,1
1505929612,21926713,3340.00,0.22039281,1
1505929604,21926709,3348.06,0.01660325,0
1505929541,21926673,3340.00,0.55950629,1
1505929535,21926670,3340.00,0.02385877,1
1505929530,21926669,3340.00,0.55344213,1
1505929530,21926668,3342.00,0.16133196,1
1505929530,21926666,3342.14,0.81119523,1
1505929530,21926665,3342.15,0.26343582,1
1505929529,21926664,3342.15,0.05626162,1
1505929529,21926663,3342.15,0.27728710,1
1505929523,21926660,3342.15,0.38834860,1
1505929522,21926657,3342.15,0.05824435,1
1505929520,21926652,3342.15,0.02000000,1
1505929511,21926642,3348.06,0.01459651,0
1505929506,21926638,3348.07,0.06852305,0
1505929503,21926633,3348.06,0.01399778,0
1505929502,21926631,3342.15,0.09907389,1
1505929485,21926625,3342.15,0.09907385,1
1505929466,21926621,3348.07,0.00892024,0
1505929458,21926619,3342.15,0.03587830,1
1505929448,21926614,3348.99,0.03000000,0
1505929448,21926613,3348.99,0.01207000,0
1505929448,21926612,3348.99,0.01388700,0
1505929447,21926611,3348.99,0.01074800,0
1505929447,21926610,3348.96,0.17426234,0
1505929383,21926559,3342.15,0.19518385,1
1505929341,21926540,3342.15,0.50721262,1
1505929340,21926539,3342.98,0.14055196,1
1505929323,21926520,3348.99,0.01399365,0
1505929321,21926519,3348.99,0.00317656,0
1505929320,21926518,3348.99,0.05957020,0
1505929303,21926507,3348.99,0.02951091,0
1505929225,21926468,3349.98,0.00857867,0
1505929206,21926454,3349.98,0.02739419,0
1505929198,21926450,3349.98,0.02910546,0
1505929197,21926448,3349.97,0.17865534,1
1505929196,21926447,3349.97,0.09000000,0
1505929145,21926436,3349.98,0.02739419,0
1505929144,21926434,3342.14,0.17728226,1
1505929133,21926426,3349.99,0.57089424,0
1505929132,21926425,3349.98,0.21181022,0
1505929125,21926422,3349.99,0.01073730,0
1505929121,21926419,3349.99,0.02350101,0
1505929119,21926418,3349.98,0.21003708,0
1505929098,21926408,3349.99,0.18686966,0
1505929096,21926407,3349.98,0.01823920,0
1505929081,21926400,3342.14,0.22475370,1
1505929079,21926399,3343.28,0.02468156,1
1505929063,21926383,3349.98,0.01865000,0
1505929031,21926380,3349.99,0.14593141,0
1505929024,21926378,3349.98,0.00835206,0
1505928997,21926373,3349.99,0.08539777,0
1505928995,21926372,3349.98,0.06348047,0
1505928925,21926359,3349.99,0.02338407,0
1505928925,21926358,3349.98,0.12696093,0
1505928903,21926319,3349.98,0.00670000,0
1505928866,21926308,3342.14,0.01546306,1
1505928853,21926302,3342.14,0.70118900,1
1505928853,21926301,3343.02,0.29881100,1
1505928846,21926295,3349.98,0.06848399,0
1505928844,21926293,3349.98,0.00835500,0
1505928827,21926291,3349.98,0.00327465,0
1505928785,21926266,3349.99,0.01438720,0
1505928763,21926264,3349.99,0.00835203,0
1505928713,21926233,3343.00,1.11583076,1
1505928713,21926232,3344.69,0.00298084,1
1505928713,21926229,3344.71,0.87251000,1
1505928712,21926227,3344.80,0.00627840,1
1505928706,21926223,3349.99,0.43025000,0
1505928697,21926214,3349.99,0.00148657,0
1505928687,21926208,3349.99,0.02977621,0
1505928681,21926202,3349.99,0.29261552,0
1505928663,21926190,3349.99,0.04414829,0
1505928649,21926184,3349.99,0.00595524,0
1505928627,21926180,3349.99,0.41753969,0
1505928627,21926179,3349.50,0.20244222,0
1505928627,21926178,3348.80,0.38001809,0
1505928624,21926177,3348.80,0.02867004,0
1505928584,21926169,3348.80,0.01816287,0
1505928581,21926167,3348.80,0.02314900,0
1505928571,21926155,3344.80,2.08847218,1
1505928571,21926154,3344.87,0.07030895,1
1505928571,21926153,3345.00,0.02758408,1
1505928571,21926152,3345.73,0.01363479,1
1505928507,21926142,3345.97,0.01557821,1
1505928507,21926141,3345.97,0.01592179,1
1505928489,21926137,3349.99,0.01035000,0
1505928487,21926130,3349.99,0.00826128,0
1505928469,21926122,3349.99,0.01625000,0
1505928467,21926121,3349.99,0.00832916,0
1505928466,21926120,3349.99,0.59551820,0
1505928463,21926106,3348.00,0.00500000,1
1505928462,21926103,3349.99,0.00746200,0
1505928446,21926096,3349.99,0.29157136,0
1505928443,21926095,3349.99,0.04832371,0
1505928435,21926091,3345.97,0.01989915,1
1505928429,21926080,3345.97,0.01592179,0
1505928429,21926079,3345.95,0.01989915,0
1505928423,21926075,3345.99,0.05068037,1
1505928416,21926069,3345.99,0.74898665,0
1505928415,21926065,3345.99,0.05000000,0
1505928411,21926058,3345.99,0.91436988,0
1505928408,21926052,3345.99,0.00861789,0
1505928407,21926047,3345.99,0.91359191,0
1505928407,21926045,3345.99,0.05000000,0
1505928403,21926041,3348.00,0.10000000,1
1505928402,21926040,3349.02,0.04479818,1
1505928402,21926039,3349.02,3.00000000,1
1505928402,21926037,3349.03,0.31000000,1
1505928402,21926036,3349.40,2.49100000,1
1505928402,21926035,3350.00,0.24554388,1
1505928402,21926034,3351.00,1.12309161,1
1505928391,21926025,3351.01,0.16660599,1
1505928391,21926024,3351.01,0.03211401,1
1505928380,21926013,3364.39,0.01696116,0
1505928380,21926012,3362.00,0.50953444,0
1505928378,21926011,3361.99,0.06688635,0
1505928375,21926010,3361.99,0.01662781,0
1505928343,21926003,3350.00,0.07343981,1
1505928284,21925968,3350.00,0.30428048,1
1505928252,21925950,3363.08,0.29072948,0
1505928246,21925942,3363.21,0.02776465,0
1505928219,21925938,3350.00,0.37673583,1
1505928217,21925937,3351.02,0.16800000,1
1505928213,21925934,3363.78,0.11861056,0
1505928181,21925915,3351.00,0.10382936,1
1505928181,21925914,3351.01,0.07186489,1
1505928179,21925913,3351.02,0.00556353,1
1505928144,21925883,3364.47,0.01323472,0
1505928141,21925882,3364.34,0.00710522,0
1505928125,21925880,3352.47,0.11217011,0
1505928125,21925879,3352.47,0.16882989,1
1505928104,21925858,3364.79,0.02502658,0
1505928074,21925854,3364.91,0.01773364,1
1505928066,21925851,3364.81,0.02236180,0
1505928064,21925849,3351.88,0.00579881,1
1505928064,21925848,3351.88,0.05847325,1
1505928001,21925820,3364.60,0.00757080,0
1505928001,21925819,3364.35,0.10000000,0
1505927944,21925817,3364.76,0.10651617,0
1505927926,21925812,3364.92,0.07310442,0
1505927904,21925806,3364.93,0.01568488,0
1505927894,21925805,3363.64,0.05847325,0
1505927857,21925792,3349.20,0.10826688,1
1505927856,21925791,3349.21,0.04173312,1
1505927821,21925784,3363.13,0.00831480,0
1505927799,21925782,3363.45,0.01482800,0
1505927775,21925780,3363.89,0.01859032,0
1505927732,21925761,3362.25,0.02938507,0
1505927706,21925756,3362.42,0.08004059,0
1505927683,21925747,3350.00,0.01680000,0
1505927676,21925743,3345.40,0.31309247,0
1505927676,21925742,3348.32,0.01329360,1
1505927676,21925741,3350.00,0.10000000,1
1505927674,21925740,3350.01,0.07288587,1
1505927665,21925735,3364.68,0.07288587,0
1505927631,21925713,3349.71,0.00242050,1
1505927631,21925712,3349.71,0.00246806,1
1505927627,21925699,3349.60,0.59730772,1
1505927622,21925698,3349.71,0.65000000,1
1505927612,21925694,3351.27,0.01680000,0
1505927611,21925693,3351.27,0.77689618,1
1505927604,21925690,3352.32,0.03973398,0
1505927604,21925689,3352.31,0.01680000,0
1505927602,21925688,3352.32,0.75499356,0
1505927602,21925687,3352.32,0.03927131,0
1505927601,21925686,3351.28,0.68014420,1
1505927601,21925685,3351.32,0.00348915,1
1505927601,21925684,3351.34,0.00232915,1
1505927600,21925683,3352.32,0.03926832,0
1505927595,21925681,3351.27,0.09561382,1
1505927595,21925680,3351.28,0.02556475,1
1505927594,21925679,3352.33,0.04199915,1
1505927594,21925678,3352.35,0.06299915,1
1505927591,21925677,3352.32,0.33000000,1
1505927591,21925676,3352.32,0.01680000,1
1505927591,21925675,3352.33,0.03639978,1
1505927587,21925674,3368.73,0.00831228,0
1505927587,21925673,3352.40,1.15426528,1
1505927587,21925672,3352.40,0.62709474,1
1505927586,21925671,3368.73,0.01725247,0
1505927585,21925670,3352.31,1.00762231,1
1505927585,21925669,3352.32,0.21614448,1
1505927585,21925668,3352.32,0.10519276,1
1505927584,21925665,3368.73,0.03639978,0
1505927580,21925658,3352.27,1.00000000,0
1505927580,21925657,3352.28,0.09908744,1
1505927580,21925656,3370.00,0.84732598,1
1505927577,21925652,3370.00,0.88267402,0
1505927577,21925651,3369.99,0.27000000,0
1505927576,21925648,3370.00,0.34100798,0
1505927576,21925647,3370.00,1.51835107,1
1505927576,21925644,3369.90,1.89475470,0
1505927575,21925643,3369.00,0.00633272,0
1505927575,21925642,3369.00,1.28109716,0
1505927575,21925641,3368.74,0.27000000,0
1505927575,21925639,3368.74,0.68334540,0
1505927574,21925635,3368.73,0.97500000,1
1505927574,21925634,3368.73,0.00166897,1
1505927574,21925633,3366.07,0.08602974,0
1505927574,21925630,3366.06,0.45789141,0
1505927573,21925628,3366.02,0.65166813,1
1505927573,21925626,3365.00,0.07035661,0
1505927573,21925625,3364.99,0.17308624,0
1505927572,21925623,3364.94,2.85566757,1
1505927572,21925622,3364.94,0.00333795,1
1505927571,21925621,3364.94,0.57951677,0
1505927568,21925620,3352.10,0.00667591,1
1505927567,21925619,3352.15,0.01335181,1
1505927563,21925615,3352.15,0.02670362,1
1505927557,21925612,3353.14,0.01640639,1
1505927555,21925611,3353.30,0.03281278,1
1505927525,21925599,3364.99,0.03920810,0
1505927473,21925593,3364.94,0.08764508,0
1505927440,21925585,3365.00,0.02964339,0
1505927424,21925553,3364.99,0.01663171,0
1505927424,21925552,3364.98,0.10000000,0
1505927385,21925537,3364.99,0.15025981,0
1505927382,21925535,3353.62,0.02800000,1
1505927351,21925523,3352.02,1.18076238,0
1505927350,21925522,3352.02,0.04733957,1
1505927345,21925521,3365.94,0.01392688,0
1505927342,21925520,3366.03,0.14415739,0
1505927333,21925517,3351.85,0.00577900,1
1505927306,21925501,3365.99,0.08354926,0
1505927286,21925495,3366.06,0.02868371,0
1505927264,21925486,3366.00,0.01392742,0
1505927242,21925480,3352.84,0.09634290,1
1505927238,21925478,3352.87,0.12034509,1
1505927237,21925473,3352.81,0.13482003,1
1505927237,21925471,3352.81,0.07909855,1
1505927230,21925462,3366.06,0.51342488,0
1505927229,21925461,3366.01,0.27559931,0
1505927229,21925460,3366.01,0.10000000,0
1505927226,21925459,3365.98,0.27560227,1
1505927223,21925454,3366.05,0.04368247,0
1505927218,21925453,3365.91,0.37261007,0
1505927218,21925451,3366.03,0.15874819,0
1505927177,21925409,3354.50,1.72938543,1
1505927150,21925398,3354.50,0.00792666,1
1505927149,21925397,3360.00,0.34889089,1
1505927149,21925396,3360.00,1.84651338,1
1505927149,21925395,3360.00,0.80459573,1
1505927115,21925377,3365.97,0.00508045,0
1505927109,21925370,3355.81,0.65265162,1
1505927105,21925359,3366.03,0.40763452,1
1505927105,21925358,3366.03,1.00000000,0
1505927064,21925322,3366.07,0.03919552,0
1505927062,21925319,3356.80,0.11162443,0
1505927061,21925312,3361.00,0.05679352,0
1505927056,21925292,3356.70,0.19945547,1
1505927004,21925206,3366.07,0.20743775,0
1505927004,21925205,3366.07,0.03831430,0
1505926968,21925184,3366.07,0.02797775,0
1505926967,21925183,3366.07,0.07312366,0
1505926945,21925172,3366.07,0.02792128,0
1505926943,21925171,3355.21,0.07442751,1
1505926930,21925159,3367.04,0.02882571,0
1505926928,21925158,3367.10,0.01513847,0
1505926927,21925155,3367.08,0.03392156,0
1505926927,21925154,3367.08,0.02989915,0
1505926926,21925153,3367.06,0.00989915,0
1505926906,21925147,3367.07,1.03876368,1
1505926905,21925146,3367.07,0.14624549,0
1505926900,21925144,3355.50,0.19448870,1
1505926892,21925138,3355.51,0.03089000,1
1505926889,21925133,3355.50,0.09404018,1
1505926883,21925129,3355.42,0.03398092,1
1505926882,21925127,3367.11,0.03085173,0
1505926880,21925126,3367.10,0.01939827,0
1505926846,21925095,3354.50,0.49518327,1
1505926843,21925094,3367.11,0.02290278,0
1505926843,21925093,3367.10,0.03879654,0
1505926833,21925078,3360.70,0.03692364,1
1505926827,21925067,3360.68,0.07565745,1
1505926824,21925065,3368.91,0.01423625,0
1505926812,21925037,3360.68,0.18813605,1
1505926810,21925029,3360.67,0.16829844,1
1505926807,21925012,3354.51,0.29072141,1
1505926807,21925011,3354.51,0.20000000,1
1505926804,21925007,3354.50,0.16830697,1
1505926795,21924985,3360.59,2.43769594,1
1505926795,21924982,3360.59,2.70129055,1
1505926787,21924973,3369.00,0.71890284,0
1505926787,21924971,3368.99,0.29000000,0
1505926787,21924969,3368.85,0.63169828,0
1505926787,21924967,3368.34,0.10000000,0
1505926786,21924965,3367.00,0.07163531,0
1505926786,21924964,3366.99,0.99115168,0
1505926786,21924962,3366.86,0.07759307,0
1505926776,21924942,3354.33,0.83179387,1
1505926775,21924941,3354.50,0.00918766,1
1505926767,21924932,3354.33,0.38821802,1
1505926766,21924927,3354.33,0.91276070,1
1505926766,21924926,3354.33,0.13664892,1
1505926765,21924925,3354.33,0.50991119,1
1505926765,21924924,3354.33,2.15803515,1
1505926765,21924923,3366.95,0.01013409,0
1505926764,21924921,3354.41,0.28000000,1
1505926764,21924920,3354.50,2.00000000,1
1505926762,21924918,3360.11,0.95153945,1
1505926762,21924917,3360.11,0.58275565,1
1505926760,21924913,3360.11,0.00262640,1
1505926758,21924905,3360.11,0.78951582,1
1505926757,21924904,3360.20,2.00000000,1
1505926756,21924895,3360.11,0.65646691,1
1505926755,21924888,3360.11,0.00525280,1
1505926751,21924861,3360.35,0.01050560,1
1505926750,21924857,3360.35,0.92959663,0
1505926749,21924855,3354.40,0.02101120,1
1505926746,21924845,3366.59,0.03226740,0
1505926746,21924844,3365.00,0.01790261,0
1505926745,21924842,3360.35,0.04202241,1
1505926744,21924830,3360.35,2.78845061,1
1505926729,21924791,3354.33,0.06442928,1
1505926723,21924783,3365.00,0.02209739,0
1505926719,21924777,3355.01,0.10390390,1
1505926718,21924776,3355.01,0.09609610,1
1505926644,21924716,3363.96,0.02210642,0
1505926643,21924715,3363.94,0.01989915,0
1505926597,21924699,3364.28,0.20000000,0
1505926559,21924691,3349.00,6.94756199,1
1505926559,21924690,3349.00,0.44460589,1
1505926559,21924689,3350.06,0.34859397,1
1505926559,21924688,3350.06,0.52391603,1
1505926558,21924687,3352.14,0.17500000,0
1505926553,21924685,3350.06,0.21870183,1
1505926550,21924683,3350.06,0.87251000,1
1505926548,21924682,3354.40,0.28643199,1
1505926544,21924679,3367.00,0.00836469,0
1505926544,21924678,3366.00,0.04880240,0
1505926522,21924663,3350.08,0.98658890,1
1505926522,21924662,3351.00,0.02330275,1
1505926522,21924661,3354.61,0.24658258,1
1505926521,21924660,3354.61,0.72877109,1
1505926516,21924655,3354.61,0.29085779,1
1505926516,21924654,3354.61,0.24850000,1
1505926511,21924650,3354.61,0.20496756,1
1505926511,21924649,3354.62,0.50000000,1
1505926511,21924648,3365.97,0.19199244,1
1505926507,21924645,3365.97,0.07017090,1
1505926507,21924644,3365.97,0.01989915,1
1505926506,21924640,3365.97,0.40982731,1
1505926506,21924639,3365.97,0.00811020,1
1505926489,21924606,3354.61,0.03370571,1
1505926486,21924596,3354.61,1.42618367,1
1505926485,21924592,3354.61,1.84388648,1
1505926484,21924590,3365.88,0.00860994,0
1505926483,21924588,3354.61,0.34460716,1
1505926483,21924585,3354.62,0.00000220,1
1505926482,21924580,3354.62,0.26999780,1
1505926481,21924577,3354.61,2.84318893,1
1505926479,21924570,3354.61,0.78875201,1
1505926478,21924568,3354.61,0.79999702,1
1505926473,21924566,3354.30,0.05018906,1
1505926472,21924561,3354.30,6.38764966,1
1505926472,21924556,3354.30,0.44640015,1
1505926470,21924553,3354.30,0.83892914,1
1505926469,21924547,3354.30,0.41213965,1
1505926468,21924543,3354.30,0.87317474,1
1505926464,21924540,3365.96,0.01384747,0
1505926458,21924530,3365.99,0.09186599,0
1505926446,21924520,3354.30,0.09151760,1
1505926446,21924518,3354.31,0.00951151,1
1505926445,21924516,3354.31,0.00048021,1
1505926440,21924512,3354.31,0.01374727,1
1505926431,21924503,3365.32,0.00951151,0
1505926406,21924483,3365.09,0.01422748,0
1505926396,21924481,3351.01,0.00019239,1
1505926396,21924480,3351.02,0.01219328,1
1505926393,21924473,3351.01,0.58780672,0
1505926391,21924471,3351.02,0.01219328,1
1505926373,21924425,3351.02,0.01252396,1
1505926365,21924406,3365.00,0.00841924,0
1505926365,21924405,3365.00,0.01629800,0
1505926345,21924400,3351.00,0.06473590,1
1505926331,21924397,3351.00,0.01196135,1
1505926304,21924386,3365.23,0.01533315,0
1505926282,21924374,3365.64,0.28593318,0
1505926264,21924370,3365.47,0.00831073,0
1505926191,21924348,3350.05,0.03360006,1
1505926185,21924339,3366.00,0.19358530,0
1505926185,21924338,3362.99,0.06226008,0
1505926185,21924337,3362.98,0.03058204,0
1505926183,21924336,3362.98,0.00971313,0
1505926181,21924334,3350.05,0.88940009,1
1505926181,21924333,3350.06,0.06284260,1
1505926181,21924332,3350.07,0.08870396,1
1505926181,21924331,3350.08,0.02918343,1
1505926176,21924326,3350.08,0.01129846,1
1505926173,21924316,3366.00,0.53243867,1
1505926173,21924313,3366.00,0.01790000,1
1505926172,21924311,3366.00,0.02003430,1
1505926171,21924305,3366.00,0.08059035,1
1505926170,21924302,3366.00,0.28817106,0
1505926170,21924300,3365.94,0.06086562,0
1505926162,21924290,3366.00,0.02999652,0
1505926162,21924288,3365.94,0.16118069,0
1505926162,21924286,3365.88,0.09999758,0
1505926162,21924285,3365.89,0.00000242,1
1505926162,21924284,3365.89,0.23079483,1
1505926161,21924282,3365.89,0.05987124,0
1505926159,21924275,3350.06,0.10027649,1
1505926132,21924235,3350.04,0.07053766,1
1505926127,21924234,3350.03,0.11310347,1
1505926116,21924229,3366.39,0.06256852,0
1505926116,21924228,3366.39,0.20000000,0
1505926110,21924227,3350.01,0.13894616,1
1505926101,21924224,3366.67,0.08861122,0
1505926095,21924223,3350.01,0.15413933,1
1505926095,21924221,3350.02,0.04744401,1
1505926092,21924219,3366.75,0.04743984,0
1505926089,21924215,3350.01,0.59392277,1
1505926084,21924208,3351.00,0.32314958,1
1505926078,21924205,3351.00,0.07236143,1
1505926078,21924204,3351.00,0.01081594,1
1505926076,21924202,3351.00,0.44802584,1
1505926076,21924201,3351.00,0.20707516,1
1505926073,21924198,3352.00,0.59538744,1
1505926073,21924197,3352.10,0.44585211,1
1505926068,21924193,3352.10,0.20700427,1
1505926068,21924192,3352.10,0.20656941,1
1505926067,21924190,3352.10,1.14057421,1
1505926054,21924174,3352.01,0.85405570,1
1505926052,21924173,3354.58,0.01198542,1
1505926051,21924172,3354.58,0.19970809,1
1505926051,21924171,3354.58,1.86467591,1
1505926051,21924170,3354.59,0.23000000,1
1505926043,21924164,3354.58,0.36212100,1
1505926041,21924157,3354.58,0.06571017,1
1505926038,21924150,3354.58,0.30541529,1
1505926037,21924148,3354.58,0.36189800,1
1505926035,21924145,3354.58,0.36186800,1
1505926035,21924143,3354.58,0.60933642,1
1505926035,21924142,3354.58,0.05555582,1
1505926034,21924140,3354.58,0.36184100,1
1505926032,21924137,3354.58,0.36180983,1
1505926032,21924136,3354.62,0.00000417,1
1505926029,21924133,3354.62,0.19999583,0
1505926026,21924129,3366.58,0.01826600,0
1505926025,21924125,3354.62,0.19999583,1
1505926024,21924123,3366.58,0.02796063,0
1505926024,21924122,3354.65,0.18726246,1
1505926020,21924113,3366.58,0.24198545,0
1505926005,21924102,3366.60,0.02796030,0
1505926004,21924101,3366.62,0.10680584,0
1505926004,21924100,3366.62,0.01244135,0
1505926004,21924099,3366.61,0.20000000,0
1505925992,21924095,3351.00,0.07225414,1
1505925992,21924094,3351.01,0.02167783,1
1505925992,21924093,3351.01,0.10000000,1
1505925985,21924091,3366.67,0.00592573,0
1505925974,21924083,3366.73,0.14814078,0
1505925971,21924082,3351.06,0.13676246,1
1505925965,21924065,3351.02,0.00084743,1
1505925965,21924064,3351.03,0.10618664,1
1505925965,21924063,3365.59,0.01142197,0
1505925965,21924062,3365.58,0.10000000,0
1505925955,21924059,3351.76,0.14873830,1
1505925905,21924040,3366.04,0.02252526,0
1505925903,21924036,3366.05,0.29042658,0
1505925890,21924031,3366.34,0.10507767,1
1505925883,21924029,3351.00,0.09000000,1
1505925876,21924026,3352.00,0.94642686,1
1505925875,21924025,3352.00,0.75474535,1
1505925875,21924024,3352.01,0.65071273,1
1505925875,21924023,3352.01,0.04381030,1
1505925841,21924011,3352.11,0.00683524,1
1505925829,21924006,3352.04,0.12423778,1
1505925796,21923987,3366.92,0.59622088,1
1505925796,21923986,3366.92,0.10000000,0
1505925785,21923982,3352.24,0.09990000,1
1505925756,21923973,3366.71,0.01183698,1
1505925756,21923972,3366.71,0.03630468,1
1505925755,21923971,3366.71,0.10000000,0
1505925745,21923969,3366.74,0.01449878,0
1505925743,21923968,3366.75,0.05225000,0
1505925737,21923966,3366.79,0.03230022,0
1505925704,21923957,3366.93,0.02798432,0
1505925693,21923953,3352.00,1.17882779,1
1505925690,21923952,3352.01,1.62260605,1
1505925689,21923951,3352.00,0.06000000,1
1505925689,21923950,3352.00,0.06000000,1
1505925685,21923946,3353.55,3.70070259,1
1505925685,21923945,3353.55,1.17929741,1
1505925677,21923938,3353.55,0.05616041,1
1505925676,21923937,3353.55,0.14073297,1
1505925675,21923936,3353.55,0.00726703,1
1505925675,21923935,3353.56,0.13419253,1
1505925675,21923934,3366.99,0.00420354,1
1505925674,21923933,3366.99,0.01644895,0
1505925651,21923894,3366.99,0.02939642,0
1505925650,21923892,3366.99,0.02939642,0
1505925650,21923891,3366.99,0.01002676,0
1505925648,21923890,3353.51,0.03423131,1
1505925646,21923888,3366.99,0.06537293,0
1505925638,21923886,3358.57,4.19244479,1
1505925638,21923885,3358.58,0.25000000,1
1505925638,21923883,3358.58,0.00420080,1
1505925638,21923882,3358.58,0.72722690,1
1505925626,21923870,3358.57,0.24991511,1
1505925626,21923868,3358.58,0.28000000,1
1505925623,21923861,3364.43,0.52968523,0
1505925621,21923859,3358.57,0.02925125,1
1505925617,21923849,3358.58,5.13655549,1
1505925617,21923848,3358.58,0.99037962,1
1505925617,21923846,3358.58,0.43633614,1
1505925615,21923840,3358.58,0.31000000,1
1505925611,21923836,3364.43,0.50570528,1
1505925608,21923825,3364.43,0.28638264,1
1505925608,21923824,3365.00,0.00295613,1
1505925606,21923823,3365.00,1.88404387,0
1505925606,21923821,3365.00,0.30300000,0
1505925599,21923809,3364.00,1.00000000,0
1505925599,21923808,3363.90,0.85850085,0
1505925586,21923796,3363.90,0.14149915,0
1505925585,21923791,3358.57,0.27786954,1
1505925580,21923788,3363.89,0.16150239,0
1505925580,21923787,3363.69,0.06336363,0
1505925580,21923786,3363.69,0.22513398,0
1505925574,21923783,3353.53,0.03919915,1
1505925573,21923782,3353.55,0.05879915,1
1505925573,21923781,3356.29,0.02667156,1
1505925573,21923780,3356.30,0.01710994,1
1505925563,21923775,3356.37,0.34000000,1
1505925545,21923761,3358.96,0.04500000,1
1505925526,21923745,3363.68,0.14222210,0
1505925519,21923734,3363.68,0.03913000,0
1505925505,21923706,3358.96,0.03420702,1
1505925503,21923705,3363.69,0.00831801,0
1505925496,21923703,3363.69,0.02205000,0
1505925485,21923693,3363.69,0.00831801,0
1505925317,21923633,3363.69,0.00185515,0
1505925313,21923632,3363.69,0.00371031,0
1505925311,21923628,3363.69,0.00742061,0
1505925297,21923620,3363.69,0.08278535,0
1505925297,21923618,3363.57,0.04989915,0
1505925297,21923617,3363.55,0.00989915,0
1505925284,21923613,3363.78,0.02795819,0
1505925245,21923606,3363.69,0.02728254,0
1505925228,21923565,3352.01,0.09767637,1
1505925226,21923564,3357.00,0.00232363,1
1505925166,21923543,3364.14,0.01436476,0
1505925164,21923540,3351.01,0.12776445,1
1505925157,21923531,3351.01,0.10299800,1
1505925146,21923525,3364.14,0.02768666,0
1505925144,21923523,3364.14,0.02878111,0
1505925130,21923521,3351.02,0.05047885,1
1505925130,21923520,3351.04,0.06179915,1
1505925114,21923506,3353.22,0.77000000,1
1505925108,21923502,3364.15,0.00235424,0
1505925101,21923499,3364.15,0.03958444,0
1505925092,21923492,3364.20,0.74125284,0
1505925065,21923458,3364.79,0.07304757,0
1505925064,21923456,3351.01,0.10000000,1
1505925056,21923451,3364.90,0.00317747,0
1505925055,21923450,3364.90,0.07597867,0
1505925044,21923448,3365.08,0.02516877,0
1505925015,21923441,3365.79,0.26565899,0
1505925015,21923440,3365.79,0.03070531,0
1505925006,21923439,3365.86,0.00902929,0
1505924986,21923431,3351.40,9.56214244,0
1505924984,21923429,3351.40,0.41268440,0
1505924984,21923428,3351.40,0.72517316,1
1505924972,21923423,3366.59,0.11512488,0
1505924971,21923422,3366.59,0.02907656,0
1505924969,21923421,3366.60,0.02776303,0
1505924931,21923412,3351.10,0.03068570,1
1505924831,21923365,3367.00,0.01710994,0
1505924813,21923356,3367.24,0.02969791,0
1505924806,21923350,3367.37,0.02936715,1
1505924782,21923329,3367.70,0.23312140,0
1505924736,21923297,3365.79,0.01597000,0
1505924705,21923282,3350.03,0.28432480,1
1505924705,21923281,3350.20,0.35000000,1
1505924705,21923280,3355.00,0.56759576,1
1505924705,21923279,3355.46,0.02031924,1
1505924704,21923278,3356.75,0.02458250,1
1505924704,21923277,3357.00,0.25317770,1
1505924693,21923271,3357.00,0.23221100,1
1505924640,21923255,3367.05,0.33467042,0
1505924621,21923251,3357.00,0.06461130,1
1505924613,21923248,3357.00,0.45000000,1
1505924611,21923246,3367.40,0.01883694,0
1505924609,21923245,3367.43,0.08257850,0
1505924609,21923244,3367.42,0.01572532,0
1505924609,21923243,3367.31,0.04636807,0
1505924584,21923234,3367.76,0.00866499,0
1505924563,21923224,3367.77,0.03001322,0
1505924563,21923223,3367.76,0.04011564,0
1505924560,21923220,3357.07,0.29100000,1
1505924542,21923207,3356.93,0.47000000,1
1505924529,21923202,3367.83,0.02075817,0
1505924528,21923201,3366.18,0.00893420,0
1505924524,21923200,3356.89,0.00575198,0
1505924522,21923198,3363.48,0.00524802,1
1505924471,21923136,3363.48,0.26400000,1
1505924464,21923132,3366.18,0.01781000,0
1505924433,21923118,3363.48,0.02488570,1
1505924374,21923102,3363.48,0.05068800,1
1505924369,21923101,3363.48,0.10517828,0
1505924363,21923097,3360.09,0.03500000,1
1505924363,21923096,3360.14,0.03078036,1
1505924285,21923073,3363.59,0.02807831,0
1505924264,21923059,3363.67,0.03720633,0
1505924249,21923052,3363.80,0.14396665,0
1505924248,21923051,3352.17,0.06018862,1
1505924248,21923049,3363.87,0.14396665,0
1505924232,21923028,3364.09,0.08726475,0
1505924204,21923008,3351.11,0.03083830,1
1505924194,21923005,3364.49,0.02031924,0
1505924187,21922994,3364.65,0.04700000,0
1505924187,21922992,3364.55,0.72800000,0
1505924168,21922980,3350.55,0.02000000,1
1505924166,21922978,3366.18,0.02000000,1
1505924165,21922977,3354.65,0.10353765,0
1505924165,21922976,3350.34,0.06962796,0
1505924165,21922973,3350.41,0.08000000,1
1505924164,21922972,3350.41,0.39000000,1
1505924164,21922970,3350.45,1.00000000,0
1505924164,21922968,3350.45,0.20000000,1
1505924164,21922966,3350.45,0.05566932,0
1505924164,21922965,3350.50,2.00000000,1
1505924163,21922963,3350.51,6.28000000,0
1505924163,21922961,3350.53,0.02000000,1
1505924162,21922960,3373.24,0.02446235,1
1505924161,21922959,3380.00,0.00318887,0
1505924161,21922956,3380.00,0.22767791,1
1505924161,21922952,3380.00,0.02232209,1
1505924160,21922950,3380.00,0.01959791,1
1505924160,21922949,3380.00,0.03410300,1
1505924159,21922948,3380.09,0.00048557,0
1505924159,21922946,3380.08,0.00540660,0
1505924159,21922943,3380.00,0.02000000,1
1505924158,21922939,3380.00,0.05023850,1
1505924157,21922934,3380.00,0.93707109,1
1505924157,21922931,3380.00,0.11896373,1
1505924157,21922928,3380.00,0.08000000,1
1505924156,21922926,3380.00,0.29366844,1
1505924156,21922924,3380.00,0.02000000,1
1505924156,21922922,3380.00,0.99400000,1
1505924155,21922920,3380.00,0.12800000,1
1505924155,21922919,3380.08,0.01178434,0
1505924154,21922918,3380.00,0.55848929,1
1505924154,21922917,3380.00,0.06884041,1
1505924154,21922916,3380.00,0.07710465,1
1505924154,21922915,3380.00,0.53684706,1
1505924154,21922914,3380.00,0.09494262,1
1505924154,21922913,3380.00,0.27009264,1
1505924154,21922912,3380.00,0.15128741,1
1505924153,21922907,3380.00,0.07199500,1
1505924153,21922906,3380.00,0.08769928,1
1505924153,21922905,3380.00,0.13812465,1
1505924153,21922904,3380.00,0.09354119,1
1505924152,21922903,3380.00,0.37076539,1
1505924152,21922901,3380.00,0.10686600,1
1505924152,21922900,3380.00,0.11306288,1
1505924151,21922896,3380.00,0.01804300,1
1505924151,21922893,3380.00,0.05177074,1
1505924151,21922892,3380.00,0.19145000,1
1505924150,21922888,3380.09,0.02356868,0
1505924150,21922886,3380.00,1.24538177,1
1505924150,21922885,3380.00,0.14051346,1
1505924149,21922883,3380.00,0.01000000,1
1505924149,21922882,3380.00,0.54400300,1
1505924149,21922880,3380.00,0.12800000,1
1505924149,21922877,3380.00,0.03833100,1
1505924148,21922872,3380.00,0.02472700,1
1505924148,21922868,3380.00,0.10000000,1
1505924147,21922864,3380.00,0.80946178,1
1505924147,21922861,3380.00,0.54400300,1
1505924146,21922859,3380.00,0.06230607,1
1505924146,21922857,3380.00,0.12258759,1
1505924145,21922851,3380.00,0.02000000,1
1505924144,21922843,3380.00,0.05582850,1
1505924144,21922839,3380.00,1.83213000,1
1505924143,21922837,3380.10,0.04713734,0
1505924143,21922834,3380.00,20.00000000,1
1505924143,21922833,3380.00,0.12800000,1
1505924143,21922832,3380.10,0.02440257,0
1505924142,21922831,3380.00,0.07501875,1
1505924142,21922830,3380.00,0.54400300,1
1505924142,21922826,3380.00,0.01000000,1
1505924141,21922822,3380.00,0.06144295,1
1505924141,21922820,3380.00,0.06794549,1
1505924141,21922817,3380.00,2.00000000,1
1505924141,21922815,3380.00,0.05938110,1
1505924141,21922812,3380.00,0.11427752,1
1505924140,21922802,3380.00,0.01000000,1
1505924140,21922793,3380.00,0.00252399,1
1505924139,21922791,3380.00,0.02169231,1
1505924139,21922789,3380.00,0.01311573,1
1505924139,21922786,3380.00,0.07500001,1
1505924138,21922783,3380.00,0.03000000,1
1505924138,21922782,3380.00,0.12800000,1
1505924138,21922777,3380.00,2.00000000,1
1505924138,21922776,3380.00,0.16927471,1
1505924137,21922774,3380.00,0.18859300,1
1505924136,21922772,3380.00,0.06000000,1
1505924136,21922771,3380.00,0.02921400,1
1505924136,21922770,3380.00,0.01311573,1
1505924136,21922769,3380.00,0.01804300,1
1505924135,21922768,3380.00,0.01787300,1
1505924135,21922767,3380.00,0.20893400,1
1505924135,21922766,3380.00,0.02800500,1
1505924135,21922765,3380.00,0.30000000,1
1505924135,21922764,3380.00,0.52500000,1
1505924135,21922763,3380.00,0.76900000,1
1505924134,21922762,3380.00,1.24967900,1
1505924134,21922761,3380.00,0.01989915,1
1505924133,21922760,3380.00,0.07021068,1
1505924133,21922759,3380.00,0.03844000,1
1505924133,21922758,3380.00,0.03438188,1
1505924133,21922757,3380.00,0.18854941,1
1505924132,21922756,3380.00,0.06000000,0
1505924132,21922755,3380.00,0.44000000,0
1505924132,21922754,3380.00,0.05000000,0
1505924132,21922753,3380.00,0.40000000,0
1505924132,21922752,3380.00,0.00236686,0
1505924132,21922751,3380.00,0.20000000,0
1505924132,21922750,3380.00,0.92006911,0
1505924132,21922749,3380.00,0.10000000,0
1505924132,21922747,3379.92,0.02455680,0
1505924131,21922745,3379.88,0.50000000,0
1505924131,21922744,3379.00,0.27946107,0
1505924131,21922743,3378.93,7.08000000,0
1505924131,21922742,3378.93,0.00301299,0
1505924131,21922741,3378.48,0.03000000,0
1505924131,21922740,3377.00,0.05000000,0
1505924131,21922739,3377.00,0.14391906,0
1505924131,21922738,3376.21,3.00000000,0
1505924131,21922737,3375.00,0.50889500,0
1505924130,21922736,3375.00,1.00000000,0
1505924130,21922735,3375.00,0.01000000,0
1505924130,21922734,3375.00,1.00638700,0
1505924130,21922733,3374.99,1.00000000,0
1505924130,21922732,3374.98,0.44067185,0
1505924130,21922731,3374.28,0.02459788,0
1505924130,21922730,3374.00,2.00000000,0
1505924130,21922729,3374.00,2.50220000,0
1505924129,21922728,3374.00,0.00237107,0
1505924129,21922727,3373.16,0.02460598,0
1505924129,21922726,3373.00,0.02000000,0
1505924129,21922724,3371.80,0.35758000,0
1505924129,21922722,3369.52,0.03854941,0
1505924129,21922721,3369.47,0.20000000,0
1505924129,21922720,3369.47,0.99368837,0
1505924129,21922719,3369.46,0.75300000,0
1505924119,21922704,3370.00,0.09095906,1
1505924118,21922700,3370.00,0.02921891,1
1505924116,21922698,3370.00,0.05843781,1
1505924116,21922697,3370.00,0.69863763,1
1505924116,21922696,3370.01,0.07136237,1
1505924115,21922694,3370.01,0.09095906,1
1505924115,21922692,3370.01,0.01787300,1
1505924111,21922688,3370.01,0.05940772,1
1505924110,21922687,3370.01,0.05940772,1
1505924107,21922680,3370.01,0.01000000,1
1505924106,21922679,3370.01,0.06099013,1
1505924105,21922674,3370.01,0.01804300,1
1505924103,21922669,3370.01,0.01794000,1
1505924102,21922667,3370.01,0.06099013,1
1505924100,21922662,3370.01,0.02497630,1
1505924098,21922659,3370.01,0.02514510,1
1505924096,21922654,3370.01,0.06099013,1
1505924092,21922648,3370.00,0.10821231,1
1505924090,21922647,3370.00,0.72500000,1
1505924090,21922644,3370.00,0.01640590,1
1505924087,21922640,3370.00,0.17174440,1
1505924083,21922635,3370.00,0.17174440,1
1505924081,21922630,3370.00,0.06989915,1
1505924080,21922627,3370.00,0.06587300,1
1505924078,21922623,3370.00,0.77000000,1
1505924078,21922622,3370.00,0.02497370,1
1505924077,21922619,3370.00,0.17174440,1
1505924075,21922608,3370.00,0.02507630,1
1505924074,21922607,3370.00,0.00193981,1
1505924074,21922606,3370.00,0.02514770,1
1505924073,21922602,3370.00,0.17174440,1
1505924071,21922598,3370.00,0.22692400,1
1505924071,21922597,3370.00,0.00387962,1
1505924069,21922590,3370.00,0.00775924,1
1505924068,21922588,3370.00,0.08233210,1
1505924067,21922585,3370.00,0.01000000,1
1505924066,21922583,3370.00,0.17174440,1
1505924064,21922578,3370.00,0.01551848,1
1505924063,21922576,3370.00,0.03103696,1
1505924061,21922575,3370.00,0.17174440,1
1505924061,21922573,3370.00,0.11098386,1
1505924061,21922571,3370.00,0.11566300,1
1505924059,21922568,3370.00,0.22585200,1
1505924059,21922567,3370.00,0.06207393,1
1505924058,21922566,3370.00,0.01873275,1
1505924058,21922565,3370.00,1.51382985,1
1505924057,21922562,3370.00,0.17174440,1
1505924057,21922560,3370.00,0.12414784,1
1505924056,21922557,3370.00,0.21078042,1
1505924053,21922556,3370.00,0.01912780,1
1505924053,21922555,3370.00,0.02515470,1
1505924052,21922551,3370.00,0.17174440,1
1505924050,21922543,3370.00,0.04029130,1
1505924050,21922541,3370.00,0.77000000,1
1505924048,21922539,3370.00,0.18752897,1
1505924046,21922534,3370.00,0.14927338,1
1505924046,21922533,3370.01,0.07651120,1
1505924046,21922527,3370.01,0.17174440,1
1505924041,21922518,3370.01,0.17174440,1
1505924038,21922515,3370.00,0.21060534,1
1505924035,21922511,3370.00,0.01000000,1
1505924034,21922510,3370.00,0.01000000,1
1505924033,21922508,3370.00,0.21032641,1
1505924031,21922505,3370.04,0.05005610,1
1505924027,21922498,3370.00,2.00000000,1
1505924027,21922497,3370.00,0.10000000,1
1505924026,21922496,3370.00,0.01000000,1
1505924024,21922495,3370.70,7.38267349,0
1505924024,21922494,3370.01,0.59900000,1
1505924023,21922493,3370.01,2.00000000,1
1505924022,21922492,3370.01,0.05014880,1
1505924022,21922491,3370.01,0.08518388,0
1505924022,21922490,3370.01,0.18915789,0
1505924020,21922488,3370.00,0.01220442,1
1505924020,21922487,3370.01,0.04479915,0
1505924020,21922486,3370.00,0.05013250,1
1505924017,21922484,3370.00,0.14396000,1
1505924016,21922483,3370.00,0.01783598,1
1505924014,21922481,3370.00,0.06400149,1
1505924014,21922480,3370.00,0.06740470,1
1505924013,21922479,3370.00,0.15100000,1
1505924012,21922475,3370.00,0.02132970,1
1505924012,21922474,3370.00,0.12602400,1
1505924011,21922471,3370.00,0.13001800,1
1505924009,21922465,3370.00,0.08859712,1
1505924009,21922464,3370.00,0.12172900,1
1505924007,21922458,3370.00,0.06249740,1
1505924001,21922455,3370.00,2.00000000,1
1505924001,21922454,3370.00,0.25195700,1
1505924000,21922453,3370.00,0.01312000,1
1505923999,21922449,3370.00,0.05010860,1
1505923998,21922445,3370.00,0.03000000,1
1505923998,21922442,3370.00,2.00000000,1
1505923996,21922431,3370.00,0.16062711,1
1505923995,21922429,3370.00,0.05014410,1
1505923994,21922425,3370.00,0.06806838,1
1505923993,21922424,3370.00,0.15595959,1
1505923988,21922421,3370.00,0.09215701,1
1505923988,21922420,3370.00,0.15260425,1
1505923985,21922415,3370.00,0.01000000,1
1505923984,21922413,3370.00,0.09195600,1
1505923984,21922411,3370.00,0.03030200,1
1505923984,21922410,3370.00,0.24417013,1
1505923982,21922401,3370.00,0.01000000,1
1505923981,21922400,3370.00,0.05014320,1
1505923980,21922397,3370.00,0.24417013,1
1505923977,21922392,3370.00,0.21082464,1
1505923975,21922388,3370.00,0.03319585,1
1505923975,21922387,3370.00,0.09090800,1
1505923974,21922386,3370.00,1.20648525,1
1505923974,21922385,3370.00,0.30652410,1
1505923974,21922384,3370.00,0.10890439,1
1505923974,21922383,3370.00,0.24417013,1
1505923974,21922381,3370.00,0.06217371,1
1505923974,21922380,3370.00,0.69126765,1
1505923973,21922379,3370.00,0.10951812,1
1505923973,21922378,3370.00,0.38197513,1
1505923973,21922377,3370.00,0.10797239,1
1505923973,21922376,3370.00,2.40750278,1
1505923973,21922374,3370.00,1.92095857,1
1505923973,21922372,3370.00,1.25918878,1
1505923973,21922371,3370.00,0.07246959,1
1505923971,21922370,3370.00,0.10908621,1
1505923971,21922369,3370.00,0.39855802,1
1505923971,21922368,3370.00,0.01853492,1
1505923969,21922366,3370.00,0.01000000,1
1505923967,21922362,3370.00,0.01000000,1
1505923966,21922358,3370.00,2.00000000,1
1505923965,21922357,3370.00,0.08598233,1
1505923965,21922354,3370.00,0.01000000,1
1505923964,21922349,3370.00,0.24417013,1
1505923963,21922346,3370.00,0.10928400,1
1505923963,21922341,3370.00,0.01000000,1
1505923962,21922340,3370.00,2.00000000,1
1505923962,21922339,3370.01,0.51804296,0
1505923962,21922337,3370.00,0.01000000,1
1505923961,21922336,3370.00,0.23899033,1
1505923961,21922333,3370.00,0.32578100,1
1505923960,21922330,3370.00,0.06236323,1
1505923960,21922329,3370.00,2.00000000,1
1505923960,21922328,3370.00,0.01000000,1
1505923958,21922324,3370.00,0.01000000,1
1505923958,21922323,3370.00,0.10000000,1
1505923957,21922318,3370.00,3.00000000,1
1505923957,21922315,3370.00,0.01000000,1
1505923956,21922313,3370.00,3.00000000,1
1505923956,21922312,3370.00,0.01000000,1
1505923955,21922310,3370.00,4.00000000,1
1505923955,21922309,3370.00,0.20980800,1
1505923955,21922308,3370.00,2.00000000,1
1505923955,21922307,3370.00,0.01000000,1
1505923954,21922306,3370.00,0.01000000,1
1505923953,21922304,3370.00,0.05859584,1
1505923953,21922303,3370.00,0.81235768,1
1505923953,21922302,3370.00,0.01000000,1
1505923953,21922301,3370.00,0.01000000,1
1505923952,21922298,3370.00,0.05759882,1
1505923952,21922297,3370.00,1.86653649,1
1505923952,21922295,3370.00,0.23444992,1
1505923951,21922292,3370.00,1.51089124,1
