date,tid,price,amount,type
1505952056,21939426,3874.98,0.25047362,0
1505952055,21939425,3874.98,0.10787205,0
1505952052,21939422,3875.49,0.03249259,0
1505952051,21939421,3882.14,1.26310694,1
1505952051,21939420,3882.12,0.87150000,1
1505952050,21939418,3876.34,2.57800000,1
1505952050,21939416,3874.00,0.25091400,0
1505952048,21939414,3869.00,0.03647906,0
1505952047,21939411,3869.00,0.10962671,0
1505952040,21939381,3869.00,0.01000000,0
1505952030,21939379,3869.00,0.00324926,0
1505952026,21939376,3869.00,0.00736660,0
1505952022,21939374,3869.00,0.00097837,0
1505952022,21939371,3868.89,0.21664554,0
1505952016,21939367,3868.88,0.11731848,0
1505952016,21939366,3868.88,0.33976554,0
1505952006,21939358,3868.89,0.05929698,0
1505952005,21939354,3864.00,0.02420838,1
1505951997,21939344,3874.46,0.34978502,0
1505951975,21939333,3874.71,0.04700000,0
1505951942,21939302,3863.01,0.02000000,1
1505951931,21939300,3863.00,0.21254499,1
1505951931,21939299,3863.00,0.05000000,1
1505951930,21939298,3863.01,0.11000000,1
1505951917,21939294,3873.59,0.01381898,1
1505951904,21939290,3862.01,0.25000000,1
1505951894,21939288,3875.00,0.52417762,0
1505951883,21939261,3875.47,0.01564196,0
1505951873,21939238,3863.93,0.13000000,1
1505951866,21939211,3861.93,0.03946966,1
1505951866,21939210,3861.93,0.03051170,1
1505951865,21939208,3861.93,0.01643342,1
1505951864,21939199,3861.61,2.35014135,0
1505951864,21939198,3861.61,0.66370386,0
1505951864,21939197,3861.55,0.05000000,0
1505951863,21939195,3860.01,0.12967230,0
1505951863,21939194,3860.01,0.01447916,0
1505951863,21939193,3860.01,0.54273320,0
1505951862,21939189,3860.04,0.01500000,1
1505951862,21939187,3861.55,1.96119051,0
1505951861,21939184,3861.55,0.38898736,0
1505951861,21939182,3861.61,0.01302573,0
1505951859,21939179,3861.61,0.20235175,0
1505951859,21939177,3861.61,0.13394101,0
1505951859,21939176,3861.61,0.03149543,0
1505951859,21939175,3861.59,0.30871456,0
1505951859,21939174,3861.59,2.35015352,0
1505951859,21939173,3861.55,0.01447338,0
1505951859,21939172,3861.55,1.28196128,0
1505951858,21939170,3861.55,0.18955265,0
1505951858,21939168,3861.50,0.05457090,0
1505951858,21939167,3861.50,2.26020830,0
1505951856,21939159,3861.55,0.09000000,1
1505951856,21939157,3861.59,0.57470661,0
1505951856,21939155,3861.59,0.16865259,0
1505951856,21939153,3861.59,0.01314111,0
1505951854,21939147,3861.59,2.21054254,0
1505951854,21939146,3861.59,1.37701008,0
1505951852,21939133,3861.61,0.74896158,1
1505951852,21939132,3861.61,0.01447323,1
1505951852,21939130,3861.61,0.10806519,1
1505951851,21939124,3865.51,0.01445855,0
1505951850,21939122,3865.51,0.04608591,0
1505951850,21939121,3865.51,0.01291556,0
1505951848,21939103,3865.51,0.11699072,0
1505951847,21939088,3865.51,9.71379731,1
1505951846,21939087,3869.74,0.05000000,0
1505951845,21939076,3865.52,0.01467435,1
1505951841,21939039,3861.54,6.23373104,0
1505951840,21939034,3864.15,11.35529900,1
1505951840,21939030,3865.34,11.16768762,1
1505951840,21939028,3865.34,4.00000000,0
1505951840,21939027,3865.34,0.39431479,0
1505951839,21939026,3865.42,0.20000000,1
1505951839,21939025,3865.45,1.57400000,1
1505951839,21939024,3865.46,11.03531600,1
1505951838,21939022,3869.75,10.00000000,1
1505951838,21939020,3869.80,0.59156560,1
1505951838,21939015,3873.58,0.12000000,0
1505951837,21939006,3873.58,9.75270000,1
1505951833,21938986,3873.59,0.07320500,1
1505951826,21938941,3873.59,0.00147000,1
1505951826,21938938,3873.59,0.20059429,1
1505951813,21938919,3869.76,0.04964000,1
1505951799,21938914,3882.49,0.02200000,0
1505951789,21938912,3879.69,0.05227273,0
1505951788,21938910,3870.88,0.00151310,0
1505951786,21938906,3876.38,0.06006000,1
1505951784,21938904,3876.38,0.00147000,1
1505951780,21938903,3879.69,0.63000000,1
1505951774,21938899,3870.05,0.24971000,0
1505951773,21938896,3872.80,0.01178743,1
1505951768,21938892,3879.92,0.12850000,0
1505951768,21938891,3879.89,0.87150000,0
1505951758,21938852,3880.04,1.15700354,0
1505951756,21938847,3880.06,1.00000000,0
1505951750,21938835,3880.12,0.06781888,0
1505951749,21938834,3880.12,0.01400000,0
1505951741,21938832,3876.39,0.37759794,0
1505951731,21938810,3872.80,0.17500000,1
1505951730,21938807,3872.86,0.07351917,0
1505951720,21938771,3872.86,0.04648083,0
1505951719,21938765,3872.81,0.22692513,0
1505951719,21938764,3872.80,0.87500000,0
1505951718,21938759,3872.81,0.40172091,0
1505951717,21938758,3859.99,1.11137512,0
1505951717,21938757,3859.99,0.22965166,0
1505951714,21938737,3872.85,0.23460219,0
1505951713,21938735,3872.85,0.15547347,0
1505951712,21938730,3859.99,0.86853445,0
1505951711,21938721,3859.99,0.01512803,0
1505951708,21938707,3859.99,0.29263370,0
1505951708,21938706,3860.00,0.02100000,0
1505951703,21938691,3859.99,0.92023500,0
1505951702,21938679,3860.00,0.04005910,0
1505951701,21938678,3860.00,0.21367344,0
1505951699,21938677,3860.00,0.50000000,1
1505951699,21938676,3860.00,1.45955599,1
1505951699,21938675,3860.00,0.05725906,1
1505951699,21938674,3860.00,0.08896114,1
1505951699,21938673,3860.00,0.14400695,1
1505951699,21938672,3860.00,0.61292120,1
1505951699,21938671,3860.00,0.02000000,1
1505951699,21938670,3860.00,0.02582200,1
1505951699,21938669,3860.00,0.00205701,1
1505951698,21938668,3861.06,0.00207029,1
1505951698,21938667,3861.50,0.25000000,1
1505951698,21938666,3861.77,0.08610300,1
1505951698,21938665,3861.98,0.00722337,1
1505951694,21938664,3868.84,0.01469901,0
1505951694,21938663,3863.08,0.10000000,1
1505951693,21938662,3864.63,0.35500000,1
1505951693,21938661,3864.63,6.82000000,1
1505951691,21938657,3864.63,5.00000000,1
1505951690,21938654,3865.02,0.00900000,0
1505951690,21938652,3865.03,0.09222342,1
1505951689,21938650,3864.63,7.00000000,1
1505951688,21938646,3865.03,0.01000000,0
1505951687,21938642,3865.02,2.00000000,0
1505951687,21938641,3864.63,7.00000000,1
1505951686,21938639,3864.63,0.18000000,1
1505951686,21938636,3865.02,0.14721210,0
1505951685,21938632,3864.63,5.00000000,1
1505951685,21938630,3864.63,7.00000000,1
1505951684,21938628,3864.63,4.95000000,1
1505951683,21938625,3865.03,0.07522530,0
1505951683,21938623,3864.63,6.82000000,1
1505951683,21938621,3864.64,0.18000000,1
1505951682,21938618,3865.03,0.01470693,0
1505951682,21938617,3865.03,0.06283140,0
1505951681,21938614,3865.00,0.05000000,1
1505951681,21938613,3865.01,0.79085930,1
1505951681,21938612,3865.01,2.00000000,1
1505951679,21938605,3865.03,0.07334000,1
1505951679,21938601,3869.41,0.01960000,1
1505951660,21938572,3873.73,0.10000000,0
1505951660,21938571,3865.03,0.19159750,0
1505951659,21938570,3866.77,0.13904210,1
1505951659,21938569,3869.57,0.01000000,1
1505951659,21938568,3873.21,0.00936040,1
1505951655,21938563,3873.21,0.02500000,1
1505951649,21938559,3866.77,0.01958885,0
1505951649,21938558,3870.72,0.04208270,1
1505951648,21938556,3869.56,1.00250627,0
1505951647,21938555,3869.56,0.68070175,0
1505951647,21938554,3869.56,3.96797176,0
1505951647,21938553,3865.50,0.04205330,0
1505951645,21938551,3865.50,0.00200000,1
1505951645,21938550,3866.01,0.02000000,1
1505951645,21938549,3866.81,0.00207030,1
1505951645,21938548,3867.26,2.06391347,1
1505951645,21938547,3869.41,0.16996293,1
1505951642,21938543,3871.81,1.63794008,0
1505951642,21938542,3873.52,0.45370000,0
1505951641,21938541,3871.83,1.07050854,1
1505951641,21938540,3871.82,0.92949146,0
1505951641,21938539,3871.82,0.05020552,0
1505951640,21938538,3871.82,0.02030302,0
1505951638,21938537,3869.41,3.45693303,0
1505951638,21938535,3869.41,0.16989375,0
1505951637,21938534,3869.41,0.11721705,0
1505951636,21938533,3869.69,0.00207071,1
1505951636,21938532,3869.81,1.00000000,1
1505951636,21938531,3870.00,1.00000000,1
1505951636,21938529,3871.82,0.29912008,1
1505951632,21938526,3873.52,0.24990003,0
1505951631,21938523,3876.87,0.51829706,0
1505951631,21938522,3876.83,1.00000000,0
1505951631,21938520,3876.86,0.02531000,0
1505951630,21938519,3876.86,0.63304383,0
1505951621,21938511,3879.20,0.11794823,1
1505951618,21938508,3884.49,0.01500000,1
1505951618,21938507,3885.00,2.00000000,1
1505951614,21938506,3888.00,0.84716500,1
1505951614,21938505,3888.00,0.14783500,1
1505951609,21938504,3888.00,0.00500000,1
1505951570,21938494,3891.22,0.06049334,0
1505951568,21938492,3885.01,1.00000000,1
1505951531,21938452,3892.11,0.02400000,0
1505951513,21938450,3892.52,0.00255641,0
1505951446,21938435,3895.09,0.03846607,0
1505951424,21938430,3895.57,0.03500000,0
1505951383,21938424,3896.60,0.02000000,0
1505951372,21938420,3896.91,0.04351808,0
1505951372,21938419,3896.98,0.02000000,1
1505951371,21938418,3897.05,0.08700000,0
1505951359,21938412,3897.36,0.16000000,0
1505951345,21938405,3897.69,0.02955573,0
1505951340,21938403,3897.78,0.69282028,0
1505951331,21938398,3875.98,9.19644115,1
1505951330,21938396,3876.13,9.00000000,1
1505951330,21938394,3876.15,1.74300000,1
1505951330,21938392,3876.15,0.00486000,1
1505951330,21938390,3879.20,0.05569885,1
1505951330,21938389,3879.21,4.00000000,1
1505951329,21938388,3876.15,0.86664000,0
1505951328,21938387,3878.65,0.29000000,1
1505951328,21938386,3878.65,0.98036000,0
1505951328,21938385,3878.70,0.87150000,0
1505951327,21938384,3879.20,0.87150000,1
1505951300,21938376,3878.55,0.02000000,1
1505951288,21938375,3880.00,0.47686000,0
1505951287,21938374,3880.00,0.35314000,1
1505951275,21938373,3887.14,0.01500000,1
1505951259,21938370,3891.00,0.75734575,1
1505951259,21938369,3891.09,0.00846697,1
1505951253,21938366,3894.14,2.62500000,0
1505951252,21938365,3891.09,1.08919116,1
1505951245,21938364,3891.09,8.90234187,1
1505951245,21938363,3891.30,2.88765813,1
1505951245,21938362,3892.01,0.21000000,1
1505951245,21938361,3893.61,1.00000000,1
1505951239,21938360,3897.31,4.00000000,1
1505951235,21938358,3900.00,1.84710427,1
1505951235,21938356,3900.00,7.00000000,1
1505951230,21938354,3901.89,0.97174446,1
1505951226,21938351,3902.00,0.00446725,0
1505951202,21938344,3901.99,0.09867540,1
1505951189,21938341,3902.00,0.04514582,0
1505951155,21938335,3893.00,0.03088300,0
1505951155,21938334,3893.00,0.03088300,0
1505951155,21938333,3893.00,0.03088300,0
1505951153,21938332,3892.00,0.34914300,0
1505951153,21938331,3892.00,0.10687037,0
1505951136,21938319,3892.00,0.24227263,0
1505951100,21938295,3891.00,0.24265425,0
1505951091,21938292,3891.00,0.00940000,0
1505951086,21938291,3891.00,0.00940000,0
1505951075,21938284,3891.00,0.29558875,0
1505951075,21938283,3891.00,0.24082341,0
1505951049,21938277,3891.00,0.01497600,0
1505951039,21938274,3891.00,0.20000000,0
1505951038,21938273,3891.00,0.03057359,0
1505951038,21938272,3891.00,0.01028572,0
1505951033,21938271,3891.00,0.32885728,0
1505951026,21938270,3891.00,0.01000000,0
1505951024,21938267,3887.00,0.29627751,0
1505951003,21938263,3887.00,0.47623649,0
1505951003,21938262,3887.00,0.76347400,0
1505951003,21938261,3887.00,0.76347400,0
1505951003,21938260,3886.99,0.49057432,0
1505951003,21938259,3886.83,2.69071211,0
1505950999,21938258,3886.83,7.00000000,0
1505950998,21938257,3886.83,0.32787923,0
1505950997,21938256,3886.83,7.00000000,0
1505950996,21938255,3886.83,7.00000000,0
1505950995,21938254,3886.83,0.50000000,0
1505950994,21938253,3886.83,4.92000000,0
1505950994,21938252,3886.82,0.08000000,0
1505950992,21938251,3886.83,7.00000000,0
1505950992,21938250,3886.83,7.00000000,0
1505950990,21938249,3886.83,5.00000000,0
1505950986,21938247,3886.83,5.00000000,0
1505950986,21938246,3886.83,5.00000000,0
1505950985,21938245,3886.83,7.00000000,0
1505950982,21938243,3886.82,0.09000000,0
1505950982,21938242,3886.82,0.00940000,0
1505950969,21938236,3880.15,0.20000000,0
1505950962,21938232,3886.82,0.02000000,0
1505950951,21938226,3886.83,0.21000000,0
1505950950,21938225,3886.82,1.00000000,1
1505950947,21938223,3886.82,0.05196273,0
1505950944,21938221,3886.83,0.01849836,0
1505950942,21938220,3882.00,1.91350000,0
1505950942,21938219,3882.00,0.14948000,0
1505950942,21938218,3882.00,0.16932000,1
1505950940,21938216,3882.00,1.76770000,1
1505950940,21938215,3886.82,1.00000000,1
1505950935,21938214,3882.00,0.06298000,1
1505950932,21938213,3886.83,0.01558593,0
1505950924,21938211,3886.82,0.23000616,1
1505950919,21938210,3886.83,0.05736000,0
1505950919,21938209,3884.16,0.01964000,0
1505950916,21938208,3883.42,0.01964000,1
1505950880,21938198,3880.03,0.23000000,0
1505950878,21938197,3886.82,0.03850000,0
1505950865,21938195,3886.83,0.01000000,0
1505950862,21938191,3886.83,15.49546748,0
1505950862,21938190,3886.82,0.10000000,0
1505950862,21938189,3886.80,0.87150000,0
1505950862,21938188,3884.52,2.57640000,0
1505950862,21938187,3884.50,1.04105019,0
1505950861,21938186,3880.12,0.01745444,0
1505950853,21938185,3884.47,0.37926907,0
1505950849,21938182,3884.48,0.15086770,0
1505950844,21938181,3880.00,0.15975000,1
1505950842,21938180,3880.00,0.03048000,1
1505950837,21938178,3880.01,0.02000000,1
1505950833,21938177,3880.00,0.01000000,1
1505950813,21938128,3884.48,0.00273298,0
1505950800,21938090,3884.50,0.04561464,0
1505950784,21938084,3884.00,0.24681472,0
1505950783,21938083,3880.00,0.05050000,1
1505950775,21938079,3880.00,0.26602000,1
1505950773,21938078,3880.00,0.01003000,1
1505950766,21938071,3884.50,0.07992351,0
1505950755,21938062,3880.00,0.03060000,1
1505950753,21938061,3880.00,0.06933000,1
1505950746,21938055,3884.50,0.02362466,0
1505950743,21938045,3880.00,0.02015000,1
1505950741,21938039,3885.00,0.14913770,1
1505950740,21938035,3884.96,0.01283668,0
1505950740,21938034,3884.96,0.85253193,0
1505950739,21938033,3884.96,0.00613139,0
1505950735,21938031,3884.96,0.01283668,0
1505950709,21938011,3884.97,0.15267443,0
1505950703,21938006,3884.99,0.11600123,0
1505950703,21938005,3884.96,0.26490877,0
1505950696,21938002,3884.99,0.10456388,0
1505950696,21938001,3884.99,0.11000000,0
1505950693,21937995,3871.97,0.20000000,1
1505950687,21937985,3871.82,0.00000616,0
1505950687,21937984,3871.82,0.35999384,0
1505950675,21937980,3884.99,0.00380000,0
1505950674,21937979,3870.00,0.00725063,1
1505950674,21937978,3870.00,0.49069767,1
1505950674,21937977,3870.00,0.00205170,1
1505950672,21937976,3879.67,0.04000000,1
1505950658,21937972,3880.01,0.50000000,1
1505950656,21937971,3885.00,0.01200000,0
1505950645,21937969,3880.00,0.10000000,1
1505950638,21937964,3886.69,0.03731723,1
1505950635,21937962,3886.81,0.21317960,0
1505950635,21937961,3886.81,0.15535169,0
1505950631,21937960,3886.82,0.62543859,0
1505950631,21937959,3886.82,0.12000000,0
1505950629,21937954,3886.79,0.75079216,0
1505950619,21937938,3886.83,0.50000000,0
1505950617,21937937,3886.83,0.12427366,0
1505950612,21937936,3886.83,0.37000000,0
1505950612,21937935,3886.82,0.13000000,0
1505950607,21937931,3886.83,0.50000000,0
1505950603,21937930,3886.69,0.00130000,1
1505950601,21937929,3886.83,0.35000000,0
1505950601,21937928,3886.82,0.15000000,0
1505950596,21937923,3886.83,1.13487247,0
1505950587,21937920,3886.83,0.02580000,0
1505950586,21937919,3886.83,0.10330000,0
1505950585,21937918,3886.69,0.06844647,1
1505950584,21937917,3886.83,0.09000000,0
1505950584,21937916,3886.82,0.16000000,0
1505950583,21937915,3886.83,2.00000000,0
1505950581,21937914,3886.83,0.06560000,0
1505950581,21937913,3886.83,0.13120000,0
1505950578,21937909,3880.06,0.81570093,1
1505950578,21937908,3885.00,0.00500000,1
1505950577,21937907,3886.43,0.17929907,1
1505950573,21937906,3886.83,0.46490978,0
1505950573,21937905,3886.83,0.00541293,0
1505950570,21937904,3886.82,0.18000000,1
1505950561,21937902,3886.82,0.31497800,1
1505950560,21937900,3886.83,0.01300000,0
1505950559,21937899,3886.82,0.44502201,1
1505950557,21937898,3886.82,0.19000000,1
1505950556,21937892,3886.82,0.41202813,1
1505950556,21937889,3886.82,0.07560000,0
1505950555,21937885,3886.82,0.92440000,0
1505950555,21937883,3886.82,0.19000000,0
1505950555,21937880,3883.22,1.99580093,0
1505950554,21937874,3883.22,0.00500000,0
1505950553,21937873,3883.22,1.58727888,0
1505950549,21937871,3886.69,0.14594824,0
1505950545,21937867,3886.69,1.00000000,0
1505950545,21937866,3886.68,4.00000000,1
1505950542,21937864,3886.69,0.02300000,0
1505950535,21937860,3886.80,0.10865798,0
1505950529,21937857,3886.80,1.00000000,1
1505950519,21937852,3886.83,0.09962564,0
1505950519,21937851,3886.83,0.18269996,0
1505950519,21937850,3886.83,5.67165408,0
1505950518,21937849,3886.82,0.22000000,1
1505950515,21937843,3886.83,0.21034683,0
1505950514,21937839,3886.83,0.31979502,0
1505950512,21937833,3886.83,0.61084837,0
1505950511,21937832,3886.83,1.35903861,0
1505950511,21937831,3886.83,0.01678927,0
1505950510,21937830,3886.83,4.12143094,0
1505950510,21937829,3886.82,0.18700000,0
1505950510,21937828,3886.60,0.38000000,0
1505950508,21937818,3879.00,0.30326221,1
1505950507,21937809,3886.82,0.05300000,0
1505950505,21937804,3886.83,0.21065977,0
1505950505,21937802,3872.31,7.81573716,1
1505950504,21937798,3872.57,0.00207031,1
1505950504,21937797,3873.00,0.03200000,1
1505950504,21937796,3873.00,0.10000000,1
1505950504,21937794,3873.00,0.03200000,1
1505950503,21937792,3873.00,0.03200000,1
1505950503,21937791,3873.00,0.20000000,1
1505950503,21937788,3873.05,2.00000000,1
1505950503,21937786,3875.00,0.10000000,1
1505950502,21937784,3875.00,1.22305093,1
1505950502,21937782,3875.00,0.30259317,1
1505950502,21937781,3875.00,5.00000000,1
1505950502,21937779,3875.00,0.15000000,1
1505950502,21937775,3875.06,0.15000000,1
1505950501,21937772,3875.44,0.10000000,1
1505950501,21937771,3875.45,0.00206072,1
1505950500,21937769,3877.91,0.03928920,1
1505950500,21937766,3878.13,4.43000000,1
1505950500,21937765,3878.13,1.00000000,0
1505950500,21937764,3879.00,0.05367561,0
1505950499,21937761,3879.00,0.56825532,0
1505950498,21937760,3879.00,1.64726758,1
1505950484,21937747,3878.19,0.38000000,1
1505950479,21937735,3886.82,0.10607725,0
1505950479,21937734,3886.79,0.98311391,0
1505950473,21937729,3886.82,0.08819987,0
1505950473,21937728,3885.38,0.41180013,0
1505950471,21937727,3885.35,0.20755734,1
1505950466,21937726,3884.65,0.14647612,0
1505950466,21937725,3884.65,0.13653890,0
1505950466,21937724,3884.65,0.07768296,0
1505950464,21937717,3878.35,0.65487360,1
1505950463,21937715,3880.00,0.17512640,1
1505950463,21937714,3880.00,0.22603411,0
1505950461,21937708,3880.00,1.06684100,0
1505950459,21937704,3878.12,0.24003480,1
1505950459,21937703,3878.12,0.49793968,1
1505950459,21937702,3878.32,0.00206032,1
1505950459,21937701,3878.80,0.03996520,0
1505950458,21937696,3878.80,0.02000000,1
1505950457,21937692,3880.00,0.08269658,0
1505950457,21937690,3880.00,0.03993830,0
1505950455,21937689,3880.00,0.03993290,0
1505950455,21937688,3880.00,0.15000000,1
1505950455,21937687,3880.00,2.00000000,1
1505950455,21937686,3880.00,0.00204641,1
1505950455,21937685,3880.65,0.01220500,1
1505950455,21937684,3881.00,0.00300000,1
1505950455,21937683,3881.00,0.02571512,1
1505950454,21937681,3881.20,0.00206073,1
1505950454,21937679,3882.49,0.04334793,1
1505950454,21937677,3883.94,0.08267261,0
1505950452,21937675,3883.94,0.03399180,0
1505950451,21937674,3883.95,0.25351922,1
1505950449,21937672,3883.95,0.15415465,1
1505950442,21937666,3883.95,3.64232613,1
1505950438,21937662,3882.49,0.10000000,1
1505950438,21937661,3884.00,0.28128506,1
1505950437,21937660,3886.82,0.32730652,0
1505950437,21937659,3886.82,0.31609065,0
1505950437,21937658,3886.82,0.22730935,0
1505950437,21937656,3886.79,0.08145554,0
1505950432,21937647,3886.82,0.01228875,0
1505950432,21937646,3886.82,0.04040190,0
1505950430,21937644,3883.95,19.14706033,1
1505950429,21937643,3885.24,2.89172368,1
1505950429,21937642,3883.96,0.87107632,0
1505950428,21937637,3883.96,2.34843418,0
1505950428,21937635,3883.96,0.12730975,0
1505950427,21937633,3883.96,1.23720000,0
1505950427,21937632,3883.96,0.02124994,0
1505950427,21937631,3883.96,0.12594859,0
1505950425,21937628,3883.96,0.05451120,0
1505950424,21937625,3883.95,22.00000000,1
1505950424,21937624,3883.96,0.12592462,0
1505950422,21937620,3886.83,0.07323956,0
1505950420,21937615,3883.95,8.97793967,1
1505950420,21937612,3884.07,0.00206033,1
1505950419,21937611,3885.00,3.00000000,1
1505950419,21937610,3885.00,0.50000000,1
1505950419,21937608,3886.00,0.30000000,1
1505950419,21937607,3886.58,0.49857047,1
1505950419,21937605,3886.95,0.00206074,1
1505950418,21937602,3887.00,1.00000000,1
1505950414,21937597,3892.96,0.54835702,0
1505950414,21937595,3887.96,0.00000007,0
1505950413,21937592,3887.96,0.06600000,1
1505950413,21937588,3889.82,0.00206034,1
1505950413,21937586,3890.00,2.10000000,1
1505950412,21937583,3890.00,0.01004167,1
1505950412,21937581,3890.00,0.15500000,1
1505950412,21937580,3890.00,0.10000000,1
1505950412,21937578,3890.00,0.00204115,1
1505950412,21937576,3890.00,1.20756480,1
1505950411,21937575,3891.00,1.00000000,1
1505950411,21937572,3892.00,0.15368197,1
1505950408,21937560,3895.58,0.00205035,1
1505950407,21937550,3895.59,0.03917270,0
1505950406,21937544,3892.00,19.84631803,1
1505950406,21937542,3892.70,0.00206075,1
1505950406,21937541,3893.00,0.03757087,1
1505950406,21937538,3893.00,0.02200000,1
1505950406,21937537,3895.58,0.00205035,1
1505950405,21937535,3895.59,0.03917270,0
1505950400,21937524,3896.00,0.05000000,1
1505950400,21937523,3898.46,0.00205076,1
1505950400,21937522,3900.00,0.55097903,1
1505950398,21937515,3900.00,0.12600000,1
1505950397,21937513,3900.00,5.14852116,1
1505950397,21937512,3900.00,0.10120000,1
1505950397,21937511,3900.00,11.83027884,1
1505950397,21937510,3900.00,0.02000000,1
1505950395,21937508,3900.00,0.11854214,1
1505950395,21937506,3900.59,0.00745786,1
1505950394,21937502,3900.00,0.28990000,1
1505950394,21937498,3900.58,0.65410255,0
1505950394,21937494,3900.58,0.05808892,1
1505950394,21937493,3900.58,0.00595398,1
1505950393,21937483,3900.00,0.12470000,1
1505950392,21937481,3900.59,0.00130000,1
1505950392,21937475,3900.00,2.19830863,1
1505950391,21937474,3900.00,1.38383333,1
1505950391,21937473,3900.00,0.50000000,1
1505950391,21937472,3900.00,1.00000000,1
1505950391,21937471,3900.00,0.38461538,1
1505950391,21937470,3900.00,0.00510000,1
1505950390,21937468,3900.00,0.88586260,1
1505950390,21937466,3900.00,0.02503014,1
1505950390,21937464,3900.00,1.38640728,1
1505950390,21937462,3900.00,0.18000000,1
1505950389,21937459,3900.00,0.20000000,1
1505950389,21937454,3900.00,0.31196923,1
1505950389,21937452,3900.00,1.00000000,1
1505950388,21937450,3900.00,2.13398205,1
1505950388,21937448,3900.00,0.41156914,1
1505950388,21937447,3900.00,5.00000000,1
1505950388,21937446,3900.00,0.89332222,1
1505950387,21937445,3900.59,0.23783069,0
1505950386,21937441,3900.00,0.01000000,1
1505950385,21937440,3900.59,0.00500000,0
1505950385,21937435,3900.59,0.07304306,0
1505950384,21937433,3900.00,0.09667778,1
1505950384,21937432,3900.00,0.02612426,1
1505950383,21937431,3900.00,0.00500000,1
1505950383,21937430,3900.00,0.10232065,1
1505950383,21937429,3900.00,1.02070000,1
1505950383,21937428,3900.00,0.03000000,1
1505950383,21937427,3900.00,0.03000000,1
1505950383,21937426,3900.00,0.05000000,1
1505950383,21937425,3900.00,0.05000000,1
1505950383,21937424,3900.00,0.00203592,1
1505950382,21937423,3900.00,0.25000000,1
1505950382,21937422,3900.00,0.50000000,1
1505950382,21937420,3900.00,0.94991139,1
1505950382,21937418,3900.00,1.88723000,1
1505950382,21937417,3900.00,4.12685561,1
1505950382,21937414,3900.00,0.03600300,1
1505950382,21937413,3900.00,7.00000000,1
1505950381,21937412,3900.00,5.74715844,1
1505950381,21937411,3900.00,0.08998295,1
1505950380,21937406,3900.00,0.01121600,1
1505950380,21937404,3900.00,0.17110571,1
1505950380,21937403,3900.00,0.98053690,1
1505950380,21937401,3900.00,0.34835739,1
1505950379,21937393,3900.00,0.76000000,1
1505950378,21937390,3900.00,0.00500000,1
1505950377,21937389,3900.00,10.88664261,1
1505950377,21937388,3900.00,1.50000000,1
1505950377,21937387,3900.00,2.22000000,1
1505950377,21937386,3900.00,1.78000000,1
1505950376,21937385,3900.10,0.02000000,1
1505950376,21937384,3900.10,0.25000000,1
1505950376,21937383,3900.22,0.05000000,1
1505950376,21937382,3900.61,0.00370939,1
1505950376,21937381,3901.00,1.00000000,1
1505950376,21937380,3901.00,0.50000000,1
1505950375,21937378,3901.00,0.68964800,1
1505950375,21937374,3901.99,0.01341300,0
1505950375,21937373,3901.98,0.11000000,0
1505950371,21937361,3901.00,0.26801081,1
1505950371,21937360,3901.00,0.02000000,1
1505950371,21937359,3901.06,0.00198919,1
1505950371,21937358,3901.06,0.14801081,1
1505950371,21937356,3901.13,0.31509581,1
1505950370,21937351,3901.18,0.38000000,1
1505950370,21937347,3901.33,0.00205036,1
1505950369,21937344,3901.89,0.80984302,1
1505950369,21937342,3901.98,0.34500000,1
1505950369,21937341,3901.98,0.00500000,1
1505950367,21937337,3902.00,1.12139533,0
1505950367,21937336,3902.00,0.00000467,0
1505950365,21937335,3902.00,0.10000000,1
1505950365,21937334,3902.95,0.06000000,1
1505950365,21937332,3903.00,0.06679533,1
1505950365,21937330,3903.00,1.00000000,1
1505950365,21937329,3903.13,0.10000000,1
1505950363,21937328,3903.36,0.09099457,0
1505950361,21937327,3903.27,0.05805626,0
1505950352,21937325,3903.37,0.52782173,1
1505950350,21937324,3903.37,0.02000000,1
1505950346,21937321,3904.00,0.04600000,1
1505950345,21937320,3904.45,0.12761664,1
1505950340,21937315,3907.59,0.06462670,0
1505950339,21937313,3903.37,18.80000000,1
1505950335,21937308,3903.37,15.51615666,1
1505950335,21937306,3903.38,1.48384334,1
1505950331,21937297,3906.00,0.01278600,0
1505950330,21937296,3906.00,0.04600000,1
1505950324,21937291,3903.37,2.02282769,1
1505950324,21937290,3903.38,0.12000000,1
1505950324,21937289,3906.89,0.03465999,1
1505950319,21937274,3903.37,13.23819392,1
1505950319,21937273,3903.38,0.12000000,1
1505950319,21937272,3904.00,0.05000000,1
1505950319,21937271,3904.21,0.00205077,1
1505950318,21937270,3904.86,0.14677908,1
1505950318,21937269,3905.00,0.17081115,1
1505950318,21937268,3905.01,0.92000000,1
1505950318,21937267,3905.03,0.05542700,1
1505950318,21937266,3908.00,0.04600000,1
1505950311,21937264,3905.01,0.76000000,1
1505950310,21937263,3909.93,0.42529564,0
1505950309,21937262,3909.93,0.39241356,0
1505950305,21937259,3909.95,0.48507146,0
1505950305,21937258,3909.95,0.13506268,0
1505950305,21937256,3909.95,0.04600000,0
1505950303,21937255,3910.71,0.02672130,0
1505950301,21937251,3905.00,0.13468885,1
1505950301,21937249,3905.00,2.00000000,1
1505950300,21937248,3905.45,0.26000000,1
1505950300,21937247,3905.45,0.34531115,0
1505950300,21937246,3905.45,0.11032285,0
1505950300,21937244,3906.00,0.05147400,1
1505950300,21937242,3906.00,0.96820315,1
1505950299,21937239,3906.89,0.11000000,0
1505950297,21937233,3913.85,0.35442935,0
1505950297,21937232,3913.85,0.17576819,0
1505950297,21937231,3906.00,0.03179685,1
1505950296,21937230,3906.34,0.00404215,1
1505950296,21937226,3907.00,0.10000000,1
1505950296,21937223,3907.08,0.00205037,1
1505950295,21937222,3908.00,0.18656857,1
1505950295,21937221,3909.00,1.00000000,1
1505950295,21937220,3909.96,0.00205078,1
1505950294,21937219,3910.00,0.00692637,1
1505950294,21937218,3910.00,0.61750000,1
1505950294,21937217,3910.00,0.00203071,1
1505950294,21937216,3910.00,2.50103420,1
1505950294,21937215,3912.00,0.04600000,1
1505950292,21937209,3910.00,1.99313249,1
1505950292,21937208,3910.00,2.58290000,1
1505950292,21937207,3910.00,0.49600000,1
1505950292,21937206,3910.00,0.49500000,1
1505950292,21937205,3910.00,0.50296751,1
1505950290,21937198,3910.00,0.00400000,1
1505950289,21937196,3910.00,0.06000000,1
1505950289,21937195,3910.00,0.11000000,1
1505950289,21937194,3910.00,0.31303249,1
1505950289,21937192,3910.00,0.94193331,1
1505950289,21937191,3910.33,2.00934400,1
1505950289,21937189,3910.33,1.50000000,1
1505950289,21937187,3910.33,0.49500000,1
1505950288,21937185,3910.33,0.49600000,1
1505950288,21937183,3910.33,0.49600000,1
1505950288,21937179,3910.33,0.00365600,1
1505950288,21937178,3911.00,5.59503420,1
1505950285,21937176,3911.00,1.40496580,1
1505950285,21937175,3911.00,0.14480852,0
1505950285,21937174,3911.11,4.50000000,1
1505950284,21937173,3911.98,0.10000000,1
1505950284,21937172,3912.06,0.00810451,1
1505950283,21937171,3912.22,2.96833555,1
1505950283,21937170,3912.22,0.87378562,1
1505950283,21937169,3912.22,6.15787883,1
1505950283,21937168,3912.83,0.00204038,1
1505950282,21937167,3914.00,0.04600000,1
1505950282,21937166,3915.00,0.05000000,1
1505950282,21937165,3915.00,0.30604000,1
1505950281,21937164,3915.00,0.05000000,1
1505950281,21937163,3915.00,0.04000000,1
1505950281,21937162,3915.00,4.04804079,1
1505950281,21937161,3915.00,5.95195921,1
1505950281,21937160,3915.66,4.00000000,1
1505950281,21937159,3915.71,0.00204079,1
1505950280,21937157,3916.00,0.04600000,1
1505950276,21937155,3918.00,0.20568409,1
1505950276,21937154,3918.00,0.04600000,1
1505950276,21937153,3918.12,0.02400000,1
1505950276,21937152,3918.55,1.00000000,1
1505950276,21937151,3918.58,0.00204039,1
1505950275,21937150,3919.78,0.02521628,1
1505950275,21937149,3920.00,0.04600000,1
1505950275,21937148,3920.00,0.17728827,1
1505950275,21937147,3920.00,0.30605000,1
1505950275,21937146,3920.00,15.16757670,1
1505950275,21937145,3920.00,0.99991076,1
1505950275,21937144,3920.00,0.00202553,1
1505950275,21937143,3920.00,0.95299034,1
1505950275,21937142,3921.00,0.00300000,1
1505950272,21937139,3921.46,0.00292493,0
1505950270,21937138,3921.46,0.00204080,1
1505950270,21937137,3921.51,0.10000000,1
1505950270,21937136,3921.65,0.11577972,1
1505950270,21937135,3922.00,0.04600000,1
1505950270,21937134,3922.89,3.29950104,1
1505950269,21937132,3922.89,0.08841891,1
1505950269,21937131,3922.89,0.08000000,1
1505950268,21937130,3922.89,10.19600200,1
1505950268,21937129,3922.89,0.08000000,1
1505950266,21937128,3922.89,16.50000000,1
1505950266,21937127,3922.89,0.01000000,1
1505950262,21937123,3922.89,0.01007707,1
1505950261,21937118,3922.89,0.27972805,1
1505950261,21937117,3922.89,0.04537293,1
1505950257,21937115,3922.89,17.00000000,1
1505950255,21937114,3922.89,1.47070000,1
1505950254,21937113,3922.89,1.06520000,1
1505950247,21937111,3923.00,2.00382720,0
1505950244,21937110,3923.00,0.97824378,1
1505950243,21937109,3923.00,0.17975616,1
1505950243,21937108,3923.00,0.10000000,1
1505950243,21937107,3923.37,0.01000000,1
1505950243,21937106,3924.00,0.04600000,1
1505950243,21937105,3924.34,0.00204040,1
1505950243,21937104,3924.53,0.03026859,1
1505950243,21937103,3925.00,0.50540923,1
1505950242,21937102,3925.00,0.08970000,1
1505950241,21937100,3925.00,0.05970000,1
1505950239,21937099,3925.00,0.01972000,1
1505950236,21937095,3925.00,1.12880000,1
1505950236,21937094,3925.00,0.06018000,1
1505950235,21937093,3925.00,1.13649077,1
1505950235,21937092,3925.00,0.02000000,1
1505950235,21937091,3925.00,0.01438729,1
1505950235,21937090,3925.00,3.68912194,1
1505950234,21937089,3925.00,0.01000000,1
1505950233,21937088,3925.00,0.01000000,1
1505950233,21937087,3925.00,0.01000000,1
1505950232,21937082,3925.00,0.01000000,1
1505950231,21937080,3925.00,0.09980000,1
1505950231,21937079,3925.00,0.10000000,1
1505950230,21937078,3925.00,0.01000000,1
1505950228,21937076,3925.00,0.06000000,1
1505950215,21937072,3925.00,1.00107806,1
1505950215,21937071,3925.06,0.15000000,1
1505950215,21937070,3925.70,2.08159957,1
1505950215,21937068,3925.71,1.76732237,1
1505950210,21937065,3925.71,0.01453714,1
1505950203,21937064,3925.71,0.01308000,1
1505950201,21937061,3925.71,0.05528500,1
1505950198,21937056,3925.71,0.02147767,1
1505950192,21937047,3925.71,0.06414891,1
1505950191,21937046,3925.71,0.06414891,1
1505950172,21937020,3925.70,0.00765724,1
1505950170,21937019,3925.70,0.02000000,1
1505950169,21937017,3925.70,0.99900000,1
1505950163,21937012,3926.79,0.14788009,0
1505950160,21937008,3925.70,0.01003000,1
1505950158,21937006,3925.70,0.61000000,1
1505950158,21937005,3925.70,3.81752312,1
1505950158,21937004,3925.70,1.90661300,1
1505950146,21937000,3925.70,7.00000000,1
1505950145,21936999,3925.71,0.02335305,0
1505950143,21936997,3925.70,15.53952726,1
1505950143,21936996,3925.71,1.86739674,1
1505950133,21936993,3931.92,0.01537383,0
1505950087,21936934,3925.98,0.01000000,1
1505950084,21936932,3932.00,0.00292618,0
1505950020,21936908,3925.70,0.01000000,1
1505950020,21936906,3925.70,0.01000000,1
1505950014,21936905,3925.70,1.00000000,1
1505950007,21936904,3927.92,1.86739674,1
1505950006,21936900,3925.70,4.83461216,1
1505950006,21936899,3926.28,0.16538784,1
1505950005,21936898,3926.28,0.01526345,1
1505950004,21936897,3926.28,0.16934871,1
1505950003,21936896,3925.70,18.10000000,1
1505950002,21936894,3925.70,0.01000000,1
1505950002,21936893,3925.70,0.01000000,1
1505950002,21936892,3926.28,0.16000000,1
1505950002,21936891,3926.28,0.00500000,1
1505950000,21936890,3925.70,15.00000000,1
1505949996,21936886,3925.70,1.23550000,1
1505949996,21936885,3925.71,0.14000000,1
1505949996,21936883,3926.28,1.00000000,1
1505949994,21936882,3927.93,0.00272141,0
1505949987,21936880,3927.61,1.00000000,0
1505949987,21936879,3927.61,7.00000000,0
1505949985,21936878,3926.28,1.00000000,0
1505949972,21936873,3927.00,0.10000000,1
1505949956,21936867,3935.40,0.15000000,0
1505949922,21936858,3926.31,0.78857002,0
1505949919,21936855,3926.31,0.18866898,1
1505949893,21936847,3936.61,0.13943469,0
1505949871,21936840,3936.87,0.46807403,0
1505949866,21936839,3925.71,0.12980441,1
1505949866,21936838,3925.72,0.01985615,1
1505949866,21936837,3927.00,0.05000000,1
1505949860,21936832,3933.90,0.01866898,0
1505949851,21936831,3932.95,0.01985615,0
1505949847,21936825,3929.27,0.00368724,0
1505949846,21936823,3929.27,0.39075859,0
1505949842,21936818,3929.22,0.10000000,0
1505949842,21936815,3929.22,0.02000000,0
1505949836,21936807,3929.27,1.14951524,0
1505949829,21936802,3925.70,13.00000000,1
1505949829,21936801,3926.28,1.00000000,1
1505949825,21936798,3925.71,1.00000000,0
1505949824,21936797,3927.04,0.01843702,1
1505949824,21936796,3932.55,0.27972805,1
1505949822,21936794,3925.70,13.68000000,1
1505949822,21936793,3925.71,0.17000000,1
1505949821,21936791,3926.28,1.00000000,1
1505949821,21936790,3927.00,0.05000000,1
1505949820,21936789,3927.03,0.95000000,1
1505949820,21936788,3933.75,1.00000000,0
1505949812,21936783,3937.26,0.01843702,0
1505949800,21936777,3934.09,0.42000000,0
1505949783,21936760,3925.70,1.61793765,1
1505949783,21936759,3926.28,0.76752304,1
1505949783,21936756,3932.56,0.79005843,0
1505949782,21936749,3926.28,0.21127186,1
1505949781,21936742,3925.71,0.02120510,0
1505949779,21936741,3925.71,0.19000000,0
1505949779,21936740,3925.88,0.05141116,1
1505949779,21936738,3926.00,0.04600000,1
1505949779,21936736,3926.00,0.02832970,1
1505949778,21936735,3926.15,0.65305404,1
1505949778,21936733,3926.28,1.00000000,1
1505949777,21936731,3928.07,1.90661300,0
1505949777,21936730,3928.07,5.00000000,0
1505949775,21936725,3928.93,1.51699318,0
1505949774,21936724,3928.10,0.78170682,0
1505949774,21936723,3928.10,0.21829318,0
1505949773,21936721,3926.15,0.00005919,0
1505949772,21936719,3926.15,1.00000000,0
1505949772,21936718,3926.15,0.03000000,1
1505949772,21936717,3926.72,1.00000000,1
1505949771,21936716,3927.22,0.00204081,1
1505949771,21936715,3928.00,0.04600000,1
1505949769,21936713,3928.53,0.34685560,0
1505949768,21936712,3928.50,0.00595635,0
1505949766,21936710,3928.50,0.01254365,1
1505949766,21936707,3928.52,0.87150000,1
1505949765,21936703,3928.53,0.16036479,0
1505949763,21936701,3934.95,0.01678775,0
1505949760,21936700,3929.65,0.13112224,0
1505949754,21936690,3928.50,1.97274771,1
1505949754,21936689,3928.58,0.87150000,0
1505949754,21936688,3928.58,0.14575229,0
1505949751,21936686,3929.65,2.93097817,0
1505949751,21936685,3930.00,1.18035625,1
1505949751,21936684,3930.00,0.00202038,1
1505949751,21936683,3930.00,0.00500000,1
1505949751,21936682,3932.97,0.00203071,1
1505949751,21936681,3933.37,0.03000000,1
1505949728,21936680,3939.37,0.10877492,0
1505949728,21936679,3938.80,0.01827150,0
1505949689,21936672,3938.80,0.05172850,0
1505949686,21936667,3937.89,0.06182730,0
1505949670,21936660,3937.94,0.00983687,0
1505949670,21936659,3936.76,0.00500000,0
1505949669,21936658,3936.75,0.10818546,0
1505949665,21936654,3936.75,0.02544940,0
1505949622,21936647,3934.22,2.48394075,0
1505949622,21936646,3934.22,1.64400000,1
1505949622,21936645,3934.24,0.87150000,1
1505949617,21936644,3936.76,0.01500000,1
1505949615,21936643,3942.40,0.70083032,0
1505949613,21936640,3942.41,0.42235383,0
1505949606,21936636,3944.01,0.19986250,0
1505949604,21936635,3936.80,0.04000000,1
1505949543,21936627,3952.75,0.00750000,0
1505949486,21936619,3953.04,0.42292108,0
1505949486,21936618,3953.04,0.77568809,0
1505949426,21936602,3952.50,0.00000198,1
1505949424,21936600,3952.50,0.14686402,1
1505949402,21936593,3947.71,0.02273976,1
1505949400,21936592,3945.58,0.00758500,0
1505949393,21936591,3940.19,1.39503345,0
1505949386,21936579,3943.00,0.16569600,0
1505949384,21936578,3942.04,0.03834214,0
1505949381,21936577,3945.57,0.00760000,0
1505949378,21936576,3945.57,0.02660340,0
1505949376,21936572,3945.57,0.02530970,0
1505949376,21936567,3945.57,0.04860870,0
1505949375,21936563,3945.57,0.88343300,0
1505949375,21936562,3945.57,0.08548361,0
1505949375,21936561,3945.57,0.23009000,0
1505949374,21936560,3945.57,0.93280000,0
1505949372,21936559,3945.58,1.16100000,1
1505949368,21936557,3936.89,0.00776153,1
1505949368,21936556,3950.48,0.01500000,1
1505949368,21936555,3950.49,0.04289547,1
1505949357,21936552,3952.73,0.00700000,0
1505949335,21936516,3950.49,0.20802277,1
1505949312,21936512,3956.74,0.50841307,1
1505949312,21936511,3956.74,0.49158693,0
1505949210,21936496,3960.25,0.02386837,1
1505949208,21936495,3950.49,0.01279639,0
1505949204,21936494,3950.48,0.01435900,1
1505949200,21936493,3950.49,0.03627287,0
1505949163,21936470,3956.90,0.10620100,0
1505949134,21936456,3960.22,0.00061000,0
1505949134,21936455,3958.09,0.87150000,0
1505949125,21936454,3958.20,0.11592361,0
1505949101,21936451,3958.52,0.19230000,0
1505949067,21936442,3959.69,0.05793873,0
1505949066,21936440,3959.70,0.23427919,0
1505949050,21936438,3959.86,0.10200297,0
1505949042,21936436,3960.17,0.01482492,0
1505949003,21936428,3957.81,0.02000000,0
1505948946,21936419,3955.17,0.23454870,0
1505948923,21936417,3954.25,0.00271262,0
1505948844,21936406,3954.10,0.01625684,1
1505948746,21936392,3954.06,0.01236334,1
1505948704,21936385,3944.00,0.27800000,1
1505948703,21936384,3944.03,0.70700000,1
1505948703,21936383,3946.11,0.01500000,1
1505948703,21936382,3946.14,4.00000000,1
1505948665,21936378,3955.92,0.01280859,0
1505948607,21936351,3957.94,0.01280166,0
1505948587,21936348,3946.11,0.08845000,1
1505948545,21936345,3946.10,1.91306218,1
1505948544,21936344,3946.11,0.18380181,1
1505948544,21936343,3946.26,0.05533394,1
1505948544,21936342,3946.28,0.87150000,1
1505948527,21936341,3960.27,0.00319914,1
1505948526,21936340,3955.15,0.13481569,0
1505948524,21936339,3955.00,0.15640933,0
1505948491,21936338,3947.21,0.67850000,0
1505948490,21936337,3947.23,0.87150000,1
1505948407,21936324,3951.87,0.05533394,0
1505948407,21936323,3947.92,0.00686699,0
1505948358,21936316,3956.65,0.86314005,0
1505948358,21936315,3954.18,0.16143927,0
1505948344,21936313,3954.15,0.10228400,0
1505948343,21936312,3954.13,0.01281529,0
1505948283,21936308,3952.24,0.02204700,0
1505948280,21936307,3952.25,0.01861528,0
1505948263,21936302,3952.23,0.10247885,1
1505948204,21936288,3944.56,0.02445611,1
1505948191,21936287,3944.29,0.02989894,1
1505948176,21936279,3943.91,0.00886000,1
1505948164,21936276,3957.20,0.10289600,0
1505948164,21936275,3943.65,0.28233855,1
1505948132,21936270,3956.83,0.04005251,0
1505948057,21936257,3944.91,0.01276178,1
1505948043,21936244,3946.03,0.02228463,1
1505948043,21936243,3946.03,0.05700518,1
1505948013,21936233,3942.61,1.30907339,0
1505948012,21936232,3944.46,0.10637122,1
1505948012,21936231,3945.32,0.01500000,1
1505948012,21936230,3947.11,1.10902949,1
1505947906,21936157,3957.79,0.00411912,0
1505947863,21936151,3958.15,0.00795200,0
1505947816,21936148,3944.66,0.02634906,1
1505947804,21936143,3944.52,0.02500000,1
1505947787,21936140,3944.93,0.00784808,1
1505947786,21936139,3944.96,0.10321297,1
1505947752,21936127,3950.94,0.05097529,1
1505947751,21936126,3950.94,0.01263746,0
1505947751,21936125,3950.94,0.01263746,0
1505947745,21936122,3950.89,0.06314953,0
1505947725,21936105,3951.77,0.01282285,0
1505947713,21936096,3950.95,0.01263746,1
1505947694,21936094,3944.46,0.01501049,1
1505947694,21936093,3946.97,0.02427894,1
1505947677,21936076,3946.97,0.01166817,1
1505947655,21936068,3946.97,0.06052947,1
1505947652,21936067,3946.97,0.00434103,1
1505947651,21936065,3946.97,0.01389795,1
1505947646,21936060,3946.95,0.01340585,0
1505947645,21936059,3946.97,0.01596890,1
1505947644,21936058,3946.97,0.18395113,0
1505947643,21936055,3946.97,0.01676900,0
1505947637,21936039,3946.97,0.04010599,0
1505947635,21936036,3949.69,0.01601238,0
1505947621,21936034,3949.82,0.09932054,1
1505947617,21936030,3949.85,0.15540220,0
1505947606,21936025,3950.92,0.12143027,1
1505947604,21936021,3949.97,0.04439819,0
1505947602,21936020,3950.00,1.00000000,1
1505947602,21936019,3951.00,3.66723872,1
1505947602,21936018,3952.00,0.01500000,1
1505947599,21936017,3952.01,0.00460873,0
1505947582,21936015,3952.00,0.98500000,1
1505947582,21936014,3952.51,0.01500000,1
1505947582,21936013,3952.52,4.00000000,1
1505947579,21936012,3959.09,0.10000000,0
1505947574,21936010,3959.11,0.02727886,0
1505947566,21936009,3952.52,0.20000000,1
1505947516,21936003,3952.20,0.01002215,1
1505947491,21936001,3956.78,0.21203605,0
1505947490,21936000,3952.52,0.10490000,1
1505947486,21935998,3952.49,0.01901523,1
1505947474,21935996,3955.60,0.04000000,0
1505947456,21935990,3955.88,0.06310000,1
1505947453,21935989,3955.85,0.01000000,1
1505947426,21935975,3955.54,0.02380565,1
1505947362,21935949,3962.56,0.04604132,0
1505947350,21935947,3962.68,0.00188941,1
1505947333,21935942,3963.17,0.01584502,0
1505947328,21935939,3960.91,0.10000000,0
1505947315,21935936,3961.45,0.01100158,0
1505947307,21935935,3952.17,0.19166667,1
1505947293,21935934,3960.89,0.03174195,0
1505947289,21935930,3952.12,0.23384673,1
1505947278,21935926,3953.65,0.00125959,0
1505947276,21935925,3953.65,0.57103439,0
1505947276,21935924,3952.68,0.18312134,0
1505947233,21935922,3952.58,0.00381558,1
1505947233,21935921,3951.00,0.01136364,1
1505947232,21935920,3951.00,0.39896761,1
1505947207,21935917,3951.73,0.00578364,1
1505947202,21935916,3963.00,0.75415573,0
1505947201,21935899,3962.99,0.00310854,0
1505947192,21935898,3963.03,0.01278626,0
1505947187,21935896,3951.22,0.01857272,1
1505947172,21935892,3963.15,0.26571532,0
1505947171,21935891,3963.12,0.48844041,0
1505947168,21935890,3951.13,0.41510200,1
1505947157,21935884,3963.18,0.75415573,0
1505947156,21935883,3963.18,0.75415573,0
1505947101,21935868,3954.94,0.24004678,1
1505947101,21935866,3955.14,0.02949222,1
1505947035,21935860,3966.11,3.00000000,0
1505946908,21935832,3967.86,0.23340704,1
1505946906,21935831,3961.49,0.00038964,0
1505946854,21935812,3955.14,0.02837000,1
1505946853,21935811,3958.46,3.20000000,0
1505946853,21935810,3956.38,6.80000000,0
1505946852,21935809,3955.14,0.02837000,1
1505946851,21935808,3955.14,0.01149000,1
1505946847,21935807,3958.46,0.13591586,1
1505946845,21935806,3957.00,0.09847169,0
1505946839,21935804,3955.14,0.01851000,1
1505946837,21935803,3955.14,0.03000000,1
1505946835,21935802,3955.14,0.01149000,1
1505946830,21935801,3955.14,0.02005000,1
1505946825,21935800,3955.14,0.01613000,1
1505946811,21935799,3955.14,0.03950000,1
1505946751,21935789,3961.49,0.00112284,0
1505946751,21935788,3958.42,0.02838340,0
1505946750,21935787,3958.42,0.02478660,0
1505946732,21935784,3958.41,0.20846000,0
1505946696,21935778,3958.43,0.01338340,1
1505946695,21935777,3961.48,0.03768006,0
1505946693,21935776,3958.89,0.00183000,1
1505946692,21935775,3958.89,0.01317000,1
1505946674,21935771,3965.41,1.00000000,0
1505946631,21935767,3967.00,0.10240894,1
1505946630,21935766,3967.00,0.02331579,0
1505946609,21935763,3960.30,0.02111499,1
1505946574,21935758,3966.99,0.50000000,0
1505946545,21935748,3967.00,0.23384673,0
1505946487,21935738,3967.08,0.02313288,1
1505946487,21935737,3967.93,1.19542179,0
1505946426,21935700,3967.28,0.23383275,0
1505946386,21935684,3966.61,0.02511840,0
1505946359,21935679,3967.83,2.47906538,1
1505946359,21935677,3965.11,0.67066000,1
1505946357,21935676,3965.06,0.87150000,0
1505946227,21935650,3958.44,0.67066000,1
1505946226,21935649,3958.44,0.02000000,1
1505946226,21935648,3965.90,0.12582264,0
1505946223,21935647,3967.47,0.01277157,0
1505946208,21935643,3967.69,0.12725267,0
1505946186,21935639,3966.65,0.23386989,0
1505946102,21935628,3965.73,0.40542732,0
1505946018,21935618,3960.34,0.02000000,1
1505946006,21935616,3960.42,0.05000000,1
1505945945,21935610,3951.20,0.14663200,1
1505945941,21935609,3951.24,0.02747238,0
1505945937,21935608,3951.16,0.01281773,0
1505945917,21935594,3953.38,0.00660000,0
1505945901,21935588,3957.00,0.01500000,1
1505945900,21935587,3957.00,3.78452358,1
1505945887,21935585,3957.00,4.23031954,1
1505945887,21935584,3957.01,0.76968046,1
1505945878,21935582,3962.32,1.14692910,0
1505945868,21935580,3962.24,0.00472602,0
1505945856,21935577,3957.00,4.83328284,1
1505945856,21935576,3957.28,0.16671716,1
1505945807,21935570,3967.00,0.12728028,0
1505945763,21935562,3967.74,0.03888156,0
1505945763,21935561,3965.37,0.00201496,0
1505945748,21935559,3963.90,0.25737844,0
1505945712,21935555,3965.26,0.00369052,0
1505945679,21935547,3957.18,0.50000000,1
1505945634,21935511,3962.11,0.32358516,0
1505945583,21935490,3957.01,0.03800000,1
1505945570,21935483,3962.42,0.05681667,0
1505945569,21935481,3957.01,0.04012889,1
1505945568,21935480,3957.01,0.05499102,1
1505945566,21935476,3962.42,0.01413849,0
1505945552,21935474,3962.46,0.01278845,0
1505945544,21935472,3963.97,0.15167599,0
1505945544,21935471,3962.51,0.01311038,0
1505945544,21935470,3962.50,0.87150000,0
1505945524,21935466,3962.50,0.00503249,1
1505945523,21935465,3962.47,0.01311051,0
1505945504,21935461,3957.01,0.13877057,1
1505945504,21935460,3961.44,0.25317524,0
1505945504,21935459,3961.35,0.64429976,0
1505945504,21935458,3957.03,0.00252500,0
1505945453,21935455,3961.78,0.40474858,0
1505945411,21935443,3962.72,0.01325981,0
1505945403,21935440,3957.02,0.04000000,1
1505945402,21935438,3957.09,0.16942898,0
1505945372,21935429,3962.52,0.01278766,0
1505945343,21935424,3962.67,0.08625400,0
1505945337,21935422,3957.06,0.00177508,1
1505945337,21935421,3961.42,0.01500000,1
1505945320,21935419,3963.01,0.13858805,0
1505945311,21935416,3957.00,3.08700016,1
1505945310,21935415,3957.05,2.52240000,1
1505945310,21935414,3958.00,0.50000000,1
1505945310,21935413,3958.01,4.00000000,1
1505945299,21935410,3959.59,0.01416903,1
1505945294,21935409,3961.42,0.00041744,1
1505945293,21935407,3963.75,0.01030500,0
1505945284,21935405,3963.16,0.00733500,0
1505945283,21935404,3961.42,0.04000000,1
1505945273,21935402,3963.21,0.01256915,0
1505945208,21935390,3957.00,0.03431115,1
1505945169,21935383,3956.70,0.03854765,1
1505945168,21935382,3956.65,0.21000000,1
1505945165,21935381,3956.65,3.55845300,1
1505945165,21935380,3956.71,6.44154700,1
1505945165,21935379,3962.38,1.19523485,0
1505945155,21935368,3964.34,0.12000000,0
1505945143,21935361,3956.65,2.52490000,1
1505945138,21935360,3956.37,2.52680000,0
1505945134,21935359,3954.40,0.04000000,1
1505945131,21935357,3965.36,1.06999961,1
1505945131,21935355,3962.87,0.00203071,0
1505945130,21935353,3960.41,0.03246529,0
1505945130,21935351,3957.19,0.02400439,0
1505945128,21935350,3956.10,0.87150000,0
1505945126,21935349,3954.12,0.29066393,0
1505945126,21935348,3952.54,3.85460000,1
1505945120,21935344,3954.95,0.02087435,0
1505945117,21935343,3951.15,0.02747613,1
1505945114,21935342,3951.15,0.02100153,0
1505945109,21935340,3950.04,0.19379300,0
1505945104,21935338,3950.04,0.05782700,0
1505945093,21935333,3949.38,0.16240000,1
1505945061,21935322,3939.47,0.01859647,0
1505945060,21935321,3944.00,0.13396350,0
1505945059,21935320,3944.00,0.01697650,1
1505945059,21935319,3944.04,0.11140353,1
1505945058,21935318,3944.01,0.15094000,1
1505945056,21935317,3944.01,0.88131000,1
1505945046,21935303,3944.00,0.01953000,1
1505945045,21935302,3944.00,0.01953000,1
1505945043,21935301,3944.01,0.01953000,1
1505945031,21935300,3944.00,0.98656764,0
1505945020,21935297,3944.00,0.01343236,0
1505944995,21935291,3943.07,0.11379285,0
1505944994,21935289,3943.01,0.17691700,1
1505944955,21935281,3943.90,0.15125129,0
1505944940,21935280,3938.62,0.10000000,1
1505944930,21935279,3938.62,0.00463092,1
1505944928,21935278,3943.98,0.00308707,0
1505944927,21935277,3943.98,0.27527936,0
1505944925,21935276,3943.92,0.23521775,0
1505944865,21935224,3943.78,0.11635791,0
1505944858,21935210,3943.94,0.99218768,1
1505944855,21935209,3942.84,0.00781232,1
1505944839,21935207,3944.87,0.06673119,0
1505944835,21935206,3944.92,0.11538377,0
1505944832,21935204,3942.73,1.37340000,1
1505944832,21935203,3943.36,2.62660000,1
1505944825,21935202,3942.73,0.78053898,0
1505944825,21935201,3941.00,2.36690000,0
1505944825,21935200,3940.98,0.87150000,0
1505944825,21935199,3938.47,0.98050177,0
1505944819,21935197,3938.43,0.00307078,0
1505944818,21935196,3938.43,0.21550942,0
1505944817,21935195,3938.37,0.06289074,0
1505944814,21935194,3938.40,0.23393576,1
1505944810,21935188,3932.36,0.02448431,1
1505944804,21935187,3938.41,0.00304687,0
1505944794,21935184,3932.31,0.25000000,1
1505944758,21935182,3938.47,0.00484624,0
1505944745,21935181,3938.46,0.16484600,0
1505944745,21935180,3938.39,0.87150000,0
1505944735,21935179,3938.44,0.04002569,0
1505944723,21935174,3938.47,0.01465199,0
1505944719,21935170,3946.08,0.00304000,0
1505944678,21935152,3928.50,2.04253425,1
1505944678,21935151,3929.29,5.60731847,1
1505944678,21935150,3930.06,0.02100153,1
1505944678,21935149,3930.07,0.02000000,1
1505944678,21935148,3931.76,6.53000000,1
1505944677,21935147,3932.97,0.02847000,1
1505944677,21935146,3933.67,7.46107537,1
1505944677,21935145,3935.00,0.00500000,1
1505944677,21935144,3936.65,7.27061597,1
1505944677,21935143,3936.66,0.09000000,1
1505944677,21935142,3938.40,7.00000000,1
1505944677,21935141,3938.42,1.74300000,1
1505944677,21935140,3938.46,1.74300000,1
1505944677,21935139,3940.73,7.07403590,1
1505944676,21935138,3941.00,1.74300000,1
1505944676,21935137,3941.01,0.77328706,1
1505944676,21935136,3943.74,0.01500000,1
1505944676,21935135,3944.01,0.82266145,1
1505944646,21935117,3945.38,0.14968000,1
1505944625,21935110,3953.49,0.01922736,0
1505944625,21935109,3953.48,0.00138764,0
1505944623,21935108,3953.47,0.00750000,0
1505944616,21935106,3953.53,1.40489915,0
1505944616,21935105,3953.50,0.87150000,0
1505944600,21935102,3945.11,0.02765855,1
1505944563,21935092,3953.97,0.02945000,0
1505944465,21935064,3948.00,0.01350000,0
1505944464,21935063,3948.98,0.10000000,1
1505944422,21935042,3948.94,0.42946208,0
1505944408,21935038,3947.57,1.45726785,0
1505944408,21935037,3947.52,0.90805685,0
1505944407,21935036,3936.72,0.00242803,1
1505944405,21935035,3947.60,0.35573455,0
1505944398,21935027,3945.89,0.54568870,0
1505944373,21934999,3944.06,0.00271540,0
1505944278,21934969,3940.78,0.01500000,1
1505944245,21934967,3940.83,4.96874855,1
1505944157,21934951,3943.02,4.00000000,1
1505944140,21934919,3945.91,0.04983706,0
1505944108,21934911,3938.09,0.50305775,1
1505944100,21934910,3935.86,0.06700504,1
1505944095,21934908,3948.11,0.76800000,1
1505944093,21934905,3945.75,2.53200000,0
1505944089,21934904,3945.76,0.06643456,0
1505944074,21934897,3934.99,0.02629180,0
1505944073,21934896,3929.29,0.41757197,1
1505944073,21934895,3929.29,0.26900000,1
1505944072,21934894,3929.29,0.20800000,0
1505944072,21934893,3929.30,0.07300000,0
1505944071,21934892,3931.00,0.08242803,0
1505944069,21934891,3929.29,0.41610956,0
1505944069,21934890,3930.00,0.06654452,1
1505944069,21934889,3930.00,0.04600000,1
1505944069,21934888,3930.00,5.00000000,1
1505944069,21934887,3930.00,0.30604500,1
1505944068,21934886,3930.00,4.31927480,1
1505944068,21934885,3930.00,0.00202038,1
1505944068,21934884,3930.00,0.21028684,0
1505944068,21934879,3930.03,3.55780890,0
1505944067,21934874,3930.05,0.87150000,1
1505944067,21934869,3932.00,0.04600000,1
1505944067,21934868,3932.00,0.15841000,0
1505944064,21934866,3932.01,0.76732807,0
1505944064,21934865,3932.89,0.22400000,0
1505944063,21934862,3932.97,0.00203071,1
1505944063,21934860,3933.00,0.10000000,1
1505944063,21934859,3934.00,0.04600000,1
1505944063,21934857,3934.00,0.26000000,1
1505944063,21934856,3934.00,0.25139900,1
1505944062,21934854,3934.00,0.21899451,0
1505944062,21934853,3935.01,0.02524771,1
1505944058,21934851,3935.14,1.82556217,1
1505944058,21934850,3936.00,0.06240711,1
1505944057,21934849,3937.00,0.10000000,1
1505944057,21934848,3937.25,0.01000000,1
1505944057,21934847,3938.72,0.00203072,1
1505944052,21934842,3940.00,1.00000000,1
1505944042,21934839,3944.29,0.19447853,1
1505944031,21934835,3944.96,0.00510000,1
1505944026,21934832,3946.00,0.09123953,1
1505944009,21934826,3948.61,3.04262681,1
1505944005,21934824,3948.61,5.00000000,1
1505944005,21934822,3949.94,0.01162210,0
1505944000,21934816,3948.61,1.95737319,1
1505944000,21934815,3949.00,0.01000000,1
1505944000,21934814,3950.00,11.03262681,1
1505943997,21934811,3950.00,8.96737319,1
1505943997,21934810,3950.00,4.69262681,1
1505943990,21934803,3950.00,5.30737319,1
1505943990,21934802,3950.00,0.05120000,1
1505943990,21934801,3950.00,0.54142681,1
1505943990,21934800,3950.01,0.10000000,1
1505943989,21934799,3951.00,7.00000000,1
1505943986,21934795,3951.00,13.00000000,1
1505943963,21934781,3957.18,0.05875100,0
1505943935,21934779,3957.18,0.00628932,0
1505943892,21934772,3953.01,0.07263000,1
1505943888,21934771,3957.18,0.01660264,0
1505943868,21934764,3957.18,0.01441430,1
1505943864,21934763,3957.18,1.18520485,0
1505943843,21934753,3957.18,0.00438988,0
1505943843,21934752,3957.18,0.10252000,0
1505943841,21934750,3957.19,0.25173150,0
1505943836,21934747,3953.00,0.02000000,1
1505943822,21934744,3955.01,0.01261192,1
1505943818,21934743,3953.00,12.00000000,1
1505943815,21934741,3953.48,1.56467388,1
1505943815,21934740,3955.00,10.00000000,1
1505943814,21934739,3955.00,0.20532612,1
1505943811,21934738,3955.00,9.79467388,1
1505943810,21934737,3955.00,1.77383028,1
1505943810,21934736,3955.01,0.23149584,1
1505943810,21934735,3955.01,0.73000000,1
1505943787,21934731,3960.25,0.02317278,0
1505943785,21934729,3960.22,0.04095066,0
1505943783,21934726,3960.29,0.05994495,0
1505943778,21934725,3960.25,0.81481958,0
1505943754,21934719,3960.31,0.28220000,0
1505943733,21934713,3960.33,0.01730634,0
1505943715,21934707,3960.41,0.02034626,0
1505943713,21934706,3955.02,0.00731229,0
1505943672,21934696,3955.02,0.25000000,1
1505943592,21934689,3955.01,0.01000000,1
1505943590,21934688,3959.50,0.00292446,0
1505943588,21934687,3959.50,0.02925814,0
1505943499,21934655,3955.00,1.07287085,1
1505943492,21934654,3955.00,0.02000000,1
1505943483,21934649,3955.00,17.13329887,1
1505943483,21934648,3955.00,0.38220007,1
1505943480,21934647,3955.00,0.55000000,1
1505943468,21934643,3955.00,0.02000000,1
1505943461,21934637,3957.23,0.00748939,0
1505943444,21934634,3957.24,0.01050000,0
1505943426,21934628,3955.90,0.00440000,0
1505943418,21934625,3955.00,6.88359993,1
1505943417,21934624,3955.00,7.00000000,1
1505943416,21934623,3955.00,1.16420000,1
1505943415,21934622,3954.79,4.00000000,0
1505943413,21934621,3953.00,7.00000000,1
1505943410,21934619,3955.00,0.11640007,1
1505943410,21934618,3955.00,4.88359993,1
1505943409,21934617,3955.00,5.00000000,1
1505943408,21934616,3955.00,7.00000000,1
1505943407,21934615,3955.00,3.00000000,1
1505943407,21934613,3955.14,4.00000000,1
1505943402,21934608,3960.00,0.11640007,1
1505943402,21934606,3960.00,7.00000000,1
1505943401,21934605,3960.00,5.00000000,1
1505943400,21934604,3960.00,5.00000000,1
1505943400,21934603,3960.00,1.48070000,1
1505943400,21934602,3960.00,1.37877677,1
1505943399,21934601,3960.41,0.91000000,1
1505943397,21934600,3960.51,0.00306966,0
1505943376,21934576,3960.51,0.02760748,0
1505943363,21934571,3960.51,0.01057500,0
1505943349,21934569,3960.51,0.01234919,0
1505943348,21934568,3960.51,0.01259181,0
1505943346,21934567,3960.51,0.23380807,0
1505943345,21934566,3960.41,0.01710975,1
1505943333,21934564,3960.51,0.00292425,0
1505943307,21934551,3960.00,0.02412316,0
1505943235,21934523,3960.00,0.06987372,0
1505943222,21934520,3960.00,0.01000000,0
1505943216,21934518,3959.70,0.01781219,1
1505943216,21934517,3959.71,0.01500000,1
1505943212,21934516,3960.00,0.04948076,0
1505943211,21934515,3960.00,0.00367228,0
1505943201,21934514,3960.00,0.00206074,0
1505943186,21934509,3960.00,0.11587121,0
1505943172,21934505,3960.51,0.03022591,0
1505943171,21934504,3960.51,0.04785910,0
1505943165,21934503,3959.71,0.10000000,1
1505943096,21934496,3964.99,0.04053257,0
1505943074,21934483,3964.98,0.11026273,0
1505943069,21934481,3964.99,0.12264343,0
1505943062,21934480,3964.97,0.06292897,0
1505943051,21934475,3964.99,0.00367203,0
1505943037,21934470,3959.58,0.06660100,0
1505943011,21934451,3960.00,0.38489990,1
1505943011,21934450,3960.17,0.01500000,1
1505943011,21934449,3960.17,0.00000010,1
1505942997,21934446,3965.00,0.02615145,0
1505942957,21934444,3960.17,2.50569990,0
1505942916,21934433,3960.17,0.01250000,0
1505942895,21934431,3960.17,0.01964488,0
1505942883,21934426,3960.17,0.02938000,0
1505942882,21934424,3960.17,0.06177361,0
1505942837,21934413,3960.17,0.74811300,0
1505942803,21934404,3960.17,0.97270603,0
1505942803,21934403,3956.21,0.02729397,0
1505942803,21934401,3955.09,0.23600000,1
1505942781,21934399,3956.21,0.00298000,0
1505942770,21934396,3955.01,0.09827377,1
1505942768,21934395,3955.01,0.15000000,1
1505942761,21934393,3954.75,0.01594613,1
1505942727,21934385,3954.66,2.37475646,0
1505942727,21934384,3956.89,0.04645045,1
1505942726,21934383,3956.90,0.67879309,1
1505942721,21934381,3960.17,0.02366312,0
1505942721,21934380,3960.17,0.02365807,0
1505942720,21934376,3960.17,0.02253186,0
1505942701,21934369,3960.17,0.01629626,0
1505942694,21934367,3960.17,0.01392927,0
1505942691,21934366,3960.16,0.21000000,0
1505942672,21934364,3960.17,0.04810400,1
1505942615,21934326,3962.48,0.00300000,0
1505942610,21934325,3962.71,0.00163874,0
1505942605,21934324,3956.90,3.09316278,1
1505942600,21934323,3953.00,0.48120000,1
1505942600,21934322,3953.03,2.00000000,1
1505942600,21934321,3953.05,2.51880000,1
1505942590,21934316,3961.00,0.22353722,1
1505942585,21934315,3961.00,4.00000000,1
1505942583,21934314,3961.00,4.00000000,1
1505942583,21934313,3960.80,2.52230000,0
1505942583,21934312,3960.30,0.32096969,0
1505942583,21934311,3960.30,5.00000000,0
1505942583,21934310,3956.30,0.96749203,0
1505942549,21934302,3960.17,0.00937467,0
1505942548,21934300,3960.22,0.03071322,0
1505942532,21934292,3960.29,0.07531014,0
1505942513,21934285,3960.26,0.00622765,0
1505942510,21934282,3960.25,0.01146136,0
1505942508,21934281,3953.11,0.61363293,1
1505942508,21934280,3953.12,7.00000000,1
1505942508,21934279,3953.18,0.38636707,1
1505942481,21934272,3960.25,0.07434263,0
1505942470,21934265,3952.74,3.47111506,1
1505942456,21934259,3952.69,0.20000000,1
1505942450,21934258,3960.20,0.00510000,0
1505942405,21934253,3960.26,0.02317272,0
1505942386,21934243,3960.29,0.00510000,0
1505942369,21934240,3960.19,0.08141811,0
1505942352,21934239,3950.00,0.45857319,1
1505942352,21934238,3950.00,0.01520000,0
1505942352,21934237,3950.05,0.87150000,1
1505942352,21934236,3950.05,0.01026666,0
1505942351,21934235,3952.86,4.00000000,0
1505942351,21934233,3953.75,0.05000000,1
1505942349,21934231,3956.06,0.00510000,1
1505942347,21934230,3960.22,0.26000000,0
1505942322,21934214,3960.25,0.00510000,0
1505942321,21934213,3960.28,0.00964460,1
1505942321,21934212,3960.29,0.40000000,1
1505942317,21934208,3960.30,1.00000000,0
1505942313,21934207,3960.30,0.13510624,1
1505942312,21934206,3960.30,0.00510000,1
1505942259,21934197,3964.56,0.00510000,0
1505942216,21934192,3965.00,0.00510000,1
1505942212,21934191,3967.99,1.89987626,0
1505942195,21934188,3967.68,0.00510000,0
1505942150,21934182,3967.95,0.00292345,0
1505942103,21934178,3965.39,0.01026666,0
1505942103,21934177,3965.00,0.62027265,0
1505942098,21934176,3965.00,0.01238984,0
1505942068,21934169,3965.00,0.00510000,0
1505942032,21934160,3965.00,0.00649862,0
1505942001,21934157,3965.00,0.00510000,0
1505941984,21934151,3965.00,0.01454600,0
1505941981,21934145,3965.00,0.75000000,0
1505941938,21934138,3965.00,0.00510000,0
1505941920,21934129,3963.81,0.03029025,1
1505941884,21934124,3961.10,0.00971349,1
1505941874,21934123,3965.00,0.00510000,0
1505941872,21934122,3965.00,0.01283522,0
1505941861,21934119,3965.00,0.15746267,0
1505941843,21934076,3961.03,0.04955438,0
1505941834,21934075,3961.03,0.00940000,0
1505941829,21934074,3964.99,0.11768943,1
1505941829,21934073,3964.99,0.00510000,1
1505941803,21934068,3965.00,0.03049500,0
1505941780,21934060,3960.55,0.11251760,1
1505941756,21934057,3960.36,0.01467470,1
1505941756,21934056,3960.36,0.00885500,1
1505941747,21934054,3965.00,0.00510000,0
1505941734,21934050,3965.00,0.55000000,0
1505941723,21934045,3960.51,0.12850000,0
1505941722,21934043,3960.64,0.87150000,1
1505941689,21934039,3960.35,0.06115400,1
1505941684,21934038,3967.90,0.00510000,1
1505941619,21934018,3960.30,0.33613734,0
1505941558,21933997,3960.30,0.00510000,0
1505941546,21933992,3960.30,0.00911633,0
1505941515,21933969,3960.30,0.04963503,0
1505941515,21933968,3960.29,0.02470779,0
1505941504,21933963,3960.27,0.04412000,0
1505941495,21933958,3960.28,0.00510000,1
1505941490,21933953,3960.07,0.35285742,0
1505941490,21933952,3960.24,0.00000251,1
1505941484,21933946,3960.25,0.07390696,1
1505941480,21933942,3960.25,0.18934664,0
1505941475,21933936,3960.25,0.60927973,0
1505941468,21933931,3960.24,0.02276378,1
1505941429,21933920,3960.24,0.00510000,0
1505941385,21933895,3956.07,0.01676412,1
1505941365,21933887,3955.07,0.02732408,1
1505941353,21933884,3960.29,0.07437944,0
1505941342,21933882,3954.83,2.00000000,1
1505941341,21933881,3954.83,0.09355000,1
1505941337,21933880,3954.84,0.72909393,1
1505941330,21933859,3956.07,0.02962500,0
1505941305,21933844,3956.07,0.00581588,0
1505941302,21933843,3956.07,0.00510000,0
1505941290,21933841,3958.30,0.24256373,1
1505941238,21933817,3960.30,0.00510000,0
1505941210,21933812,3958.52,0.02025158,0
1505941209,21933811,3954.56,0.56701484,0
1505941207,21933810,3953.79,0.25952672,1
1505941207,21933809,3955.41,0.13527328,1
1505941207,21933808,3955.41,0.00510000,1
1505941206,21933807,3958.54,0.11591366,0
1505941202,21933804,3958.56,0.00303000,0
1505941191,21933799,3958.00,0.63740714,1
1505941177,21933787,3962.75,0.01000000,0
1505941175,21933786,3962.76,0.00510000,0
1505941163,21933779,3957.82,0.02218380,0
1505941161,21933778,3961.77,0.02704675,1
1505941161,21933777,3961.77,0.10076945,1
1505941158,21933775,3964.96,0.00510000,1
1505941158,21933774,3964.96,2.13329244,1
1505941143,21933772,3967.18,0.00527900,0
1505941142,21933771,3964.96,0.12600000,1
1505941111,21933761,3967.28,0.04300127,0
1505941111,21933759,3967.28,0.00510000,0
1505941100,21933725,3967.29,0.01100000,0
1505941097,21933720,3964.96,0.03134634,1
1505941097,21933719,3965.00,0.05000000,1
1505941097,21933717,3965.00,0.10000000,1
1505941086,21933715,3967.33,0.01100000,1
1505941086,21933714,3967.33,0.33436520,1
1505941075,21933713,3967.70,0.48059035,0
1505941075,21933712,3967.68,0.00188589,0
1505941048,21933702,3967.80,0.00510000,1
1505941027,21933692,3967.80,0.00271327,0
1505941026,21933690,3967.80,0.01333527,0
1505940984,21933686,3968.00,0.00510000,0
1505940981,21933685,3967.33,0.13845400,1
1505940979,21933684,3967.33,0.04918080,1
1505940970,21933677,3967.33,0.06800000,1
1505940968,21933676,3967.33,0.51000000,1
1505940967,21933674,3968.02,0.11563701,0
1505940941,21933669,3968.98,0.36668508,0
1505940920,21933663,3968.99,0.00510000,0
1505940906,21933659,3969.00,0.59060973,0
1505940896,21933654,3969.05,0.02668394,0
1505940876,21933649,3969.14,0.34102700,0
1505940857,21933644,3965.49,0.00510000,0
1505940855,21933643,3965.49,1.75553475,0
1505940855,21933642,3965.26,0.01446525,0
1505940852,21933641,3965.26,0.16678200,0
1505940840,21933635,3967.33,0.00125525,0
1505940833,21933634,3967.20,0.00510000,1
1505940821,21933632,3969.00,0.69000000,1
1505940821,21933631,3971.48,0.27690555,1
1505940819,21933630,3971.48,0.12775784,1
1505940786,21933617,3971.17,1.69573000,1
1505940777,21933612,3971.17,0.05027000,1
1505940752,21933600,3969.00,0.01000000,1
1505940724,21933597,3972.56,0.01074616,0
1505940723,21933596,3972.56,0.00389984,0
1505940696,21933580,3967.41,0.10431265,1
1505940662,21933558,3971.15,0.04070105,1
1505940653,21933553,3971.16,0.13850400,1
1505940556,21933502,3971.15,2.00000000,0
1505940534,21933497,3971.16,1.15038037,0
1505940534,21933496,3971.15,0.00364720,0
1505940534,21933495,3967.20,0.01265000,0
1505940520,21933486,3973.00,0.03539564,0
1505940520,21933485,3972.42,0.00289025,0
1505940517,21933481,3971.17,0.15000000,0
1505940513,21933480,3965.00,0.10000000,1
1505940513,21933479,3965.00,0.10000000,1
1505940505,21933476,3971.17,0.02000000,0
1505940503,21933474,3971.17,0.05893623,0
1505940499,21933473,3971.16,1.47230000,0
1505940499,21933472,3971.18,1.04400000,1
1505940497,21933471,3971.18,0.96600000,0
1505940493,21933470,3971.17,0.71761134,1
1505940492,21933469,3971.17,0.00238866,0
1505940483,21933466,3971.18,0.03400000,0
1505940479,21933465,3971.17,0.11825969,0
1505940479,21933464,3971.15,0.51880000,0
1505940478,21933460,3971.15,2.00000000,0
1505940475,21933455,3971.16,0.10432706,1
1505940474,21933454,3971.16,0.08472083,1
1505940474,21933453,3971.15,0.05799076,0
1505940468,21933450,3971.18,3.87819237,0
1505940467,21933449,3970.00,0.13515569,0
1505940467,21933447,3969.39,0.84740471,0
1505940467,21933445,3969.38,0.00289202,0
1505940465,21933444,3968.61,0.11906436,0
1505940460,21933443,3969.39,0.11301232,0
1505940460,21933442,3969.04,0.00400000,0
1505940460,21933441,3968.62,0.00203072,0
1505940459,21933440,3968.61,0.00163570,0
1505940459,21933439,3967.70,0.00365216,0
1505940459,21933438,3966.07,0.00138472,0
1505940457,21933437,3964.96,7.70936122,0
1505940454,21933435,3964.96,0.02000000,0
1505940454,21933434,3964.96,12.00000000,0
1505940445,21933433,3964.96,7.00000000,0
1505940445,21933432,3964.96,12.82000000,0
1505940442,21933426,3964.96,12.00000000,0
1505940441,21933424,3964.96,0.47000000,0
1505940439,21933423,3964.96,1.07287085,0
1505940438,21933422,3964.96,7.00000000,0
1505940437,21933421,3962.06,0.01166203,1
1505940436,21933420,3964.96,7.00000000,0
1505940435,21933419,3964.96,1.83462449,0
1505940433,21933417,3964.96,0.55000000,0
1505940432,21933416,3964.96,12.00000000,0
1505940431,21933415,3964.96,7.00000000,0
1505940430,21933414,3964.96,6.52314344,0
1505940429,21933413,3964.96,5.00000000,0
1505940428,21933412,3964.95,0.47685656,0
1505940427,21933411,3964.88,0.02690000,0
1505940425,21933410,3964.88,0.00510000,0
1505940416,21933409,3962.07,0.09418427,0
1505940415,21933408,3962.06,1.01867002,1
1505940391,21933404,3961.77,0.00248519,1
1505940391,21933403,3964.88,0.00510000,1
1505940316,21933323,3961.79,0.03156709,1
1505940304,21933311,3962.97,0.00301900,0
1505940299,21933309,3963.00,0.00510000,1
1505940293,21933308,3961.78,0.04100050,1
1505940279,21933300,3963.00,0.19684609,1
1505940275,21933299,3962.99,0.00315391,0
1505940270,21933298,3963.00,0.88759641,1
1505940270,21933297,3963.00,0.00570160,0
1505940261,21933291,3961.78,0.42950913,1
1505940261,21933290,3963.85,0.00302000,1
1505940234,21933277,3964.65,1.02723635,0
1505940234,21933276,3964.63,0.87150000,0
1505940234,21933275,3964.57,0.01126365,0
1505940233,21933274,3963.93,0.09000000,0
1505940230,21933273,3963.92,0.00510000,1
1505940230,21933272,3963.93,0.01000000,0
1505940226,21933271,3963.90,0.07657500,0
1505940166,21933239,3962.37,0.00510000,0
1505940155,21933236,3962.39,0.28253711,0
1505940135,21933224,3962.46,0.01450342,1
1505940133,21933223,3961.78,0.00340550,0
1505940125,21933222,3961.80,2.00000000,1
1505940124,21933221,3961.78,4.00000000,0
1505940116,21933220,3961.77,0.02500000,1
1505940103,21933211,3961.84,0.00510000,0
1505940086,21933206,3963.90,0.07020396,0
1505940086,21933203,3963.87,0.00365275,0
1505940076,21933197,3961.77,0.00680148,1
1505940076,21933196,3961.87,0.00510000,1
1505940067,21933192,3962.49,2.00000000,1
1505940067,21933191,3962.49,5.00000000,1
1505940053,21933183,3963.40,0.32781198,0
1505939990,21933173,3958.52,0.00836446,1
1505939985,21933171,3958.52,0.46050000,1
1505939983,21933169,3958.52,2.10580000,1
1505939982,21933168,3958.52,2.43370000,1
1505939979,21933167,3961.96,1.13930176,0
1505939977,21933165,3958.52,0.19528900,1
1505939975,21933161,3961.51,0.00510000,0
1505939964,21933157,3961.49,0.13215648,0
1505939964,21933156,3961.49,0.00289964,0
1505939923,21933148,3957.00,0.36062799,1
1505939923,21933147,3957.01,3.04577201,1
1505939922,21933146,3957.00,1.59094257,1
1505939922,21933145,3961.32,0.00265743,1
1505939921,21933144,3960.83,0.00466718,0
1505939912,21933143,3960.88,0.00510000,0
1505939886,21933139,3960.96,0.07574392,0
1505939878,21933137,3961.01,2.00000000,0
1505939876,21933136,3960.96,0.50000000,0
1505939869,21933134,3961.05,0.00252817,0
1505939848,21933126,3961.57,0.00510000,0
1505939842,21933123,3961.73,0.15000000,0
1505939813,21933107,3961.97,0.04103216,0
1505939806,21933105,3957.01,0.02525367,1
1505939773,21933093,3955.41,0.00892996,0
1505939773,21933092,3955.38,0.00250396,0
1505939721,21933079,3955.40,0.00510000,0
1505939701,21933067,3957.10,0.00170457,1
1505939701,21933066,3957.10,0.00506432,1
1505939690,21933064,3957.11,0.11594706,1
1505939657,21933060,3959.35,0.00510000,0
1505939638,21933050,3959.36,0.00151809,0
1505939629,21933043,3953.74,0.00151465,1
1505939626,21933042,3953.74,0.25395833,1
1505939626,21933040,3953.74,0.00555813,1
1505939626,21933038,3957.10,0.00510000,1
1505939614,21933033,3959.00,0.92624399,1
1505939612,21933032,3958.91,0.00342594,0
1505939612,21933031,3958.90,0.05000000,0
1505939612,21933030,3958.33,0.87150000,0
1505939612,21933029,3957.30,0.14883007,0
1505939595,21933019,3957.30,0.05703869,0
1505939584,21933017,3957.30,0.02202600,0
1505939566,21932987,3957.10,0.01420050,0
1505939550,21932984,3957.24,0.04000000,0
1505939545,21932982,3957.31,0.00504128,0
1505939530,21932979,3957.48,0.00510000,0
1505939523,21932976,3948.55,0.02231134,1
1505939466,21932965,3956.18,0.00510000,0
1505939435,21932940,3948.55,0.04879125,1
1505939417,21932931,3948.54,0.00580000,1
1505939416,21932930,3948.60,0.00300000,1
1505939416,21932929,3948.54,2.83700000,0
1505939411,21932928,3948.58,0.01724000,1
1505939407,21932927,3952.48,0.01336369,0
1505939406,21932925,3948.57,0.21087719,1
1505939403,21932911,3952.48,0.00510000,0
1505939371,21932908,3946.33,0.00571340,1
1505939362,21932906,3952.47,2.46983171,0
1505939355,21932901,3952.33,0.29993340,0
1505939343,21932893,3952.37,0.07703300,0
1505939341,21932892,3946.00,0.01265000,1
1505939340,21932891,3952.36,0.00510000,0
1505939296,21932878,3946.00,0.00631358,1
1505939296,21932877,3950.34,0.00510000,1
1505939273,21932873,3953.88,1.12850000,0
1505939273,21932872,3953.84,0.87150000,0
1505939252,21932861,3950.34,0.06000000,0
1505939251,21932860,3946.00,0.01472788,1
1505939220,21932852,3950.57,0.00201590,1
1505939212,21932850,3950.76,0.00510000,0
1505939210,21932849,3950.68,0.05960551,0
1505939194,21932841,3950.57,0.00308410,1
1505939167,21932835,3951.79,0.25395833,0
1505939146,21932833,3946.00,0.02513897,1
1505939142,21932832,3952.72,0.06649649,0
1505939094,21932820,3946.00,0.02000000,1
1505939085,21932819,3950.59,0.00510000,0
1505939081,21932818,3946.00,0.26000000,1
1505939071,21932816,3946.00,0.01142570,1
1505939071,21932815,3946.00,0.02530000,1
1505939069,21932814,3946.00,0.08000000,1
1505939062,21932812,3946.00,10.00000000,1
1505939061,21932810,3951.79,0.08633654,0
1505939055,21932808,3951.83,0.08283194,0
1505939051,21932805,3946.00,2.00000000,1
1505939050,21932804,3946.00,0.03318677,1
1505939050,21932803,3946.01,0.02248923,1
1505939048,21932800,3946.01,0.05905965,1
1505939045,21932796,3950.35,0.08154888,0
1505939045,21932795,3946.09,0.00662812,0
1505939043,21932794,3946.00,2.00000000,1
1505939032,21932792,3946.00,2.00000000,1
1505939023,21932788,3946.00,2.00000000,1
1505939023,21932787,3955.40,0.00151465,1
1505939022,21932786,3955.42,0.00510000,0
1505939019,21932785,3946.00,1.12850000,1
1505939017,21932784,3946.02,0.87150000,1
1505939012,21932781,3946.00,0.01049339,1
1505939011,21932780,3946.00,0.00151465,1
1505939010,21932779,3946.00,1.12850000,1
1505939009,21932778,3946.03,0.87150000,0
1505939005,21932776,3955.79,0.01005830,0
1505938981,21932774,3946.02,0.01170534,1
1505938978,21932773,3956.13,0.73134277,0
1505938958,21932768,3956.93,0.00510000,0
1505938950,21932759,3946.00,46.48040000,1
1505938950,21932758,3946.04,0.20000000,1
1505938950,21932757,3946.32,2.31960000,1
1505938950,21932756,3946.43,1.00000000,1
1505938929,21932746,3946.02,0.52933386,1
1505938927,21932738,3957.40,0.12585019,0
1505938926,21932736,3957.37,0.00264981,0
1505938926,21932735,3957.29,0.87150000,0
1505938915,21932729,3946.07,0.26235583,1
1505938914,21932728,3946.78,0.87150000,0
1505938914,21932727,3946.78,0.03851457,0
1505938914,21932726,3950.00,0.20000000,1
1505938913,21932725,3950.01,0.62762960,1
1505938897,21932720,3950.01,0.15543777,1
1505938897,21932719,3951.50,0.83946223,1
1505938895,21932718,3954.82,0.00510000,1
1505938892,21932717,3951.50,0.05494934,1
1505938885,21932715,3950.01,0.44059235,1
1505938884,21932714,3950.98,0.99714590,1
1505938862,21932705,3955.38,0.00151465,1
1505938862,21932704,3958.78,0.00510000,1
1505938805,21932675,3958.78,0.59213445,0
1505938777,21932639,3951.01,0.33151465,1
1505938775,21932637,3955.98,0.29848535,1
1505938773,21932634,3958.89,0.00151465,1
1505938769,21932632,3956.00,0.13847551,0
1505938769,21932631,3956.00,4.47730000,0
1505938768,21932630,3955.99,2.52270000,0
1505938767,21932629,3955.99,0.00510000,0
1505938750,21932625,3955.98,0.00151465,1
1505938743,21932623,3955.99,0.10280000,0
1505938716,21932612,3955.99,2.04758778,0
1505938711,21932610,3950.98,0.25367061,1
1505938704,21932606,3955.99,0.00510000,1
1505938698,21932605,3950.02,0.26375349,0
1505938697,21932604,3950.07,0.14700000,0
1505938697,21932603,3950.97,0.05315748,1
1505938697,21932602,3950.97,0.08486623,1
1505938695,21932601,3950.98,0.73025622,1
1505938684,21932594,3955.99,0.33791541,0
1505938670,21932579,3955.99,0.00151465,0
1505938661,21932572,3950.98,0.00151465,1
1505938659,21932571,3950.98,0.36098416,1
1505938640,21932565,3955.99,0.00510000,0
1505938626,21932563,3955.99,0.03527900,0
1505938624,21932562,3955.99,0.05172000,0
1505938581,21932553,3950.97,0.01513377,0
1505938576,21932549,3950.97,0.00510000,0
1505938565,21932544,3955.00,0.96940603,1
1505938565,21932543,3955.00,0.55878504,1
1505938565,21932542,3955.00,5.94280893,0
1505938564,21932541,3954.99,2.52900000,0
1505938563,21932539,3951.39,0.03125000,1
1505938546,21932535,3954.92,0.00510000,1
1505938489,21932527,3954.90,0.05677700,0
1505938466,21932517,3951.25,0.25259527,0
1505938455,21932511,3955.00,0.22956990,0
1505938453,21932507,3955.21,0.21000000,1
1505938449,21932504,3956.32,0.00510000,0
1505938443,21932499,3956.37,0.00441200,0
1505938440,21932497,3956.35,0.00504249,0
1505938431,21932493,3955.21,0.04000000,1
1505938422,21932490,3950.01,0.86033403,1
1505938422,21932489,3950.05,0.00510000,1
1505938422,21932488,3950.13,0.20600000,1
1505938422,21932487,3950.15,0.87150000,1
1505938422,21932486,3951.81,2.81167980,1
1505938422,21932485,3952.20,0.00510000,1
1505938422,21932484,3953.21,0.24028617,1
1505938389,21932472,3957.91,0.03329319,0
1505938385,21932468,3957.93,0.00510000,0
1505938382,21932467,3953.21,0.00971383,1
1505938382,21932466,3953.30,0.06264417,1
1505938372,21932464,3957.98,0.25194783,1
1505938366,21932463,3953.30,0.02274939,1
1505938365,21932462,3958.06,0.12659529,0
1505938322,21932455,3956.28,0.00510000,0
1505938321,21932453,3956.25,0.12593299,0
1505938258,21932426,3958.51,0.00510000,0
1505938256,21932424,3953.30,0.00460644,1
1505938212,21932408,3953.01,0.43000000,1
1505938170,21932380,3960.96,0.00151465,0
1505938160,21932372,3952.37,0.00153600,1
1505938156,21932371,3952.31,0.01619000,1
1505938133,21932358,3961.31,0.00510000,0
1505938111,21932340,3953.16,0.03415000,1
1505938109,21932339,3961.76,0.00771565,0
1505938085,21932334,3962.23,0.05872200,0
1505938070,21932326,3952.92,0.50000000,0
1505938069,21932325,3952.92,4.00000000,1
1505938068,21932324,3952.91,0.01134000,1
1505938037,21932303,3952.41,0.07582763,1
1505938028,21932302,3963.00,0.01000000,0
1505938023,21932300,3962.96,2.02551200,0
1505938023,21932299,3962.39,2.52380000,0
1505938023,21932298,3962.35,0.45068800,0
1505938020,21932292,3962.39,0.22136217,0
1505938013,21932288,3962.53,0.07828379,0
1505938013,21932287,3962.48,0.00491901,0
1505937932,21932184,3959.52,0.24772139,0
1505937926,21932180,3952.20,0.12038800,0
1505937915,21932163,3963.60,0.10100000,0
1505937849,21932097,3964.27,0.00000211,1
1505937847,21932093,3964.27,0.10219789,1
1505937841,21932084,3953.15,3.59037048,0
1505937840,21932083,3956.10,2.52400000,0
1505937840,21932082,3956.10,0.09000000,1
1505937839,21932081,3956.13,0.80662952,1
1505937832,21932080,3959.15,0.03538947,0
1505937832,21932079,3959.64,0.00189411,1
1505937793,21932056,3956.32,0.05005094,0
1505937788,21932051,3964.67,0.03430564,1
1505937787,21932049,3964.56,0.00213874,0
1505937787,21932048,3964.53,0.02141775,1
1505937786,21932047,3964.53,0.06368157,0
1505937782,21932044,3957.52,0.04219364,1
1505937782,21932043,3959.64,0.00230000,1
1505937781,21932042,3959.78,0.00510000,1
1505937761,21932033,3959.64,0.10000000,1
1505937756,21932032,3962.76,0.67964247,1
1505937739,21932016,3956.31,1.17741185,0
1505937736,21932011,3964.00,3.11825249,1
1505937735,21932010,3964.00,4.00000000,1
1505937734,21932009,3960.25,0.00441796,0
1505937733,21932008,3959.78,0.00289949,0
1505937733,21932007,3959.44,2.52090000,0
1505937726,21931997,3953.12,0.02990018,1
1505937706,21931972,3957.52,2.00000000,1
1505937704,21931970,3956.42,1.99490000,0
1505937702,21931969,3957.51,0.00510000,1
1505937695,21931962,3960.00,3.33506949,1
1505937694,21931956,3960.00,0.87150000,1
1505937694,21931955,3960.00,0.07076209,1
1505937694,21931954,3957.51,0.87150000,0
1505937694,21931953,3957.50,0.00239543,0
1505937693,21931952,3957.49,0.00467090,0
1505937693,21931951,3957.48,0.00366075,0
1505937691,21931950,3953.00,0.13491093,1
1505937671,21931932,3953.00,0.00343513,1
1505937668,21931930,3957.51,0.11089388,0
1505937667,21931929,3953.83,0.00341208,0
1505937667,21931928,3953.82,0.00164046,0
1505937665,21931927,3952.44,0.21518400,0
1505937635,21931918,3951.78,0.03460000,0
1505937626,21931914,3951.99,0.77520600,0
1505937617,21931907,3947.90,0.02163733,1
1505937614,21931901,3952.05,0.01687298,0
1505937613,21931898,3952.03,0.00380000,0
1505937602,21931889,3947.90,0.05433993,1
1505937602,21931888,3948.00,0.10000000,1
1505937583,21931880,3948.46,0.04998920,0
1505937580,21931877,3952.32,0.20212938,1
1505937572,21931875,3951.66,0.00510000,1
1505937556,21931871,3951.65,0.14920000,1
1505937525,21931860,3947.90,0.05626553,1
1505937520,21931857,3947.99,0.08815573,1
1505937518,21931855,3947.90,0.06721240,1
1505937518,21931854,3947.98,0.00510000,1
1505937444,21931810,3947.98,0.00510000,0
1505937432,21931804,3947.98,0.00700000,0
1505937432,21931803,3946.00,0.88009915,1
1505937431,21931802,3947.90,0.01310000,1
1505937431,21931801,3947.91,0.96041703,1
1505937431,21931800,3947.91,0.01800000,1
1505937406,21931778,3947.91,0.27000000,1
1505937393,21931768,3947.98,0.06362000,0
1505937380,21931757,3947.98,0.00510000,0
1505937364,21931753,3947.99,0.01000000,0
1505937362,21931752,3945.00,0.03114804,1
1505937361,21931751,3948.00,0.00495000,0
1505937338,21931741,3948.91,1.72445222,0
1505937327,21931731,3948.91,1.59850000,0
1505937327,21931728,3948.90,2.53000000,0
1505937327,21931725,3948.88,0.87150000,0
1505937323,21931722,3948.76,0.25247468,0
1505937320,21931721,3945.00,0.03040827,1
1505937317,21931716,3948.78,0.28839300,0
1505937316,21931715,3948.80,0.00510000,0
1505937308,21931714,3948.92,0.02000000,0
1505937307,21931713,3948.92,0.11762652,0
1505937306,21931711,3947.98,2.00000000,1
1505937268,21931691,3945.61,2.53320000,0
1505937257,21931685,3946.13,0.04841200,0
1505937255,21931683,3946.13,0.00300000,0
1505937239,21931674,3944.29,0.00552147,1
1505937238,21931668,3945.16,2.53670000,1
1505937237,21931667,3945.00,1.00000000,0
1505937212,21931625,3938.71,1.70000000,0
1505937211,21931624,3940.90,0.10000000,1
1505937211,21931623,3941.90,0.10000000,1
1505937211,21931622,3942.90,0.10000000,1
1505937193,21931594,3942.99,2.00000000,0
1505937191,21931584,3942.75,2.53470000,0
1505937190,21931583,3943.59,2.00000000,1
1505937190,21931581,3942.76,0.13494778,0
1505937189,21931579,3942.76,0.00510000,0
1505937186,21931570,3942.76,2.79204313,0
1505937186,21931568,3942.75,1.97558100,0
1505937186,21931566,3942.75,0.02000000,0
1505937183,21931561,3942.75,0.00441900,0
1505937173,21931545,3942.76,0.02000000,0
1505937171,21931542,3942.76,0.04790909,0
1505937165,21931527,3937.96,0.02100000,1
1505937160,21931503,3942.76,1.00000000,0
1505937148,21931494,3944.98,1.00000000,1
1505937139,21931485,3942.47,2.53600000,0
1505937131,21931459,3935.90,1.87656618,0
1505937126,21931442,3935.90,0.21690682,0
1505937124,21931436,3935.90,0.00510000,0
1505937120,21931431,3942.34,0.26000000,0
1505937108,21931409,3935.04,1.23701897,1
1505937108,21931408,3938.92,0.80000000,1
1505937107,21931407,3938.92,0.20000000,0
1505937085,21931372,3935.00,1.16000000,1
1505937084,21931369,3935.90,0.10000000,1
1505937081,21931368,3940.33,0.05259067,1
1505937081,21931367,3940.33,0.33390965,1
1505937081,21931366,3940.33,0.20000000,0
1505937080,21931365,3940.32,2.53340000,0
1505937080,21931364,3939.00,0.02000000,0
1505937080,21931363,3938.96,0.20000000,0
1505937080,21931362,3938.92,0.20000000,0
1505937080,21931361,3938.92,0.20000000,0
1505937073,21931359,3935.00,4.94194737,1
1505937073,21931358,3935.31,0.04000000,1
1505937073,21931357,3935.32,0.21750515,1
1505937066,21931356,3935.00,1.88196958,1
1505937066,21931355,3935.00,0.03000000,1
1505937066,21931354,3935.31,0.04000000,1
1505937065,21931353,3935.84,0.00203042,1
1505937065,21931350,3936.00,0.04600000,1
1505937065,21931349,3940.37,0.04730000,0
1505937064,21931348,3939.00,0.10000000,0
1505937062,21931346,3936.61,0.00510000,0
1505937061,21931345,3936.61,16.23000000,1
1505937061,21931344,3938.00,0.04600000,1
1505937060,21931343,3938.72,0.00203072,1
1505937060,21931342,3939.00,0.05000000,1
1505937060,21931341,3942.90,0.10000000,1
1505937053,21931338,3942.50,0.01503304,0
1505937052,21931337,3942.50,0.00517079,0
1505937050,21931334,3940.00,0.27508187,1
1505937050,21931333,3940.00,0.96000769,1
1505937050,21931332,3940.00,0.30601000,1
1505937049,21931331,3940.00,0.04600000,1
1505937049,21931330,3940.00,0.00201525,1
1505937049,21931329,3942.00,0.04600000,1
1505937049,21931328,3942.50,0.00500000,1
1505937049,21931327,3942.50,13.50326621,1
1505937046,21931326,3942.50,0.11961093,1
1505937044,21931324,3944.99,0.21750515,0
1505937043,21931322,3942.50,4.35190265,1
1505937038,21931315,3942.50,1.00000000,1
1505937034,21931306,3942.50,1.00000000,1
1505937030,21931303,3942.50,0.96000000,1
1505937030,21931302,3942.90,0.04000000,1
1505937028,21931301,3942.50,1.00000000,1
1505937024,21931300,3942.50,0.08769966,1
1505937024,21931299,3942.51,0.91230034,1
1505937024,21931298,3942.50,1.00000000,1
1505937020,21931297,3942.50,1.00000000,1
1505937013,21931294,3942.50,0.87600000,1
1505937013,21931293,3944.01,0.12400000,1
1505937009,21931290,3942.50,5.58268914,1
1505937009,21931289,3942.60,4.62577551,1
1505937009,21931288,3943.98,4.50000000,1
1505937009,21931287,3944.00,0.19153535,1
1505937008,21931286,3944.03,0.50000000,1
1505937006,21931284,3944.00,0.99490000,1
1505937006,21931282,3945.00,0.00510000,1
1505936999,21931272,3949.75,0.03800000,0
1505936997,21931271,3949.75,0.00510000,0
1505936989,21931268,3945.01,0.37913389,1
1505936987,21931266,3949.76,0.02000000,0
1505936977,21931257,3945.07,0.50000000,1
1505936966,21931241,3945.04,0.37586134,1
1505936962,21931240,3949.78,0.20000000,0
1505936953,21931231,3949.78,0.00440000,0
1505936952,21931230,3949.79,2.53050000,0
1505936943,21931226,3948.39,1.68090000,0
1505936934,21931222,3949.79,0.00632478,0
1505936933,21931221,3949.79,0.08862802,0
1505936928,21931216,3948.39,0.00865121,0
1505936926,21931211,3949.81,5.00000000,0
1505936924,21931208,3942.50,12.41000000,1
1505936924,21931207,3942.51,0.06000000,1
1505936923,21931206,3942.51,3.03000000,1
1505936922,21931204,3942.51,1.00000000,1
1505936919,21931200,3947.44,0.95758515,1
1505936917,21931197,3952.54,0.01962277,0
1505936913,21931196,3949.00,1.64289557,1
1505936911,21931195,3948.42,0.73223487,0
1505936911,21931194,3948.41,2.52410000,0
1505936911,21931193,3945.00,0.10076956,0
1505936908,21931190,3945.00,0.01277110,0
1505936905,21931183,3945.00,0.16650000,0
1505936900,21931175,3942.50,7.23383141,1
1505936900,21931174,3942.51,0.06000000,1
1505936900,21931173,3942.51,0.77389610,1
1505936899,21931169,3945.00,0.03824600,1
1505936882,21931164,3945.00,0.01175400,1
1505936882,21931163,3945.01,0.01470600,1
1505936881,21931162,3954.46,0.01295924,1
1505936880,21931161,3954.45,0.11316418,0
1505936870,21931160,3954.51,0.00510000,0
1505936865,21931158,3948.02,0.09554668,1
1505936864,21931157,3948.42,0.24477700,1
1505936844,21931151,3954.62,0.66103029,0
1505936839,21931148,3948.42,0.02000000,1
1505936826,21931140,3948.42,0.11000000,1
1505936825,21931139,3954.71,0.30958011,0
1505936825,21931138,3948.43,0.09671233,0
1505936815,21931131,3948.43,0.82090383,0
1505936815,21931130,3948.42,0.02000000,1
1505936811,21931125,3948.43,0.01670351,0
1505936808,21931123,3950.00,0.00510000,1
1505936808,21931122,3955.24,2.42520000,1
1505936799,21931120,3953.79,0.50000000,1
1505936798,21931117,3954.74,0.01933915,0
1505936796,21931114,3955.72,2.02626593,1
1505936796,21931113,3958.01,0.01467326,0
1505936794,21931105,3954.89,0.03589834,0
1505936794,21931104,3954.89,0.01263573,0
1505936790,21931100,3949.40,0.03728643,0
1505936786,21931092,3948.41,0.50006675,0
1505936785,21931089,3948.41,0.02032438,0
1505936784,21931088,3950.00,0.30051270,1
1505936783,21931084,3950.00,0.04460374,1
1505936782,21931083,3960.97,0.01109705,0
1505936780,21931074,3942.57,0.25274477,1
1505936780,21931072,3942.62,0.74725523,1
1505936779,21931071,3942.62,0.13034477,1
1505936779,21931069,3942.63,2.52330000,0
1505936779,21931068,3942.63,0.44732000,0
1505936779,21931066,3943.01,0.26000000,1
1505936778,21931064,3943.02,0.44731800,0
1505936777,21931062,3943.65,0.04589234,1
1505936777,21931060,3944.00,0.04600000,1
1505936777,21931058,3944.47,0.00203073,1
1505936776,21931057,3945.25,2.34649389,0
1505936776,21931055,3945.25,0.44731400,0
1505936776,21931054,3945.25,0.03144932,0
1505936775,21931051,3945.26,2.34598100,0
1505936775,21931049,3946.00,0.04600000,1
1505936775,21931046,3947.00,0.02000000,1
1505936775,21931045,3947.00,0.02582200,1
1505936774,21931044,3947.35,0.00203044,1
1505936774,21931043,3948.00,0.04600000,1
1505936773,21931042,3950.00,0.01670351,0
1505936772,21931039,3955.00,0.28004066,0
1505936771,21931036,3948.28,0.12927482,0
1505936771,21931034,3948.28,0.00235700,1
1505936769,21931021,3950.01,0.01960342,0
1505936767,21931019,3950.00,0.56870418,0
1505936767,21931018,3950.00,0.64232812,1
1505936767,21931016,3950.00,0.00510000,1
1505936766,21931014,3950.00,0.00130000,1
1505936766,21931012,3950.00,0.10000000,1
1505936766,21931011,3950.00,0.25370000,1
1505936766,21931010,3950.00,0.44024608,1
1505936766,21931009,3950.00,0.02000050,1
1505936766,21931008,3950.00,0.04600000,1
1505936766,21931007,3950.00,0.20000000,1
1505936766,21931006,3950.00,0.00500000,1
1505936766,21931005,3950.00,1.06622025,1
1505936765,21931004,3950.00,0.07924051,1
1505936765,21931003,3950.00,0.00201015,1
1505936765,21931002,3950.23,0.00203074,1
1505936765,21931001,3951.06,0.20000000,1
1505936765,21931000,3951.17,0.37000000,1
1505936765,21930999,3952.00,0.04600000,1
1505936765,21930998,3954.00,0.04600000,1
1505936765,21930997,3954.88,2.00000000,1
1505936764,21930996,3955.00,0.34284141,1
1505936764,21930995,3955.56,0.05937526,0
1505936763,21930994,3955.00,0.05715859,1
1505936763,21930993,3955.00,0.00180020,1
1505936763,21930992,3955.55,4.12850000,1
1505936763,21930991,3955.55,0.81254121,1
1505936759,21930990,3958.86,0.02484862,0
1505936758,21930989,3955.55,0.05895879,1
1505936758,21930988,3955.98,0.00202075,1
1505936758,21930987,3956.00,0.04600000,1
1505936757,21930986,3958.00,0.04600000,1
1505936757,21930985,3958.85,0.00202046,1
1505936754,21930981,3958.86,0.01670177,0
1505936744,21930979,3960.00,0.00331420,0
1505936743,21930977,3960.00,0.02539644,1
1505936742,21930976,3960.00,0.04600000,1
1505936742,21930975,3960.00,0.03200000,1
1505936742,21930974,3960.00,0.13953256,1
1505936738,21930973,3960.00,0.06046744,1
1505936737,21930972,3960.00,0.03200000,1
1505936737,21930971,3960.00,0.10000000,1
1505936737,21930970,3960.00,0.00200507,1
1505936737,21930969,3960.01,0.00552749,1
1505936735,21930968,3960.44,0.10000000,1
1505936733,21930965,3961.73,0.00202076,1
1505936733,21930964,3962.21,1.18149566,1
1505936732,21930963,3962.21,0.93364147,1
1505936731,21930962,3962.21,2.27620000,1
1505936726,21930961,3962.21,22.06482210,1
1505936725,21930960,3962.21,1.48985094,1
1505936721,21930943,3962.21,1.48985094,1
1505936721,21930942,3962.21,0.94666500,1
1505936707,21930934,3962.22,0.06376538,0
1505936705,21930928,3962.21,16.00000000,1
1505936704,21930927,3962.22,0.10263400,0
1505936698,21930922,3962.22,0.26784575,0
1505936693,21930915,3962.21,3.01082389,1
1505936693,21930914,3962.21,0.48000000,1
1505936692,21930913,3962.21,0.25165000,1
1505936692,21930912,3962.22,0.07000000,1
1505936690,21930911,3963.00,0.50000000,1
1505936689,21930909,3964.90,0.02126200,1
1505936689,21930908,3964.96,5.68156772,1
1505936688,21930906,3964.96,3.12809220,1
1505936687,21930905,3964.97,0.05933726,0
1505936682,21930904,3964.96,15.06481000,1
1505936678,21930902,3964.96,14.62896855,1
1505936678,21930901,3965.00,0.87583145,1
1505936672,21930899,3965.00,0.99626855,1
1505936667,21930898,3965.00,4.91000000,1
1505936666,21930897,3966.00,4.99050114,1
1505936666,21930896,3966.00,5.00000000,1
1505936663,21930892,3967.66,0.06613291,0
1505936656,21930891,3966.00,0.00949886,1
1505936635,21930881,3966.24,0.05520175,0
1505936635,21930880,3966.03,0.07577525,0
1505936633,21930879,3964.97,3.21790000,0
1505936607,21930875,3968.39,0.03644551,0
1505936596,21930874,3964.96,0.01061402,1
1505936595,21930873,3970.00,3.00000000,1
1505936594,21930872,3970.00,7.00000000,1
1505936580,21930869,3965.03,2.00000032,1
1505936567,21930867,3964.96,46.77463616,1
1505936567,21930866,3964.97,0.08000000,1
1505936567,21930865,3964.99,0.04178871,1
1505936560,21930862,3971.45,0.00437513,0
1505936556,21930861,3971.46,0.00583392,0
1505936548,21930850,3971.47,0.02623272,0
1505936544,21930846,3968.76,0.03065024,0
1505936533,21930843,3968.49,0.01477735,0
1505936532,21930842,3968.44,0.01660579,0
1505936514,21930835,3964.96,0.67000000,1
1505936514,21930834,3964.97,4.25000000,0
1505936514,21930833,3964.97,0.08000000,0
1505936512,21930832,3968.17,0.00280000,1
1505936498,21930820,3964.96,5.00000000,1
1505936498,21930819,3964.96,2.80000000,1
1505936497,21930818,3964.96,2.54131135,1
1505936497,21930817,3964.96,4.20000000,1
1505936496,21930816,3964.97,0.09000000,1
1505936496,21930815,3964.98,2.45868865,1
1505936496,21930814,3964.98,16.03931200,1
1505936495,21930813,3964.98,7.00000000,1
1505936495,21930812,3964.98,2.80000000,1
1505936495,21930811,3964.99,4.20000000,1
1505936493,21930810,3964.98,7.00000000,1
1505936493,21930809,3964.98,7.00000000,1
1505936490,21930808,3965.99,0.16768632,1
1505936489,21930807,3965.99,0.00019421,1
1505936489,21930805,3965.99,0.79980579,1
1505936483,21930797,3964.98,0.01699150,1
1505936481,21930796,3964.98,7.07578145,1
1505936480,21930795,3965.00,4.43000000,1
1505936480,21930794,3965.00,0.05000000,1
1505936480,21930793,3965.00,3.40692533,1
1505936480,21930792,3965.00,0.03000000,1
1505936480,21930791,3965.05,0.49729322,1
1505936476,21930789,3966.00,0.50000000,1
1505936469,21930787,3968.75,0.01667275,0
1505936448,21930749,3967.00,2.38337795,0
1505936445,21930747,3967.00,0.02070800,0
1505936445,21930746,3967.00,0.05591405,1
1505936437,21930741,3968.77,0.25146330,0
1505936436,21930738,3968.77,0.00874560,0
1505936435,21930736,3968.77,0.06613003,0
1505936431,21930733,3967.00,0.04408595,1
1505936419,21930728,3971.48,0.14822819,0
1505936414,21930727,3971.50,0.02000000,0
1505936402,21930723,3967.01,1.00000000,1
1505936398,21930718,3974.45,0.03001760,0
1505936398,21930716,3970.55,0.00300356,0
1505936393,21930715,3970.55,0.01826221,0
1505936372,21930712,3974.48,0.02820668,0
1505936348,21930709,3974.56,0.11544674,1
1505936313,21930707,3974.53,0.07000000,0
1505936251,21930695,3965.09,0.01010848,1
1505936240,21930692,3974.54,3.01082389,0
1505936232,21930691,3973.77,0.39172689,0
1505936230,21930689,3973.79,0.44283683,0
1505936196,21930685,3974.18,0.00501988,0
1505936191,21930684,3965.00,0.01263236,1
1505936189,21930682,3965.00,0.05000000,1
1505936189,21930681,3965.00,0.03000000,1
1505936174,21930680,3974.48,0.10000000,0
1505936168,21930679,3974.57,0.01400000,0
1505936145,21930674,3964.98,0.25784604,1
1505936144,21930673,3964.99,0.10000000,1
1505936144,21930672,3964.99,4.45000000,1
1505936144,21930671,3965.00,0.03215396,1
1505936131,21930667,3975.95,0.29360000,0
1505936131,21930666,3975.92,2.00000000,0
1505936121,21930663,3964.99,3.20882115,1
1505936121,21930662,3965.00,0.07313800,1
1505936120,21930661,3965.01,0.82626230,1
1505936120,21930660,3965.03,0.87150000,0
1505936118,21930659,3966.65,0.02027855,1
1505936113,21930658,3966.65,0.01758680,1
1505936108,21930657,3969.09,2.79500000,1
1505936108,21930656,3969.09,0.11720000,1
1505936106,21930655,3970.19,2.08780000,1
1505936102,21930652,3966.65,0.09029026,1
1505936102,21930651,3966.65,0.01263236,1
1505936098,21930648,3976.68,0.00629744,0
1505936097,21930647,3964.98,0.35138036,1
1505936097,21930646,3964.99,0.11000000,1
1505936097,21930645,3964.99,4.52921964,1
1505936095,21930644,3965.01,0.00940000,1
1505936089,21930641,3976.91,0.03205859,0
1505936083,21930640,3977.06,0.01652989,0
1505936068,21930636,3974.75,0.00940000,0
1505936065,21930635,3974.78,0.06614725,0
1505936046,21930632,3964.99,0.29078036,1
1505936046,21930631,3964.99,0.12000000,1
1505936046,21930630,3965.02,2.51170000,0
1505936044,21930629,3965.03,2.07751964,1
1505936020,21930628,3966.81,0.00252103,0
1505936018,21930626,3964.99,3.17187471,1
1505936018,21930625,3965.00,0.01668706,1
1505936017,21930624,3965.01,1.81143823,1
1505936014,21930621,3969.00,2.07499861,0
1505936014,21930620,3968.99,6.78397600,0
1505936002,21930618,3964.99,0.52661958,1
1505936001,21930617,3965.00,0.27003631,0
1505936001,21930616,3965.00,4.00000000,0
1505936000,21930615,3965.00,0.20334411,1
1505935996,21930614,3965.00,0.50476121,1
1505935991,21930612,3969.03,1.48005186,0
1505935990,21930611,3969.02,0.06294354,0
1505935986,21930609,3969.03,0.02312152,0
1505935971,21930604,3971.97,0.97780000,0
1505935970,21930603,3971.94,0.01330723,0
1505935959,21930597,3965.01,1.00000000,1
1505935955,21930596,3965.01,1.48000000,1
1505935951,21930595,3965.01,0.02324922,1
1505935947,21930593,3977.49,0.25112340,0
1505935939,21930588,3965.01,4.07612884,1
1505935937,21930587,3965.19,0.92387116,1
1505935926,21930584,3980.08,0.11528663,0
1505935895,21930577,3965.09,0.07612884,1
1505935872,21930567,3967.66,1.01030200,0
1505935872,21930566,3967.32,2.07649800,0
1505935871,21930565,3967.32,1.91090000,0
1505935871,21930564,3967.58,0.01260200,1
1505935871,21930563,3967.65,0.00230000,0
1505935870,21930562,3967.66,2.00230000,0
1505935868,21930561,3965.01,0.02000000,1
1505935866,21930560,3967.34,0.02313136,0
1505935865,21930558,3967.66,0.02312950,0
1505935865,21930555,3969.80,0.08000000,1
1505935863,21930554,3965.00,1.00000000,1
1505935862,21930553,3967.35,2.40180881,0
1505935862,21930551,3967.35,0.01100000,0
1505935861,21930550,3967.35,1.55530000,0
1505935861,21930549,3965.00,0.12850000,0
1505935861,21930548,3965.00,5.19189468,1
1505935861,21930547,3965.00,4.77180000,1
1505935860,21930546,3965.00,2.00000000,1
1505935860,21930545,3965.00,0.05000000,1
1505935860,21930542,3965.00,1.01990532,1
1505935859,21930540,3965.07,0.87150000,1
1505935855,21930534,3969.76,0.01100000,0
1505935853,21930533,3969.84,1.51954831,0
1505935853,21930532,3969.80,0.97585169,0
1505935853,21930531,3969.84,2.49360000,0
1505935852,21930530,3969.83,0.16160000,0
1505935852,21930529,3966.02,0.73000000,1
1505935852,21930528,3969.83,2.33460000,0
1505935849,21930525,3967.10,0.01320385,0
1505935849,21930524,3966.00,0.00007039,0
1505935849,21930523,3966.00,1.95017468,1
1505935848,21930522,3966.01,4.09435493,1
1505935847,21930521,3969.83,0.06359638,0
1505935846,21930519,3966.01,0.01564507,1
1505935815,21930513,3966.02,2.00000000,1
1505935804,21930507,3966.19,1.12850000,1
1505935804,21930506,3966.21,0.87150000,1
1505935802,21930504,3973.77,0.03083734,0
1505935800,21930503,3966.19,0.02000000,1
1505935795,21930499,3973.85,0.07000000,0
1505935794,21930498,3973.79,0.01100000,0
1505935792,21930495,3973.79,0.00991993,0
1505935786,21930489,3966.15,0.16000000,1
1505935772,21930483,3967.48,0.12570192,0
1505935770,21930482,3967.48,0.00880000,0
1505935766,21930480,3969.00,0.43949679,0
1505935765,21930479,3966.06,0.12386976,0
1505935765,21930477,3967.48,0.00202077,1
1505935765,21930476,3967.50,0.89900000,0
1505935764,21930475,3969.00,0.01267284,0
1505935763,21930474,3969.00,4.91000000,0
1505935762,21930473,3969.00,1.50253543,0
1505935760,21930472,3969.00,0.13000000,0
1505935760,21930471,3969.00,0.08277560,0
1505935758,21930470,3969.00,5.00000000,0
1505935758,21930469,3969.00,50.00000000,1
1505935758,21930468,3969.01,4.06000000,1
1505935757,21930467,3970.18,2.02140255,1
1505935756,21930466,3971.85,3.98900000,0
1505935756,21930465,3971.85,0.01100000,0
1505935753,21930464,3971.56,0.07277560,0
1505935751,21930463,3971.56,0.01000000,0
1505935746,21930462,3970.18,0.00532891,1
1505935744,21930461,3971.57,0.00440000,0
1505935743,21930460,3971.57,0.60531981,0
1505935708,21930441,3971.57,0.01668300,0
1505935708,21930439,3971.57,2.51300000,0
1505935701,21930403,3971.57,0.40000000,0
1505935697,21930400,3971.57,0.01668706,0
1505935696,21930399,3971.57,2.51060000,0
1505935683,21930395,3970.18,0.07184090,1
1505935683,21930394,3970.40,0.20000000,1
1505935683,21930393,3971.65,0.01611376,1
1505935682,21930392,3971.69,0.00759920,1
1505935647,21930390,3980.04,0.06406327,0
1505935639,21930389,3970.42,0.03168000,1
1505935611,21930381,3980.71,0.03055574,0
1505935580,21930376,3979.86,0.01611376,0
1505935571,21930372,3979.93,0.01470742,0
1505935563,21930367,3979.80,0.03000000,0
1505935543,21930362,3971.32,0.01389668,1
1505935531,21930361,3971.32,0.05922479,1
1505935531,21930360,3973.29,0.03825138,1
1505935520,21930357,3980.71,0.06306311,0
1505935506,21930356,3973.63,0.01327373,0
1505935498,21930355,3980.70,0.59539586,0
1505935486,21930349,3974.29,0.63114713,0
1505935484,21930348,3974.29,0.03782392,0
1505935484,21930347,3974.29,0.26865443,1
1505935484,21930346,3975.40,1.06237452,1
1505935456,21930341,3980.62,2.00000000,1
1505935454,21930340,3987.50,0.02000000,0
1505935445,21930332,3980.62,2.00000000,1
1505935441,21930324,3980.60,0.44230000,1
1505935440,21930322,3987.70,0.26000000,0
1505935435,21930318,3980.60,2.00000000,0
1505935432,21930317,3987.80,0.01747914,0
1505935429,21930316,3987.80,0.12850000,1
1505935427,21930313,3987.74,0.87150000,0
1505935418,21930309,3980.56,0.03005770,0
1505935402,21930300,3973.29,0.42034000,0
1505935377,21930271,3974.29,2.51010000,0
1505935367,21930270,3973.29,0.00001531,0
1505935363,21930264,3973.29,0.03826669,0
1505935335,21930247,3973.29,0.02998800,0
1505935325,21930244,3977.43,0.23323603,0
1505935263,21930189,3976.03,0.06155400,0
1505935246,21930183,3969.01,0.05966461,1
1505935246,21930182,3976.31,0.05088686,0
1505935234,21930178,3969.01,3.20573642,0
1505935233,21930176,3969.01,2.98518839,1
1505935233,21930175,3969.04,0.95981980,1
1505935229,21930174,3969.02,0.00214468,1
1505935229,21930173,3969.41,0.02000000,1
1505935212,21930169,3976.42,0.14550000,0
1505935205,21930168,3976.44,0.02307837,0
1505935204,21930165,3976.45,0.02158600,0
1505935189,21930161,3969.01,0.02000000,0
1505935186,21930160,3969.04,0.04018020,1
1505935175,21930149,3968.38,0.60000000,1
1505935168,21930148,3969.93,1.64393004,0
1505935165,21930147,3973.70,0.03614079,1
1505935162,21930143,3969.94,0.00901671,1
1505935162,21930142,3973.70,0.60366434,0
1505935162,21930141,3969.99,0.00769731,0
1505935157,21930131,3970.00,0.00200000,1
1505935156,21930128,3970.10,0.82611961,0
1505935155,21930125,3970.10,0.82580361,0
1505935154,21930124,3970.35,1.45500000,1
1505935154,21930123,3970.35,0.00201048,1
1505935153,21930120,3970.44,0.61246152,1
1505935150,21930114,3970.44,0.02487922,1
1505935149,21930113,3970.45,0.03265331,1
1505935129,21930110,3973.96,0.97284354,0
