date,tid,price,amount,type
1505952001,21939346,0.07331000,0.19813600,0
1505951834,21938992,0.07321012,0.45993007,1
1505951834,21938991,0.07321012,0.54000000,1
1505951833,21938988,0.07321012,0.46000000,1
1505951827,21938948,0.07321012,1.74000000,1
1505951778,21938902,0.07321003,0.17896606,1
1505951767,21938888,0.07322000,0.46980000,1
1505951767,21938886,0.07322000,3.98765000,1
1505951718,21938762,0.07338997,1.01621488,0
1505951709,21938708,0.07338500,3.98765000,0
1505951703,21938689,0.07337299,2.73999500,0
1505951663,21938574,0.07334000,1.89585623,0
1505951582,21938501,0.07328000,0.19837200,0
1505951458,21938437,0.07316004,1.31552100,1
1505951334,21938402,0.07325999,0.76029000,0
1505951231,21938355,0.07314081,2.99999500,1
1505950864,21938194,0.07326000,0.37834700,0
1505950864,21938193,0.07322691,0.50000000,0
1505950863,21938192,0.07321128,0.12165300,0
1505950789,21938088,0.07321127,1.08232150,0
1505950771,21938077,0.07311306,0.94420500,1
1505950748,21938057,0.07320000,0.95613694,0
1505950734,21938030,0.07321000,1.08232200,0
1505950733,21938029,0.07321000,1.91767800,0
1505950731,21938028,0.07320000,1.08232200,0
1505950720,21938016,0.07321000,1.37206000,0
1505950707,21938010,0.07321000,1.62794000,0
1505950695,21938000,0.07321127,5.83251250,0
1505950695,21937999,0.07321126,0.66493150,0
1505950694,21937998,0.07321125,0.84472000,0
1505950694,21937997,0.07320000,1.08232200,0
1505950694,21937996,0.07321124,1.91767800,1
1505950689,21937991,0.07321124,2.07150000,0
1505950689,21937990,0.07321123,1.20232200,0
1505950688,21937989,0.07321123,1.79767800,0
1505950688,21937988,0.07319993,0.00000500,0
1505950688,21937986,0.07319993,0.11999500,0
1505950593,21937921,0.07319000,0.91575586,0
1505950561,21937901,0.07319000,1.64904000,0
1505950547,21937870,0.07316000,1.04120000,0
1505950504,21937800,0.07312300,2.88169000,0
1505950503,21937790,0.07311000,1.26582400,0
1505950500,21937770,0.07311000,1.00000000,0
1505950500,21937767,0.07311000,0.73417600,0
1505950482,21937743,0.07312300,6.81662000,0
1505950481,21937742,0.07311000,3.00000000,0
1505950476,21937732,0.07312300,2.28869000,0
1505950476,21937731,0.07310000,0.59300000,0
1505950474,21937730,0.07309000,0.14446300,0
1505950460,21937705,0.07309000,1.13143500,0
1505950457,21937695,0.07309000,0.59299500,0
1505950454,21937678,0.07309000,1.13110700,0
1505950452,21937676,0.07304102,2.07221705,1
1505950433,21937650,0.07308000,1.27687200,0
1505950428,21937641,0.07308000,1.72312800,0
1505950425,21937627,0.07309300,1.72280000,0
1505950420,21937614,0.07304000,3.00000000,0
1505950307,21937261,0.07305300,0.31758654,1
1505950307,21937260,0.07304000,3.00000000,0
1505950305,21937257,0.07300010,0.20094641,0
1505950303,21937254,0.07300010,0.75927293,0
1505950261,21937119,0.07299000,1.00000000,0
1505950202,21937062,0.07290011,0.75836659,1
1505950191,21937044,0.07290010,0.87995641,1
1505950189,21937040,0.07290001,0.96021934,0
1505950106,21936980,0.07294001,1.47482152,1
1505950020,21936907,0.07303000,0.65687200,0
1505949794,21936767,0.07303000,2.26135834,0
1505949783,21936761,0.07304989,2.25913677,0
1505949782,21936746,0.07304989,8.93982338,0
1505949782,21936745,0.07300000,0.00000531,0
1505949766,21936709,0.07300000,2.19677800,0
1505949755,21936692,0.07300000,0.80321669,0
1505949755,21936691,0.07300000,1.19339000,0
1505949613,21936642,0.07295000,2.74000000,0
1505949607,21936639,0.07295000,0.00000546,0
1505949607,21936638,0.07295000,0.69999454,0
1505949607,21936637,0.07295000,2.03972446,0
1505949424,21936601,0.07282691,2.01707300,1
1505949376,21936568,0.07295000,0.70027554,0
1505949376,21936565,0.07294000,0.00000500,0
1505949376,21936564,0.07294000,0.47159500,0
1505949274,21936507,0.07282113,1.10670000,1
1505949237,21936498,0.07282082,1.10670000,1
1505949114,21936452,0.07282082,1.10670000,1
1505949078,21936445,0.07282082,1.10670000,1
1505948993,21936422,0.07282082,1.10670000,1
1505948956,21936420,0.07282082,1.10670000,1
1505948920,21936416,0.07282082,1.10670000,1
1505948769,21936396,0.07282079,1.10670000,1
1505948698,21936381,0.07282078,1.10670000,1
1505948661,21936375,0.07282054,1.10670000,1
1505948625,21936353,0.07282031,1.10670000,1
1505948562,21936346,0.07282009,1.10670000,1
1505948471,21936336,0.07283010,1.10670000,1
1505948437,21936333,0.07283001,0.95891724,1
1505948434,21936332,0.07283000,0.63510000,1
1505948434,21936331,0.07283000,0.47160000,1
1505948428,21936330,0.07299000,0.48841424,0
1505948428,21936329,0.07299000,0.47050300,0
1505948426,21936327,0.07282410,0.52187100,1
1505948404,21936321,0.07282402,0.95890424,1
1505948397,21936319,0.07282400,1.10670000,1
1505948377,21936317,0.07299991,0.95890424,0
1505948279,21936306,0.07282003,1.10670000,1
1505948265,21936304,0.07282003,0.14145800,1
1505948228,21936293,0.07284000,0.47050300,1
1505948002,21936222,0.07284001,0.95890424,1
1505947983,21936209,0.07299999,0.66290424,0
1505947983,21936208,0.07299000,0.29600000,0
1505947927,21936172,0.07282001,0.95890424,0
1505947919,21936158,0.07299000,0.95890424,0
1505947807,21936145,0.07280701,0.66290410,1
1505947807,21936144,0.07282000,0.29600000,1
1505947804,21936142,0.07299999,0.95890410,0
1505947784,21936138,0.07281600,0.95890424,1
1505947771,21936132,0.07298700,0.95890424,0
1505947733,21936116,0.07280300,0.35056812,1
1505947733,21936115,0.07280301,0.60886170,1
1505947718,21936102,0.07296000,0.66342982,0
1505947718,21936101,0.07295000,0.29600000,0
1505947692,21936092,0.07280012,1.10670000,1
1505947643,21936054,0.07291999,0.22996437,0
1505947638,21936040,0.07291999,0.55000000,0
1505947636,21936037,0.07291999,0.21958833,0
1505947618,21936033,0.07291999,1.66093300,0
1505947618,21936032,0.07291000,0.47020000,0
1505947445,21935980,0.07287700,2.96584200,0
1505947444,21935979,0.07279017,0.19950100,0
1505947410,21935971,0.07279014,0.63650000,1
1505947410,21935970,0.07280000,0.47020000,1
1505947283,21935929,0.07276604,0.66352201,1
1505947283,21935928,0.07278000,0.29600000,1
1505947172,21935893,0.07295200,0.95952201,0
1505947029,21935859,0.07276029,0.95956134,1
1505947025,21935858,0.07295100,0.95956134,0
1505947020,21935857,0.07276023,0.95959067,1
1505947015,21935855,0.07294999,0.95959067,0
1505947010,21935854,0.07276021,0.95959015,1
1505947006,21935853,0.07294777,0.95959015,0
1505946789,21935797,0.07274013,1.01703400,1
1505946566,21935754,0.07273763,0.20070200,1
1505946429,21935701,0.07273608,0.95985068,1
1505946425,21935699,0.07292700,0.95985068,0
1505946419,21935691,0.07273604,0.95985068,1
1505946416,21935690,0.07292800,0.95985068,0
1505946410,21935689,0.07273605,0.95978513,1
1505946406,21935687,0.07293299,0.95978513,0
1505946401,21935686,0.07273600,0.95978500,1
1505946397,21935685,0.07293299,0.95978500,0
1505946134,21935632,0.07274550,0.95877290,1
1505946078,21935627,0.07302105,0.95877290,0
1505946072,21935626,0.07286409,0.95877263,1
1505946068,21935625,0.07300999,0.95877263,0
1505946032,21935621,0.07286409,0.95861534,1
1505945910,21935592,0.07302195,0.95861534,0
1505945861,21935578,0.07286401,0.95865630,1
1505945821,21935573,0.07301897,1.00000000,0
1505945779,21935563,0.07301886,0.95865630,0
1505945734,21935557,0.07286103,0.95893051,1
1505945685,21935552,0.07286103,0.70149100,1
1505945573,21935485,0.07299799,0.00011357,1
1505945567,21935477,0.07299799,0.75332239,1
1505945566,21935475,0.07299799,0.20549455,0
1505945400,21935437,0.07284007,0.70525964,1
1505945400,21935436,0.07284008,0.25250617,1
1505945310,21935412,0.07298085,4.10041634,0
1505945281,21935403,0.07298089,0.20000000,0
1505945131,21935356,0.07292000,3.98765000,0
1505945074,21935324,0.07308672,0.95776581,0
1505945012,21935295,0.07307900,0.10108663,1
1505945011,21935294,0.07287901,0.21699383,1
1505944994,21935290,0.07290400,3.98757066,1
1505944879,21935236,0.07300000,0.21696497,0
1505944812,21935192,0.07289000,0.33561300,0
1505944812,21935191,0.07289000,2.27050000,0
1505944812,21935190,0.07288000,0.46950000,0
1505944734,21935177,0.07283701,0.54927078,0
1505944700,21935162,0.07299949,0.54929964,0
1505944697,21935160,0.07282000,0.48941080,0
1505944695,21935158,0.07282000,0.46950000,1
1505944690,21935155,0.07299949,0.95891080,0
1505944549,21935091,0.07286016,0.95890699,1
1505944545,21935090,0.07299977,0.95890699,0
1505944540,21935089,0.07286014,0.95890673,1
1505944536,21935086,0.07299978,0.95890673,0
1505944438,21935053,0.07286000,0.95890410,1
1505944434,21935051,0.07299998,0.95890410,0
1505944431,21935049,0.07286000,0.65719000,1
1505944428,21935045,0.07286000,0.95890410,1
1505944424,21935044,0.07299999,0.95890410,0
1505944418,21935041,0.07285401,0.95890410,1
1505944413,21935039,0.07300000,0.95890410,0
1505944393,21935021,0.07300000,0.49123571,0
1505944381,21935007,0.07299999,1.17456126,0
1505944076,21934902,0.07300000,0.33289522,0
1505944076,21934900,0.07300000,0.20000000,0
1505944076,21934898,0.07300000,0.46703078,0
1505944068,21934877,0.07300000,0.13296922,0
1505944068,21934876,0.07300000,0.25000000,0
1505944067,21934873,0.07300000,1.78703078,0
1505944064,21934867,0.07299813,0.25999500,1
1505944064,21934864,0.07299813,2.48000000,0
1505944063,21934861,0.07299813,0.26000000,0
1505943855,21934759,0.07299838,0.06832384,0
1505943752,21934718,0.07286000,0.95892328,1
1505943568,21934682,0.07299854,0.95892328,0
1505943541,21934668,0.07299854,1.00000000,0
1505943301,21934548,0.07299890,3.00000000,0
1505943193,21934512,0.07299920,14.00000000,0
1505943043,21934471,0.07287900,0.00007526,1
1505943036,21934469,0.07287900,0.91385722,1
1505942953,21934443,0.07287900,0.30947300,1
1505942869,21934422,0.07296589,0.31758282,0
1505942819,21934408,0.07287900,2.79498800,1
1505942819,21934407,0.07287900,0.00002600,0
1505942818,21934406,0.07287900,3.98762400,0
1505942813,21934405,0.07281000,0.00002617,0
1505942721,21934379,0.07281000,0.32495064,0
1505942719,21934375,0.07281000,0.30939763,0
1505942718,21934373,0.07281001,0.32492784,1
1505942714,21934371,0.07296965,0.95930228,0
1505942708,21934370,0.07281000,0.95930044,1
1505942700,21934368,0.07296973,0.95930044,0
1505942651,21934362,0.07288591,6.15087600,0
1505942561,21934305,0.07273981,0.64968336,1
1505942548,21934301,0.07285300,2.67379400,0
1505942542,21934298,0.07285299,0.20371200,0
1505942542,21934297,0.07276057,0.00004787,0
1505942511,21934284,0.07276056,0.47010000,1
1505942488,21934275,0.07279903,0.20960500,1
1505942418,21934254,0.07291999,0.64968336,1
1505942350,21934232,0.07278600,1.06288682,1
1505942340,21934224,0.07286000,3.98765000,0
1505942052,21934167,0.07276000,0.47010000,1
1505941981,21934146,0.07289977,0.35000000,0
1505941799,21934065,0.07283003,0.22988000,1
1505941793,21934061,0.07297962,4.10089447,0
1505941760,21934058,0.07293589,0.23779294,0
1505941729,21934049,0.07281100,0.14500000,1
1505941641,21934025,0.07297962,34.53120000,0
1505941641,21934024,0.07295000,0.46880000,0
1505941641,21934023,0.07279810,2.18650737,1
1505941641,21934022,0.07280300,3.98765000,1
1505941641,21934021,0.07281000,0.46880000,1
1505941640,21934020,0.07281003,14.46398602,1
1505941546,21933993,0.07291000,2.60627200,1
1505941545,21933991,0.07291000,7.58300000,1
1505941539,21933984,0.07297999,1.36644757,0
1505941531,21933981,0.07291000,0.85411000,1
1505941529,21933980,0.07291000,0.46813400,1
1505941507,21933966,0.07291000,0.67508600,1
1505941504,21933964,0.07291000,1.09146281,1
1505941501,21933961,0.07291000,0.09012100,1
1505941492,21933957,0.07291000,1.81793900,1
1505941491,21933956,0.07291000,4.84000000,1
1505941489,21933951,0.07291000,1.00000000,1
1505941485,21933949,0.07291000,0.25005500,1
1505941484,21933947,0.07291000,1.01375700,1
1505941481,21933943,0.07291000,2.59730600,1
1505941478,21933938,0.07291000,8.35974000,1
1505941468,21933932,0.07291000,0.31240800,1
1505941466,21933930,0.07291000,0.41442500,1
1505941456,21933926,0.07291000,3.43641700,1
1505941446,21933925,0.07291000,0.18024100,1
1505941440,21933924,0.07291000,0.18970900,1
1505941433,21933923,0.07291000,1.00000000,1
1505941432,21933922,0.07291000,3.48190000,1
1505941431,21933921,0.07291000,6.96380000,1
1505941429,21933918,0.07291000,3.48190000,1
1505941428,21933917,0.07291000,3.48190000,1
1505941428,21933916,0.07291000,3.48190000,1
1505941426,21933915,0.07290658,1.73143040,0
1505941426,21933914,0.07290655,16.60900000,0
1505941425,21933913,0.07290652,1.98798645,0
1505941403,21933904,0.07280700,0.73018880,1
1505941397,21933902,0.07280700,0.22993848,1
1505941395,21933901,0.07280700,0.09974968,1
1505941395,21933900,0.07290698,0.00025032,1
1505941393,21933899,0.07290698,0.10000000,1
1505941391,21933898,0.07290698,0.10000000,1
1505941389,21933897,0.07290698,0.10000000,1
1505941387,21933896,0.07290698,0.10000000,1
1505941385,21933894,0.07290698,0.10000000,1
1505941383,21933892,0.07290698,0.22993848,1
1505941382,21933891,0.07290698,0.22993848,0
1505941365,21933889,0.07277000,0.51181100,1
1505941336,21933879,0.07277000,1.28559000,1
1505941324,21933849,0.07294973,0.70500000,0
1505941323,21933847,0.07286000,0.29500000,0
1505941183,21933796,0.07271665,0.16489000,0
1505941160,21933776,0.07276496,1.33573600,0
1505941137,21933770,0.07274000,2.41437200,0
1505941115,21933762,0.07271900,1.00000000,0
1505941098,21933721,0.07269600,2.74000000,0
1505940777,21933613,0.07252665,0.69312482,1
1505940478,21933459,0.07257083,0.79955000,1
1505940475,21933457,0.07257083,1.16766700,1
1505940468,21933451,0.07257082,3.06716640,1
1505940467,21933448,0.07257081,1.64130200,1
1505940400,21933407,0.07273821,0.25436012,0
1505940302,21933310,0.07270697,4.11586221,0
1505940286,21933306,0.07255025,0.76081343,1
1505940286,21933304,0.07260000,0.03899957,1
1505940242,21933278,0.07260000,1.95840600,1
1505940216,21933264,0.07260000,0.20565900,1
1505940195,21933254,0.07260000,0.49991736,1
1505940189,21933249,0.07260000,2.29701807,1
1505940188,21933247,0.07260001,0.02294093,1
1505940170,21933243,0.07260001,1.44354800,1
1505940166,21933238,0.07260001,0.15462300,1
1505940148,21933233,0.07260001,0.41717626,1
1505940143,21933229,0.07260007,0.44735200,1
1505940114,21933217,0.07260001,0.18306600,1
1505940111,21933216,0.07260001,0.44732400,1
1505940085,21933201,0.07260008,0.28323100,1
1505940057,21933187,0.07260058,0.44729200,1
1505939968,21933160,0.07260607,0.30416300,1
1505939944,21933153,0.07275797,0.50000000,1
1505939927,21933151,0.07260103,0.22807900,1
1505939895,21933140,0.07274068,0.27426359,0
1505939861,21933131,0.07260001,0.36162400,1
1505939855,21933128,0.07260037,0.52555300,1
1505939836,21933122,0.07260033,0.27992000,1
1505939711,21933077,0.07261503,0.88776900,1
1505939653,21933054,0.07277360,2.26000000,0
1505939653,21933053,0.07277359,2.74000000,0
1505939201,21932848,0.07270000,1.00000000,1
1505938915,21932730,0.07273897,0.52949000,0
1505938879,21932713,0.07256711,0.56019300,1
1505938170,21932379,0.07270000,1.26000000,0
1505938151,21932369,0.07270000,2.74000000,0
1505938141,21932360,0.07270000,1.00000000,0
1505938061,21932318,0.07273259,9.00000000,0
1505937996,21932234,0.07273456,3.24846959,0
1505937991,21932220,0.07258203,0.16426000,1
1505937963,21932199,0.07268776,1.02196150,0
1505937926,21932179,0.07268789,1.65623187,0
1505937924,21932174,0.07268789,3.69411048,0
1505937907,21932152,0.07268789,0.30190903,0
1505937904,21932148,0.07268789,13.49762485,0
1505937872,21932129,0.07268831,5.20918260,0
1505937848,21932094,0.07258201,1.41000700,1
1505937808,21932058,0.07258201,0.47020000,1
1505937788,21932052,0.07261000,0.29500000,0
1505937751,21932031,0.07262300,0.41274000,1
1505937713,21931977,0.07278100,0.40098970,0
1505937695,21931961,0.07263100,2.77648373,1
1505937695,21931960,0.07264000,0.47020000,1
1505937694,21931958,0.07265038,0.33249762,1
1505937694,21931957,0.07266404,0.14365965,1
1505937596,21931884,0.07271800,3.98765000,1
1505937551,21931869,0.07286317,0.64422422,0
1505937541,21931865,0.07272000,1.00299300,1
1505937523,21931859,0.07286387,13.98806266,0
1505937517,21931853,0.07286400,1.20986674,0
1505937508,21931845,0.07286400,3.98765000,0
1505937497,21931833,0.07271400,1.58424500,1
1505937495,21931831,0.07271400,0.19946700,1
1505937486,21931823,0.07286000,3.00000000,0
1505937474,21931820,0.07269900,0.54968300,1
1505937464,21931816,0.07284800,3.98765000,0
1505937454,21931813,0.07270100,2.25336900,1
1505937454,21931812,0.07270100,1.73428100,1
1505937442,21931809,0.07285400,3.98765000,0
1505937431,21931799,0.07282000,2.50000000,0
1505937431,21931798,0.07281999,2.74000000,0
1505937430,21931797,0.07281998,3.32754367,0
1505937422,21931796,0.07269000,2.84651500,1
1505937421,21931795,0.07282000,0.50000000,0
1505937418,21931791,0.07269600,3.98765000,1
1505937286,21931707,0.07283641,0.06988590,1
1505937286,21931706,0.07283641,11.57099934,0
1505937253,21931682,0.07280300,0.07252514,0
1505937241,21931676,0.07276000,1.30714613,0
1505937239,21931675,0.07276000,2.68050387,0
1505937239,21931673,0.07272000,0.46980000,0
1505937239,21931672,0.07272000,5.41098253,0
1505937187,21931571,0.07269400,3.62735262,0
1505937177,21931550,0.07255019,0.78023000,1
1505937177,21931549,0.07256000,0.46980000,1
1505937150,21931501,0.07253013,0.27358000,0
1505937150,21931500,0.07253013,0.42642000,1
1505937117,21931420,0.07262700,1.75477000,1
1505937011,21931292,0.07247504,1.73118541,1
1505937011,21931291,0.07249301,1.17505059,1
1505937000,21931273,0.07250804,2.34141888,1
1505936960,21931239,0.07267000,0.08442460,1
1505936934,21931224,0.07257500,3.98764951,1
1505936934,21931223,0.07262000,0.42589149,1
1505936924,21931209,0.07269959,0.42542283,0
1505936903,21931182,0.07262311,11.57099934,0
1505936902,21931180,0.07262312,1.66300500,1
1505936811,21931127,0.07262395,0.23000000,0
1505936784,21931087,0.07249000,3.98764965,1
1505936784,21931086,0.07249530,2.34183035,1
1505936777,21931059,0.07262395,0.23000000,0
1505936776,21931052,0.07250000,1.24200000,1
1505936753,21930980,0.07262396,0.22997013,0
1505936641,21930886,0.07262396,5.00000000,0
1505936611,21930877,0.07262396,5.05040871,0
1505936469,21930786,0.07248601,6.03129101,1
1505936469,21930785,0.07248722,0.22996806,0
1505936467,21930784,0.07248722,0.73874093,1
1505936105,21930654,0.07262399,0.36000000,0
1505936103,21930653,0.07259799,2.74000000,0
1505936065,21930634,0.07255245,1.09277086,0
1505936020,21930627,0.07255245,0.23000000,0
1505935981,21930606,0.07255245,0.35000000,0
1505935883,21930572,0.07255245,0.13471900,0
1505935883,21930571,0.07255244,2.74000000,0
1505935772,21930485,0.07255245,1.73256615,0
1505935708,21930440,0.07255245,0.22994399,0
1505935698,21930402,0.07255245,0.23000000,0
1505935579,21930375,0.07255600,1.02387400,0
1505935579,21930374,0.07248721,0.97612600,0
1505935447,21930339,0.07249289,0.53523166,1
1505935447,21930337,0.07249289,0.24000000,1
1505935446,21930336,0.07249289,0.19000000,1
1505935446,21930335,0.07249289,1.40822869,1
1505935442,21930328,0.07249289,0.90220131,1
1505935436,21930319,0.07249289,0.24114400,1
1505935350,21930256,0.07264291,0.51152245,0
1505935350,21930255,0.07264290,0.41847755,0
1505935346,21930254,0.07249289,0.18842600,1
1505935156,21930130,0.07264313,11.37230200,0
1505935155,21930126,0.07264313,11.36795200,0
1505935115,21930098,0.07264313,2.26624995,0
1505935115,21930097,0.07264312,0.00000505,0
1505935114,21930093,0.07264312,0.49719600,0
1505935090,21930055,0.07264312,1.85797335,0
1505935081,21930046,0.07264315,0.32557600,0
1505934882,21929950,0.07264370,1.33593600,0
1505934882,21929949,0.07264370,1.01407240,0
1505934882,21929947,0.07264367,4.16406960,0
1505934867,21929936,0.07264373,1.01407800,0
1505934674,21929840,0.07251010,1.11608500,1
1505934488,21929790,0.07251610,1.42986924,1
1505934487,21929784,0.07249800,0.95665000,1
1505934486,21929782,0.07251611,1.31666091,1
1505934486,21929780,0.07251611,1.42333909,1
1505934471,21929760,0.07264980,1.28501482,1
1505934469,21929759,0.07264000,0.08803077,0
1505934290,21929706,0.07268826,5.17814760,0
1505934184,21929653,0.07254000,0.08803077,1
1505934184,21929652,0.07254001,0.29497023,1
1505934026,21929588,0.07255111,4.20345051,1
1505933941,21929548,0.07270698,3.85729000,0
1505933797,21929496,0.07253005,0.97466500,1
1505933703,21929472,0.07270999,2.70492188,0
1505933703,21929471,0.07267100,0.29504370,0
1505933703,21929470,0.07267100,3.69260630,0
1505933703,21929469,0.07266000,0.29500000,0
1505933702,21929460,0.07265997,2.73997315,0
1505933676,21929440,0.07248711,2.73997400,1
1505933671,21929433,0.07265996,2.73997315,0
1505933670,21929429,0.07265993,10.24797742,0
1505933576,21929383,0.07260296,2.74000000,0
1505933576,21929382,0.07258798,3.98765000,1
1505933554,21929371,0.07240230,0.12824700,0
1505933535,21929359,0.07257493,0.24341315,1
1505933373,21929193,0.07240287,0.44930000,1
1505933368,21929190,0.07240285,0.42970400,1
1505933245,21929155,0.07240233,4.12581400,1
1505933178,21929117,0.07249000,0.29500000,0
1505933074,21929056,0.07240154,3.95761900,1
1505933059,21929034,0.07240138,8.52808221,1
1505933059,21929033,0.07240138,0.54639800,1
1505932968,21928935,0.07240039,0.13235714,1
1505932935,21928913,0.07244200,3.98765000,1
1505932920,21928895,0.07249500,2.27872300,1
1505932919,21928892,0.07249500,1.70892700,1
1505932919,21928890,0.07250000,10.72127700,1
1505932916,21928889,0.07250000,2.27872300,1
1505932914,21928883,0.07250018,3.24595400,1
1505932914,21928882,0.07254000,0.10000000,1
1505932800,21928697,0.07256020,3.60994600,0
1505932694,21928594,0.07256619,0.13920505,1
1505932571,21928536,0.07271087,5.89221100,0
1505932569,21928532,0.07271087,1.95711100,0
1505932567,21928531,0.07271084,5.41098300,0
1505932565,21928529,0.07271088,2.74000000,0
1505932558,21928518,0.07269500,3.86019100,0
1505932555,21928513,0.07269500,0.12745900,0
1505932552,21928512,0.07269497,0.65260000,0
1505932264,21928310,0.07253253,1.11329037,1
1505932220,21928281,0.07256003,0.30960638,0
1505932220,21928280,0.07260000,0.11000000,1
1505932218,21928279,0.07260001,0.36504285,1
1505932196,21928254,0.07260001,1.15973915,1
1505932196,21928253,0.07260001,0.36675085,1
1505932189,21928245,0.07270356,1.49278797,0
1505932173,21928230,0.07261200,0.20876144,1
1505932173,21928229,0.07261200,3.55151906,1
1505932172,21928228,0.07261200,0.36683060,1
1505932172,21928227,0.07261200,0.04395140,1
1505932078,21928162,0.07261209,0.67732000,0
1505932078,21928161,0.07261209,1.11067200,0
1505932072,21928157,0.07261209,0.30000000,0
1505932048,21928137,0.07261203,2.17199500,1
1505931986,21928066,0.07261202,0.34688000,1
1505931963,21928054,0.07275963,0.00010156,0
1505931962,21928053,0.07275960,10.39989844,1
1505931902,21928005,0.07261200,0.12673160,1
1505931901,21928002,0.07261200,0.34259387,1
1505931901,21928001,0.07261200,0.00007453,1
1505931899,21927998,0.07261465,10.73344636,0
1505931889,21927976,0.07261467,0.27723000,1
1505931643,21927779,0.07269000,0.46940000,1
1505931598,21927759,0.07284406,6.33473779,0
1505931499,21927660,0.07284511,1.79123856,0
1505931403,21927625,0.07272000,0.20876144,0
1505931317,21927575,0.07271000,3.91834966,0
1505931267,21927539,0.07271000,0.17068300,0
1505931004,21927394,0.07271000,0.34259387,0
1505930652,21927250,0.07261201,0.08903005,1
1505930602,21927228,0.07261201,0.40805700,1
1505930485,21927179,0.07261207,0.15598100,1
1505930416,21927115,0.07270880,0.41157577,0
1505930368,21927091,0.07261200,0.77052003,1
1505930105,21926996,0.07261200,0.20876144,1
1505930105,21926995,0.07271000,0.17114822,1
1505930104,21926991,0.07270998,2.42511194,1
1505930103,21926990,0.07270998,0.15373984,0
1505930103,21926989,0.07270997,0.25000000,0
1505930040,21926957,0.07271000,0.97935600,0
1505930040,21926956,0.07259501,2.73992662,1
1505930029,21926941,0.07270000,0.13742352,0
1505930023,21926938,0.07260760,0.26050000,0
1505930022,21926937,0.07260761,2.74000000,1
1505930022,21926936,0.07269000,0.11950000,1
1505930019,21926935,0.07270999,0.42782000,0
1505929950,21926894,0.07268000,0.31566648,0
1505929925,21926883,0.07269000,0.13591000,0
1505929792,21926847,0.07267000,1.94613506,1
1505929787,21926841,0.07267000,0.27521674,1
1505929755,21926833,0.07267000,0.39320716,1
1505929755,21926831,0.07269980,0.01900012,1
1505929755,21926829,0.07269980,0.03936472,1
1505929697,21926811,0.07269980,1.48173723,1
1505929691,21926768,0.07269980,0.08903005,1
1505929665,21926735,0.07269980,0.17321500,1
1505929522,21926659,0.07269980,0.38587645,1
1505929522,21926658,0.07269980,0.41539400,1
1505929514,21926645,0.07269983,0.20104000,1
1505929507,21926641,0.07269981,0.08274000,1
1505929504,21926634,0.07269980,0.19280600,1
1505929502,21926632,0.07269983,1.36296450,1
1505929486,21926626,0.07270003,1.36277653,1
1505929429,21926591,0.07270048,0.44351840,1
1505929426,21926587,0.07270047,0.69419084,1
1505929367,21926554,0.07270028,0.69394516,1
1505929331,21926534,0.07270035,1.13408300,1
1505929287,21926492,0.07270659,2.74000000,1
1505929198,21926451,0.07272993,2.45764000,1
1505929136,21926431,0.07272904,1.18279400,1
1505929135,21926429,0.07272903,5.11035948,1
1505929133,21926427,0.07272900,2.73987213,1
1505929125,21926423,0.07292300,0.54687821,0
1505929123,21926421,0.07272301,2.88844100,1
1505929070,21926392,0.07285000,2.73992903,1
1505929070,21926391,0.07285000,0.13252019,1
1505929070,21926390,0.07286000,0.46950000,1
1505928905,21926321,0.07291600,4.87116900,0
1505928899,21926318,0.07291597,2.11803600,0
1505928894,21926314,0.07290000,2.00000000,0
1505928894,21926313,0.07289000,0.11803648,0
1505928894,21926312,0.07287250,0.01900012,0
1505928884,21926311,0.07287250,1.61013200,0
1505928851,21926300,0.07287250,3.12813900,0
1505928717,21926235,0.07287247,4.10046482,0
1505928676,21926199,0.07287250,0.60820000,0
1505928672,21926194,0.07287247,2.64331000,0
1505928641,21926182,0.07287247,4.00000000,0
1505928581,21926168,0.07287234,0.31766511,0
1505928433,21926090,0.07287236,0.40087901,0
1505928397,21926028,0.07269353,7.54513128,1
1505928327,21925999,0.07287079,0.93408500,0
1505928313,21925991,0.07269222,6.61088720,1
1505928275,21925958,0.07269182,0.22999500,1
1505927905,21925807,0.07270400,1.50704100,1
1505927721,21925758,0.07269027,4.90958334,1
1505927614,21925695,0.07278700,0.15721500,0
1505927598,21925682,0.07268686,11.45062462,0
1505927581,21925659,0.07267800,1.00000000,0
1505927577,21925653,0.07269500,3.66830922,1
1505927576,21925649,0.07267800,0.31934078,0
1505927576,21925646,0.07268700,5.36547112,1
1505927576,21925645,0.07268701,3.66830810,1
1505927574,21925629,0.07268704,11.56082715,1
1505927573,21925627,0.07268704,27.76895400,1
1505927547,21925606,0.07284800,1.80827000,0
1505927542,21925604,0.07281450,5.59360098,0
1505927542,21925602,0.07281449,0.22902800,0
1505927521,21925598,0.07281439,0.30000000,0
1505927491,21925594,0.07266107,0.47070000,1
1505927464,21925589,0.07269907,0.74541000,0
1505927462,21925588,0.07269907,0.19361500,0
1505927387,21925540,0.07269907,0.68003860,1
1505927234,21925470,0.07269800,0.18190500,1
1505927234,21925469,0.07269800,2.93492500,1
1505927174,21925407,0.07267129,0.68033600,1
1505927158,21925400,0.07281955,2.01701400,0
1505927116,21925380,0.07277100,3.83046800,0
1505927116,21925379,0.07277099,1.35518200,0
1505927106,21925361,0.07267114,10.12899698,1
1505927106,21925360,0.07267117,4.25363702,1
1505926981,21925192,0.07281958,3.00000000,0
1505926933,21925166,0.07281973,2.73999967,0
1505926932,21925164,0.07281972,3.66132233,0
1505926907,21925149,0.07266097,14.32133800,1
1505926887,21925130,0.07266094,0.42514000,1
1505926808,21925015,0.07268322,2.58843857,0
1505926798,21924991,0.07268322,22.81500000,1
1505926795,21924984,0.07268321,2.58857200,1
1505926786,21924959,0.07281997,0.32632767,0
1505926786,21924957,0.07281997,2.41367233,0
1505926759,21924912,0.07270873,30.40400700,1
1505926759,21924910,0.07270873,3.98765000,1
1505926750,21924856,0.07270876,1.67877700,0
1505926746,21924848,0.07270873,12.78520900,1
1505926746,21924847,0.07270873,23.91913400,1
1505926745,21924833,0.07270876,12.78520900,1
1505926641,21924713,0.07288991,4.29007200,0
1505926613,21924710,0.07286972,6.07557500,0
1505926611,21924709,0.07286972,2.74000000,0
1505926611,21924708,0.07286972,2.08792500,0
1505926602,21924704,0.07287000,3.98765000,0
1505926602,21924703,0.07286999,11.53166886,0
1505926600,21924702,0.07286973,1.99869567,0
1505926600,21924701,0.07286970,2.12495800,0
1505926600,21924700,0.07284000,0.02029633,0
1505926506,21924641,0.07269316,12.33903000,0
1505926486,21924597,0.07275005,21.10746900,1
1505926485,21924595,0.07275005,4.24069700,1
1505926483,21924589,0.07275005,7.48655700,1
1505926482,21924583,0.07275005,0.96251000,1
1505926482,21924582,0.07275005,32.25963000,1
1505926481,21924575,0.07275005,6.82613700,1
1505926480,21924574,0.07275003,4.17050100,1
1505926479,21924573,0.07275003,2.84214363,1
1505926479,21924571,0.07275004,3.98398737,1
1505926472,21924563,0.07275003,11.53183126,1
1505926471,21924554,0.07275003,6.13608201,1
1505926470,21924551,0.07275002,11.53166886,1
1505926469,21924546,0.07275001,5.66514983,1
1505926467,21924542,0.07275000,11.53170193,0
1505926467,21924541,0.07275000,0.47070000,1
1505926459,21924532,0.07274149,1.26698900,1
1505926343,21924399,0.07284000,0.11124623,0
1505926343,21924398,0.07283896,0.88875377,0
1505926322,21924394,0.07283896,0.88889150,0
1505926322,21924393,0.07283895,0.59520234,0
1505926305,21924387,0.07283895,0.18429700,0
1505926197,21924351,0.07282087,3.95739000,0
1505926188,21924346,0.07265894,0.85796900,1
1505926186,21924344,0.07282088,4.39151007,0
1505926178,21924329,0.07265874,7.34431600,1
1505926173,21924315,0.07265872,0.84051200,1
1505926172,21924309,0.07265872,0.24631000,1
1505926165,21924294,0.07265871,0.82676000,1
1505926162,21924289,0.07265864,3.18735100,1
1505926043,21924165,0.07274288,4.19859612,0
1505926041,21924156,0.07274288,3.91726000,1
1505926041,21924155,0.07274287,0.90332111,0
1505926039,21924153,0.07274287,4.19887781,1
1505926039,21924151,0.07274287,3.23816244,1
1505926038,21924149,0.07274286,4.97503123,0
1505926035,21924144,0.07274286,4.97461882,1
1505926034,21924139,0.07274286,4.97424765,1
1505926032,21924135,0.07274286,4.97387648,1
1505926027,21924130,0.07274282,2.74935530,1
1505926025,21924128,0.07274278,5.32354695,1
1505926025,21924127,0.07283000,0.00014005,1
1505925977,21924084,0.07283001,1.50614500,0
1505925829,21924004,0.07283000,1.70585995,1
1505925827,21924002,0.07283000,0.29400000,0
1505925761,21923974,0.07265041,0.16319100,1
1505925674,21923932,0.07279497,11.06230000,0
1505925674,21923931,0.07275000,0.47070000,0
1505925651,21923895,0.07273995,0.34393700,0
1505925617,21923845,0.07261106,1.09688800,1
1505925615,21923842,0.07261106,15.20487700,1
1505925614,21923838,0.07261105,6.96954100,1
1505925612,21923837,0.07261101,2.54324021,0
1505925610,21923834,0.07261104,4.42133924,1
1505925608,21923828,0.07261100,3.98765000,1
1505925585,21923793,0.07263083,4.42146619,1
1505925505,21923710,0.07268000,0.47070000,1
1505925367,21923651,0.07266000,0.29400000,1
1505925071,21923465,0.07279200,3.58581506,0
1505924621,21923249,0.07259016,0.89120300,1
1505924603,21923240,0.07268998,0.07550000,0
1505924582,21923233,0.07268998,0.84167100,0
1505924572,21923230,0.07267000,0.47000000,0
1505924572,21923229,0.07266999,1.60170519,0
1505924559,21923219,0.07268999,0.29305300,0
1505924491,21923143,0.07271999,1.01562133,0
1505924491,21923142,0.07271999,0.29387767,0
1505924159,21922947,0.07257503,0.57748632,1
1505924159,21922945,0.07258000,0.00012455,1
1505924158,21922940,0.07258000,0.46987545,1
1505924150,21922889,0.07257499,1.10230774,1
1505924149,21922881,0.07257499,1.47249100,1
1505924148,21922875,0.07257499,3.59991800,1
1505924147,21922863,0.07257499,1.04760600,1
1505924143,21922835,0.07257498,0.76632700,1
1505924141,21922818,0.07257497,7.54817000,1
1505924138,21922779,0.07257497,25.24472000,1
1505924136,21922773,0.07257498,0.29889516,0
1505924123,21922708,0.07270399,0.83038800,0
1505924101,21922664,0.07270399,0.24676300,0
1505924089,21922643,0.07257477,0.22625100,1
1505924079,21922624,0.07257468,0.90847200,1
1505924067,21922587,0.07257464,1.13543000,1
1505924053,21922554,0.07257437,0.34710200,1
1505924012,21922476,0.07257391,1.79385000,1
1505924011,21922470,0.07257388,0.29400000,1
1505923983,21922407,0.07257375,1.26706268,0
1505923974,21922382,0.07257369,1.71003951,1
1505923968,21922364,0.07257366,4.99920799,1
1505923948,21922282,0.07257353,0.79370016,1
1505923944,21922262,0.07257351,0.45741002,1
1505923943,21922259,0.07257351,0.79366568,1
1505923942,21922253,0.07257350,1.56271000,1
1505923941,21922251,0.07257350,0.88328686,0
1505923940,21922250,0.07256000,0.29400000,0
1505923938,21922235,0.07243000,0.24624000,1
1505923937,21922232,0.07243000,0.79521064,1
1505923933,21922208,0.07265600,1.71018314,1
1505923932,21922201,0.07265600,1.62508000,1
1505923930,21922181,0.07265600,0.24611786,1
1505923930,21922179,0.07267217,0.00012214,1
1505923930,21922174,0.07267213,2.73987786,0
1505923929,21922169,0.07257300,0.40626900,0
1505923929,21922163,0.07267000,0.29400000,1
1505923925,21922126,0.07267216,0.41579200,1
1505923866,21922075,0.07270015,0.13228200,1
1505923756,21922007,0.07289000,19.11981886,1
1505923755,21922006,0.07289000,1.05252700,1
1505923755,21922005,0.07288975,2.74000000,0
1505923754,21922003,0.07288972,0.34903973,0
1505923754,21922002,0.07284900,3.98765000,0
1505923752,21922001,0.07284893,14.36398602,0
1505923667,21921944,0.07274800,0.04347263,0
1505923667,21921943,0.07274000,0.29400000,0
1505923667,21921942,0.07274000,0.44824837,0
1505923594,21921907,0.07276996,3.35098523,0
1505923463,21921813,0.07246001,0.41486583,1
1505923462,21921811,0.07246003,0.00000012,1
1505923462,21921809,0.07246006,2.27246518,1
1505923461,21921804,0.07287997,0.10000000,0
1505923460,21921802,0.07246003,2.27219588,0
1505923459,21921795,0.07246001,2.80633716,1
1505923458,21921791,0.07247000,0.00013026,1
1505923457,21921780,0.07247000,0.29386974,1
1505923441,21921686,0.07241034,7.79437000,1
1505923440,21921685,0.07262085,13.10800000,1
1505923440,21921683,0.07262098,1.00352000,1
1505923434,21921663,0.07265179,0.45325200,0
1505923433,21921659,0.07265179,2.28674800,1
1505923433,21921658,0.07265179,0.45325200,1
1505923430,21921628,0.07266000,0.44824837,1
1505923425,21921594,0.07266003,0.46114336,1
1505922994,21921357,0.07269307,9.00933198,1
1505922964,21921342,0.07275700,3.98757508,1
1505922960,21921339,0.07276200,3.98757594,1
1505922901,21921295,0.07288993,6.50000000,0
1505922886,21921263,0.07282412,4.84628150,0
1505922886,21921262,0.07282300,3.98765000,0
1505922884,21921251,0.07282413,3.87807386,0
1505922880,21921212,0.07265775,16.75641900,1
1505922880,21921210,0.07265775,1.24577975,1
1505922877,21921189,0.07265774,3.87807386,1
1505922549,21921077,0.07276000,0.61336004,1
1505922470,21921041,0.07284596,0.73051500,0
1505922443,21921017,0.07268006,0.12400000,1
1505922178,21920837,0.07271900,0.34692000,1
1505922176,21920835,0.07271900,2.92996906,1
1505922174,21920829,0.07271900,0.34689726,1
1505922173,21920826,0.07271903,2.93147300,1
1505922126,21920785,0.07281400,3.98764986,0
1505922126,21920784,0.07271782,8.53719514,0
1505922126,21920783,0.07271546,0.17095000,0
1505922080,21920770,0.07271812,0.17074400,1
1505922078,21920766,0.07271812,0.83935700,1
1505922010,21920731,0.07271719,0.37699900,1
1505921869,21920616,0.07275906,0.13844928,1
1505921869,21920615,0.07283000,0.00012172,1
1505921813,21920540,0.07283000,5.85790047,1
1505921809,21920539,0.07282800,3.98765000,0
1505921809,21920538,0.07282000,0.15432781,0
1505921731,21920491,0.07268103,2.57559811,1
1505921616,21920437,0.07281000,0.31447219,0
1505921575,21920395,0.07269300,0.12587701,1
1505921520,21920365,0.07281991,0.20000000,0
1505921482,21920313,0.07281984,3.01796100,0
1505921445,21920286,0.07267419,0.17221800,1
1505921424,21920273,0.07279999,0.46185565,0
1505921424,21920272,0.07279999,0.19922037,0
1505921405,21920252,0.07279999,1.87501300,0
1505921371,21920225,0.07266101,7.57537800,1
1505921333,21920202,0.07266052,0.89654100,1
1505921332,21920199,0.07266052,1.46930600,1
1505921332,21920198,0.07267000,0.46880000,1
1505921330,21920193,0.07277007,0.00000035,1
1505921326,21920185,0.07277007,1.20853665,0
1505921317,21920179,0.07272008,0.19532500,0
1505921317,21920178,0.07272008,0.31546000,0
1505921248,21920151,0.07275200,3.98765000,0
1505921226,21920137,0.07289116,1.79495986,0
1505920982,21920038,0.07287646,1.00000000,0
1505920833,21919942,0.07274015,3.04710300,1
1505920806,21919910,0.07273011,0.60000000,1
1505920757,21919873,0.07279415,2.45015368,0
1505920748,21919856,0.07279412,0.30984632,0
1505920746,21919849,0.07265101,0.65200000,1
1505920619,21919729,0.07261272,1.88797000,1
1505920589,21919718,0.07261239,0.20000000,1
1505920542,21919686,0.07275499,1.37105372,0
1505920510,21919650,0.07266000,0.26803700,0
1505920384,21919565,0.07271000,0.20056300,0
1505920244,21919404,0.07262500,3.98752138,1
1505920221,21919358,0.07276477,12.07489187,0
1505920213,21919354,0.07258604,0.18447000,1
1505920212,21919353,0.07258604,0.24723000,1
1505920206,21919350,0.07258601,0.64912500,0
1505920196,21919336,0.07256502,0.65366800,1
1505920183,21919320,0.07268900,3.98765000,0
1505920182,21919318,0.07254062,0.37764000,1
1505920047,21919204,0.07254021,0.08784755,1
1505920040,21919201,0.07254021,0.08784755,1
1505919961,21919140,0.07254003,4.81872686,1
1505919948,21919129,0.07256603,3.64145000,1
1505919948,21919128,0.07258000,0.46860000,1
1505919947,21919126,0.07257009,1.52603302,1
1505919945,21919117,0.07257003,2.57984460,0
1505919826,21919061,0.07266500,3.98764977,0
1505919826,21919059,0.07260000,0.54263523,0
1505919821,21919051,0.07260000,0.14786000,0
1505919754,21919018,0.07259029,6.90300000,1
1505919542,21918822,0.07266900,0.25868600,0
1505919508,21918795,0.07251016,7.32055140,1
1505919507,21918793,0.07251015,2.57981359,0
1505919505,21918789,0.07251015,9.91367400,1
1505919425,21918742,0.07252973,1.97160600,1
1505919331,21918694,0.07252889,0.00000007,0
1505919327,21918690,0.07252889,3.53385300,0
1505919230,21918590,0.07254115,14.46398602,0
1505919229,21918589,0.07254115,1.97036800,1
1505918655,21918165,0.07264893,0.31471798,0
1505918655,21918164,0.07264890,2.82745302,0
1505918588,21918072,0.07254711,0.46890000,1
1505918587,21918069,0.07254711,0.53837500,0
1505918545,21917981,0.07254711,0.20000000,0
1505918323,21917797,0.07256219,2.61256100,1
1505918294,21917761,0.07256179,1.53101162,1
1505918294,21917760,0.07257000,0.00006990,1
1505918290,21917755,0.07257000,0.46883010,1
1505918224,21917688,0.07257200,3.98765000,1
1505918166,21917638,0.07271904,0.24560609,0
1505918165,21917637,0.07271909,0.24560623,0
1505918103,21917585,0.07256509,2.76000000,1
1505918095,21917576,0.07262004,4.83167000,0
1505918086,21917568,0.07263000,3.98765000,1
1505917989,21917495,0.07274500,2.39253270,0
1505917989,21917494,0.07273795,0.24767230,0
1505917989,21917493,0.07271885,0.67841204,0
1505917989,21917492,0.07270995,0.46792896,0
1505917989,21917491,0.07270000,0.46800000,0
1505917987,21917490,0.07271884,3.00767200,0
1505917987,21917489,0.07270996,11.63653300,0
1505917981,21917485,0.07256507,3.73817700,1
1505917957,21917472,0.07256500,0.28076800,1
1505917942,21917461,0.07271999,1.23421334,0
1505917932,21917435,0.07257165,35.19540205,1
1505917932,21917433,0.07257168,9.68214766,1
1505917858,21917363,0.07257073,1.36655800,1
1505917796,21917263,0.07257052,0.78996734,1
1505917749,21917220,0.07257700,0.93999500,1
1505917745,21917217,0.07261002,3.02233700,0
1505917739,21917212,0.07261002,19.88102900,1
1505917738,21917207,0.07261001,0.87897100,0
1505917738,21917205,0.07262000,0.46800000,1
1505917658,21917155,0.07269985,6.74765000,0
1505917651,21917150,0.07271300,3.98765000,0
1505917651,21917149,0.07270000,0.13786981,0
1505917651,21917148,0.07269988,2.76000000,0
1505917511,21917055,0.07253021,0.23000000,1
1505917432,21916992,0.07252914,1.54546300,1
1505917431,21916990,0.07252917,0.30360600,1
1505917312,21916922,0.07252725,1.58083700,1
1505917309,21916918,0.07252721,0.17129000,1
1505917284,21916908,0.07252705,2.12846500,1
1505917282,21916905,0.07252701,0.17129000,1
1505917281,21916903,0.07252704,0.80000000,1
1505917156,21916811,0.07267997,1.05800000,0
1505917126,21916783,0.07260000,0.44372715,0
1505917043,21916665,0.07259993,3.50931491,1
1505917041,21916661,0.07259992,1.43982232,0
1505916915,21916450,0.07240803,0.71835300,1
1505916905,21916398,0.07240803,0.46742100,1
1505916904,21916394,0.07240800,0.53545892,1
1505916904,21916393,0.07240800,1.58666100,1
1505916874,21916295,0.07259999,1.42842759,1
1505916873,21916293,0.07259999,1.65654541,0
1505916873,21916292,0.07251400,2.07890500,0
1505916872,21916291,0.07251400,1.90874500,0
1505916869,21916286,0.07251600,3.98765000,0
1505916869,21916284,0.07251599,0.25209771,0
1505916869,21916282,0.07251599,0.20040023,0
1505916867,21916278,0.07251594,1.84640000,0
1505916863,21916265,0.07236001,1.54450000,0
1505916862,21916264,0.07250700,0.12300000,1
1505916858,21916255,0.07250700,0.52139000,0
1505916853,21916250,0.07250000,0.30000000,0
1505916845,21916215,0.07249788,3.98765000,0
1505916824,21916176,0.07247700,0.62319782,0
1505916781,21916023,0.07230204,0.62973000,1
1505916767,21915924,0.07230200,0.20214200,1
1505916763,21915904,0.07232005,5.59070917,1
1505916739,21915781,0.07236001,0.20000000,1
1505916736,21915759,0.07236001,0.19992800,1
1505916736,21915758,0.07246000,0.00047200,1
1505916736,21915757,0.07246000,0.20000000,1
1505916732,21915743,0.07246000,0.20000000,1
1505916720,21915714,0.07246419,0.12070000,0
1505916719,21915713,0.07246000,0.25209800,1
1505916718,21915709,0.07246000,0.24743000,1
1505916688,21915616,0.07237001,0.40000000,1
1505916622,21915462,0.07236001,6.99883700,1
1505916621,21915457,0.07236001,2.41819200,1
1505916565,21915349,0.07232000,0.01716981,1
1505916565,21915348,0.07232003,2.79283019,1
1505916516,21915270,0.07246496,0.15113019,0
1505916413,21915144,0.07243293,2.64170000,0
1505916336,21915064,0.07229104,0.33351000,1
1505916331,21915050,0.07229104,4.99720049,1
1505916297,21914934,0.07231303,1.40664044,0
1505916296,21914933,0.07231303,2.00776100,0
1505916295,21914931,0.07231300,1.86507600,1
1505916295,21914930,0.07231300,0.57324856,1
1505916294,21914929,0.07231303,3.41440144,1
1505916286,21914915,0.07248760,2.00776138,0
1505916095,21914636,0.07244994,0.68104908,0
1505916088,21914621,0.07244991,0.07032000,0
1505915948,21914344,0.07229108,0.76024470,1
1505915937,21914274,0.07229107,0.49999500,1
1505915933,21914259,0.07229107,0.29512900,1
1505915933,21914258,0.07229107,0.76035200,1
1505915929,21914246,0.07229107,2.11955200,1
1505915929,21914245,0.07229107,0.76034600,1
1505915920,21914207,0.07229102,0.23516000,0
1505915920,21914205,0.07229101,5.50907500,1
1505915904,21914134,0.07229102,0.23516000,1
1505915894,21914051,0.07229102,1.10557047,1
1505915891,21914018,0.07229101,2.04296891,1
1505915889,21913995,0.07229101,1.09889009,1
1505915867,21913898,0.07229103,0.83999500,1
1505915866,21913895,0.07229103,4.92179100,1
1505915866,21913894,0.07229103,6.15076900,1
1505915857,21913872,0.07229102,1.38354360,1
1505915857,21913871,0.07229102,0.10248300,1
1505915856,21913868,0.07229102,1.88008140,1
1505915856,21913866,0.07229102,1.96914960,1
1505915849,21913842,0.07229101,0.34492300,0
1505915849,21913841,0.07229101,0.24068300,0
1505915807,21913662,0.07229703,0.12222699,0
1505915802,21913637,0.07229104,0.16569600,1
1505915767,21913486,0.07229103,0.12209997,1
1505915757,21913448,0.07229101,0.23000000,1
1505915756,21913436,0.07229101,0.12708000,1
1505915751,21913426,0.07243596,1.19048400,1
1505915751,21913424,0.07243596,2.30430237,1
1505915749,21913408,0.07229703,0.12223272,1
1505915739,21913367,0.07229101,0.35101900,1
1505915738,21913365,0.07229101,0.60649100,1
1505915737,21913358,0.07229101,12.88126300,1
1505915736,21913357,0.07229101,7.70275663,1
1505915736,21913356,0.07229102,2.30430237,1
1505915736,21913354,0.07239700,3.98765000,0
1505915734,21913345,0.07229101,12.88126300,1
1505915733,21913344,0.07229703,1.33621300,0
1505915727,21913329,0.07229700,0.29407400,1
1505915722,21913320,0.07229703,1.53207300,1
1505915722,21913318,0.07229703,0.28718000,1
1505915702,21913276,0.07246880,1.00000000,0
1505915701,21913269,0.07229231,1.04596900,1
1505915664,21913181,0.07235100,1.19466378,1
1505915659,21913162,0.07235100,0.96746417,1
1505915654,21913150,0.07235103,0.96746392,1
1505915647,21913140,0.07235100,0.86600000,1
1505915636,21913134,0.07235100,0.28074131,1
1505915636,21913133,0.07235101,0.11948869,1
1505915485,21912849,0.07239000,0.40023000,1
1505915308,21912747,0.07258944,0.30093400,0
1505915218,21912711,0.07237393,1.71771670,0
1505915047,21912609,0.07237144,1.07000000,1
1505914913,21912536,0.07253942,0.50000000,0
1505914621,21912372,0.07253447,5.00000000,0
1505914557,21912349,0.07236792,2.77540104,0
1505914556,21912348,0.07236803,1.61968333,1
1505914075,21912128,0.07253838,0.15179122,0
1505913968,21912103,0.07252268,1.08221317,1
1505913967,21912099,0.07252268,1.10046195,0
1505913742,21912011,0.07236337,0.19325000,1
1505913704,21911998,0.07252431,0.24938135,0
1505913218,21911733,0.07241200,0.25499500,1
1505912905,21911614,0.07257519,0.21584718,0
1505912821,21911560,0.07257643,1.00000000,0
1505912646,21911478,0.07253864,0.25124031,0
1505912516,21911374,0.07240800,2.62917400,1
1505912515,21911372,0.07242000,0.23000000,1
1505912386,21911251,0.07251789,0.14163718,1
1505912382,21911241,0.07251789,1.63434382,0
1505912379,21911237,0.07235115,8.31234888,1
1505912371,21911224,0.07251299,0.14000000,0
1505912289,21911188,0.07235102,0.38399800,1
1505912288,21911187,0.07235101,4.67776000,1
1505912277,21911174,0.07246000,2.21330618,1
1505912277,21911173,0.07246000,1.77434382,1
1505912145,21911105,0.07259985,0.23050000,0
1505911870,21910941,0.07260000,0.22992600,0
1505911810,21910917,0.07260000,0.22992600,0
1505911728,21910872,0.07257300,3.98765000,0
1505911721,21910867,0.07256000,0.46800000,0
1505911619,21910837,0.07240124,1.78697700,1
1505911618,21910835,0.07240120,4.82672871,1
1505911618,21910834,0.07240123,2.15475629,1
1505911595,21910822,0.07258040,0.82460788,0
1505911456,21910686,0.07239802,0.20006717,1
1505911434,21910675,0.07256997,1.33014841,0
1505911429,21910671,0.07238302,4.14811800,1
1505911429,21910670,0.07238303,2.76000000,1
1505911302,21910617,0.07249000,5.79779032,0
1505911124,21910519,0.07242200,1.83055400,1
1505911124,21910518,0.07243003,4.53200000,0
1505911123,21910517,0.07243000,0.46800000,0
1505911123,21910516,0.07242200,0.74428000,1
1505911123,21910515,0.07243000,0.46800000,1
1505911123,21910514,0.07243003,0.29400000,0
1505911087,21910475,0.07243800,0.70529341,1
1505911082,21910442,0.07261386,5.00000000,0
1505911065,21910430,0.07248999,0.27584002,1
1505911060,21910422,0.07248000,0.46770000,0
1505911051,21910403,0.07248999,0.42435159,0
1505911051,21910402,0.07248999,0.11301281,0
1505911018,21910354,0.07236000,0.46770000,1
1505910857,21910071,0.07238101,1.85310200,0
1505910853,21910060,0.07238109,3.16446511,1
1505910818,21909980,0.07238603,1.00099500,1
1505910786,21909945,0.07239906,0.91911200,1
1505910742,21909865,0.07242130,3.06936800,1
1505910421,21909543,0.07251599,0.43664489,0
1505910421,21909542,0.07251599,0.11118400,0
1505910411,21909531,0.07245199,0.60637800,0
1505910411,21909529,0.07245198,0.13688792,0
1505910141,21909356,0.07245500,0.93503259,1
1505910141,21909355,0.07245501,0.13688792,1
1505910135,21909352,0.07245210,1.94517000,0
1505910117,21909335,0.07258897,1.88490235,0
1505910067,21909307,0.07245393,0.97799500,0
1505910032,21909256,0.07253367,1.03699500,0
1505909858,21909159,0.07253900,1.22765000,1
1505909852,21909158,0.07257201,2.76000000,1
1505909844,21909155,0.07262000,0.30844289,1
1505909579,21909048,0.07262000,0.10965469,1
1505909579,21909047,0.07262009,0.03291630,1
1505909576,21909046,0.07262009,0.25436712,1
1505909574,21909040,0.07262009,0.23172735,1
1505909574,21909038,0.07263001,0.02263977,1
1505909407,21908983,0.07263001,2.00068200,1
1505909403,21908979,0.07263001,0.11869400,1
1505909306,21908861,0.07265500,1.37901729,0
1505909306,21908859,0.07265500,2.14206612,0
1505909305,21908853,0.07262001,5.51999700,1
1505909305,21908850,0.07262849,8.19491736,1
1505909303,21908830,0.07265500,0.46656659,0
1505909303,21908829,0.07262855,0.66704496,0
1505909301,21908824,0.07262855,14.10595504,0
1505909301,21908822,0.07262000,0.46620000,0
1505909301,21908821,0.07262000,0.20084496,0
1505908561,21908477,0.07260238,1.00000000,0
1505908250,21908293,0.07260375,0.19219392,0
1505908239,21908250,0.07260375,4.28675914,0
1505908239,21908249,0.07260371,1.52633900,0
1505908239,21908248,0.07260371,1.23366100,0
1505908096,21908192,0.07264297,1.26823800,0
1505908047,21908158,0.07257000,0.37000000,1
1505908046,21908155,0.07257000,0.74770374,1
1505908044,21908151,0.07257000,0.37349580,1
1505908040,21908142,0.07256007,1.04709601,0
1505908040,21908140,0.07256007,2.38575819,0
1505908039,21908138,0.07256004,0.37424181,0
1505908037,21908131,0.07256007,1.77122894,1
1505908037,21908128,0.07257000,0.46620000,1
1505908008,21908105,0.07268882,0.16601700,0
1505907723,21907902,0.07269000,1.85470000,1
1505907722,21907901,0.07268958,2.76000000,0
1505907722,21907900,0.07268000,0.46550000,0
1505907721,21907899,0.07266948,8.22400000,1
1505907591,21907842,0.07264997,3.00000000,0
1505907580,21907831,0.07248200,0.18150000,1
1505907569,21907825,0.07253000,0.46550000,1
1505907470,21907748,0.07261000,0.46500000,0
1505907054,21907615,0.07248867,1.03499500,0
1505907053,21907610,0.07250000,0.46500000,1
1505907045,21907602,0.07248856,0.28976200,1
1505906882,21907505,0.07262393,0.33166788,0
1505906881,21907502,0.07257961,0.00008312,0
1505906799,21907446,0.07257961,0.24813600,0
1505906761,21907396,0.07257961,0.42021849,0
1505906690,21907371,0.07257961,0.50000000,0
1505906671,21907366,0.07257897,0.50000000,0
1505906622,21907351,0.07250700,0.21679593,0
1505906622,21907350,0.07250000,0.29320407,0
1505906606,21907328,0.07248700,3.98758115,0
1505906604,21907323,0.07257961,1.08494000,0
1505906603,21907320,0.07246200,0.00008500,0
1505906603,21907318,0.07246200,1.26291900,0
1505906599,21907314,0.07246200,2.72464600,0
1505906597,21907312,0.07246108,0.21337441,1
1505906597,21907311,0.07246109,0.94056641,1
1505906596,21907309,0.07246109,0.26777892,1
1505906596,21907306,0.07246109,2.56489180,1
1505906595,21907304,0.07246109,0.21441287,1
1505906593,21907303,0.07246120,3.80958606,0
1505906434,21907149,0.07229106,0.74661706,1
1505906434,21907148,0.07229107,0.17538294,1
1505906416,21907106,0.07229105,0.17538309,1
1505906416,21907105,0.07229105,0.75361100,1
1505906411,21907097,0.07229103,0.92899500,1
1505906390,21907074,0.07229008,0.20082800,1
1505906288,21906962,0.07231800,0.26808120,1
1505906287,21906960,0.07231800,3.71956880,1
1505906287,21906959,0.07233000,0.26800000,1
1505906286,21906958,0.07234400,3.47315330,1
1505906286,21906956,0.07234400,0.26784915,1
1505906286,21906954,0.07234401,0.00007564,1
1505906285,21906948,0.07234401,0.79014144,1
1505906133,21906871,0.07234400,6.25899755,1
1505906133,21906870,0.07234403,1.57492145,1
1505906112,21906864,0.07234401,0.77455876,1
1505906079,21906847,0.07234301,0.77448519,1
1505906068,21906817,0.07251997,0.62040300,1
1505906046,21906807,0.07235082,0.57045264,1
1505906046,21906806,0.07235083,0.20395898,1
1505905999,21906787,0.07235001,0.77439991,1
1505905970,21906779,0.07250886,0.61914600,0
1505905942,21906750,0.07249000,3.00000000,0
1505905815,21906699,0.07240001,0.15200000,1
1505905815,21906698,0.07240001,7.24348511,1
1505905815,21906697,0.07240004,5.58350889,1
1505905534,21906538,0.07257936,2.76000000,0
1505905533,21906537,0.07257933,2.25337200,0
1505905481,21906521,0.07257957,3.18428900,0
1505905477,21906516,0.07257961,0.54662239,0
1505905476,21906515,0.07257961,0.38429461,0
1505905211,21906390,0.07257961,0.14584789,0
1505905202,21906300,0.07257968,0.33000000,0
1505905010,21906215,0.07253595,0.30944821,0
1505904931,21906193,0.07253500,0.37767100,0
1505903868,21905646,0.07240100,2.28934700,0
1505903859,21905642,0.07236199,2.22428595,0
1505903859,21905641,0.07236199,2.34901946,0
1505903824,21905620,0.07227012,2.34912705,1
1505903822,21905616,0.07227011,11.57746574,0
1505903818,21905605,0.07227010,1.10906168,1
1505903310,21905381,0.07235000,2.75993090,1
1505903017,21905198,0.07236001,7.00053500,1
1505902901,21905117,0.07241001,0.10000000,1
1505902896,21905114,0.07239600,1.95690198,1
1505902895,21905113,0.07240008,14.46398602,1
1505902701,21904974,0.07251994,13.39211000,0
1505902680,21904936,0.07251998,12.92614658,0
1505902680,21904935,0.07251997,0.27417367,0
1505902430,21904640,0.07257996,0.14806331,0
1505902429,21904639,0.07257996,0.32575090,0
1505902416,21904621,0.07257999,0.20615310,0
1505902399,21904613,0.07251995,0.75382554,0
1505902387,21904604,0.07251995,1.04800127,0
1505902373,21904589,0.07251995,0.98382000,0
1505902337,21904539,0.07251995,8.18980409,0
1505902335,21904533,0.07251995,9.24078366,0
1505902324,21904508,0.07251995,1.05093300,0
1505902322,21904498,0.07251995,1.05056100,0
1505902316,21904485,0.07251995,1.65220384,0
1505902313,21904473,0.07251991,0.93306247,0
1505902311,21904462,0.07251998,17.68232522,1
1505902311,21904459,0.07251992,12.55264478,0
1505902309,21904441,0.07251998,0.35459361,0
1505902298,21904363,0.07253499,0.35427928,0
1505902282,21904313,0.07244089,0.62128296,1
1505902282,21904312,0.07244400,3.36636704,1
1505902281,21904308,0.07244092,0.50189298,0
1505902281,21904304,0.07244088,0.00000500,0
1505902281,21904301,0.07244088,2.75999500,0
1505902280,21904297,0.07244085,0.50188700,0
1505902271,21904269,0.07224412,0.31659199,1
1505902201,21904216,0.07240600,0.96189708,0
1505901782,21904124,0.07222601,1.94979865,1
1505901733,21904075,0.07226100,3.98765000,1
1505901733,21904074,0.07227011,2.76000000,1
1505901561,21903908,0.07234600,0.40096300,1
1505901551,21903898,0.07235800,3.98765000,1
1505901431,21903839,0.07248300,0.70585487,0
1505901431,21903838,0.07248299,0.96119913,0
1505901367,21903795,0.07233002,0.81255800,1
1505901127,21903633,0.07239200,1.36646961,0
1505901070,21903605,0.07239200,11.90400000,0
1505901055,21903597,0.07239200,1.45911700,0
1505901030,21903588,0.07239199,0.50983168,0
1505901026,21903584,0.07239200,7.70839700,0
1505900984,21903527,0.07239200,6.83542017,0
1505900981,21903520,0.07239200,15.20536184,0
1505900980,21903519,0.07239200,3.98765000,1
1505900980,21903518,0.07239201,2.28667662,1
1505900951,21903502,0.07252877,3.44683909,1
1505900819,21903433,0.07247800,3.03959822,0
1505900719,21903309,0.07233501,2.27665700,1
1505900597,21903222,0.07242610,3.98764500,1
1505900585,21903218,0.07242618,6.31795900,1
1505900345,21903069,0.07255000,7.24000000,1
1505900344,21903068,0.07254989,2.76000000,0
1505900294,21903011,0.07248700,3.98764500,0
1505900252,21902985,0.07243076,0.48741324,0
1505900152,21902951,0.07236300,3.13893507,0
1505900150,21902950,0.07236300,0.84871493,0
1505900134,21902926,0.07220034,11.07766430,0
1505900133,21902924,0.07220034,13.92233570,1
1505899946,21902843,0.07237378,1.58273100,0
1505899929,21902841,0.07237372,4.50674200,0
1505899028,21902340,0.07240898,0.33077700,0
1505899017,21902339,0.07240898,0.10032593,0
1505899017,21902338,0.07240897,0.07092507,0
1505899007,21902335,0.07240897,0.13770693,0
1505898866,21902208,0.07254773,0.31883755,0
1505898863,21902197,0.07254774,0.98287686,0
1505898861,21902193,0.07254775,0.66405268,0
1505898859,21902192,0.07254778,2.56571000,0
1505898830,21902165,0.07255057,8.35336700,0
1505898829,21902163,0.07255058,5.77057600,0
1505898693,21902010,0.07237248,0.97877500,1
1505898631,21901963,0.07255255,1.37487407,0
1505898573,21901945,0.07237063,0.92910500,1
1505897846,21901239,0.07249531,0.96557850,0
1505897462,21900907,0.07239800,3.98765000,1
1505896981,21900615,0.07263993,1.00000000,0
1505896216,21900292,0.07230032,1.44865900,1
1505896213,21900288,0.07230035,2.75000000,1
1505896175,21900226,0.07230023,2.58947700,1
1505896164,21900221,0.07230020,1.39560000,1
1505896158,21900217,0.07230020,1.24138500,1
1505896153,21900209,0.07230023,2.00104800,1
1505896097,21900163,0.07243900,0.65635000,0
1505896093,21900160,0.07243900,2.39438156,0
1505896091,21900154,0.07243900,0.07546906,0
1505896091,21900152,0.07235000,0.23379100,0
1505895965,21900068,0.07251000,0.20299100,0
1505895857,21900011,0.07246005,0.79832302,1
1505895834,21900005,0.07250000,0.43678200,1
1505895797,21899999,0.07245001,0.12326000,1
1505895794,21899997,0.07260200,0.00009736,0
1505895789,21899988,0.07257000,0.46500000,0
1505895786,21899977,0.07244422,0.77652450,1
1505895786,21899976,0.07244423,0.14647050,1
1505895549,21899831,0.07243700,0.00038400,0
1505895548,21899829,0.07252000,0.54810100,1
1505895547,21899828,0.07252000,0.35189900,1
1505895370,21899762,0.07241005,0.19382256,1
1505895360,21899757,0.07241003,1.40377100,1
1505895360,21899756,0.07242000,0.46500000,1
1505895240,21899602,0.07243004,0.14375400,1
1505895189,21899581,0.07252499,0.38635179,0
1505895039,21899548,0.07237004,1.47160000,1
1505895013,21899540,0.07247000,2.95544503,0
1505894933,21899490,0.07249000,1.10000000,1
1505894763,21899443,0.07247094,0.23540000,0
1505894762,21899442,0.07247000,0.26460000,1
1505894728,21899430,0.07247000,0.20000000,0
1505894681,21899402,0.07232000,0.46460000,1
1505894591,21899364,0.07245997,0.14579967,0
1505894573,21899363,0.07230100,2.17161463,1
1505894573,21899362,0.07235002,0.90881837,1
1505894567,21899358,0.07235001,1.01053700,1
1505894553,21899346,0.07235593,0.53895147,1
1505894553,21899345,0.07236024,0.92736753,1
1505894543,21899340,0.07236035,0.35924500,1
1505894519,21899266,0.07236024,0.00003999,1
1505894519,21899265,0.07236025,3.38000001,1
1505894494,21899253,0.07235659,2.34631971,1
1505894447,21899232,0.07237009,0.00005198,0
1505894446,21899231,0.07237009,0.76487729,0
1505894446,21899230,0.07237008,0.27399445,0
1505894437,21899221,0.07251742,5.38009000,0
1505894429,21899215,0.07251746,0.33848100,0
1505894429,21899214,0.07251743,4.97115700,0
1505894388,21899167,0.07251787,1.37759000,0
1505894217,21899084,0.07237016,6.34874700,1
1505894125,21899029,0.07250788,3.56390845,0
1505894032,21898980,0.07248900,3.98765000,0
1505893982,21898931,0.07235400,0.50000000,0
1505893981,21898930,0.07235400,1.03974214,0
1505893981,21898929,0.07235399,0.19385786,0
1505893978,21898927,0.07235399,2.55614214,0
1505893978,21898926,0.07235397,0.19577786,0
1505893887,21898883,0.07221218,0.19577786,1
1505893768,21898849,0.07237979,0.10000000,0
1505893766,21898845,0.07220817,0.94899500,0
1505893766,21898844,0.07220817,0.10000000,0
1505893708,21898800,0.07237000,0.26817993,0
1505893666,21898767,0.07240800,1.62309073,0
1505893640,21898734,0.07234800,1.88268333,1
1505893640,21898733,0.07234801,0.38945767,1
1505893546,21898692,0.07252999,0.07899738,0
1505893454,21898664,0.07252999,2.84000000,0
1505893406,21898642,0.07252999,0.67493100,0
1505893284,21898546,0.07252999,0.38924300,0
1505893283,21898545,0.07252000,0.46340000,0
1505893274,21898543,0.07253999,2.63654074,0
1505893260,21898539,0.07254896,1.13072700,0
1505893259,21898538,0.07254896,2.75000000,0
1505893256,21898537,0.07254897,6.09182600,0
1505892752,21898214,0.07250400,0.00008751,1
1505892751,21898210,0.07250400,3.98755849,1
1505892750,21898205,0.07250000,0.00000400,0
1505892748,21898196,0.07250000,0.29300000,1
1505892748,21898194,0.07251100,0.47472600,1
1505892745,21898187,0.07251100,3.51292400,1
1505892745,21898185,0.07252000,0.46340000,1
1505892541,21898114,0.07267775,0.20000000,0
1505892476,21898090,0.07267801,3.04291845,1
1505892476,21898088,0.07267797,0.35842055,0
1505892476,21898087,0.07267797,3.04292400,0
1505892362,21898023,0.07253100,0.85799315,1
1505892302,21897986,0.07269997,1.00000000,0
1505892198,21897939,0.07272033,9.84326943,1
1505892198,21897938,0.07272032,1.14240074,0
1505892192,21897932,0.07255011,1.23476700,0
1505892128,21897899,0.07255003,0.49000000,1
1505892070,21897863,0.07256125,1.74278400,1
1505892069,21897862,0.07256125,0.12233000,0
1505891784,21897642,0.07269236,0.95986332,0
1505891756,21897630,0.07252211,0.10000000,1
1505891467,21897423,0.07265400,0.98852699,0
1505891404,21897390,0.07248501,0.22455129,1
1505891351,21897372,0.07264977,0.22511413,0
1505891350,21897367,0.07264978,0.22511410,0
1505891035,21897202,0.07259400,0.55979300,0
1505891010,21897169,0.07241004,0.10000000,1
1505891009,21897168,0.07255000,0.55191700,0
1505890999,21897155,0.07255100,3.98765000,0
1505890973,21897103,0.07234035,3.99238187,1
1505890973,21897102,0.07250000,0.00009813,1
1505890973,21897101,0.07250000,3.98755187,1
1505890969,21897095,0.07250800,3.98765000,1
1505890865,21896955,0.07257009,0.12530000,1
1505890851,21896949,0.07272491,0.27432306,0
1505890652,21896748,0.07264700,3.98765000,1
1505890652,21896746,0.07274000,0.04081073,1
1505890605,21896683,0.07274745,0.08680497,0
1505890600,21896680,0.07274000,0.32004900,1
1505890576,21896648,0.07261312,0.33227629,1
1505890544,21896621,0.07265401,0.96677910,1
1505890513,21896602,0.07270400,1.19495963,1
1505890513,21896601,0.07274812,2.79269037,1
1505890506,21896584,0.07275138,1.19494963,1
1505890506,21896583,0.07275138,0.68715037,1
1505890505,21896578,0.07275138,2.97559600,1
1505890474,21896573,0.07275138,0.27439900,1
1505890418,21896541,0.07275112,4.98500000,0
1505890366,21896521,0.07280000,0.00000500,0
1505890361,21896512,0.07280000,0.49999500,0
1505890345,21896495,0.07265003,0.25012000,1
1505890309,21896471,0.07279000,2.80131100,0
1505890297,21896459,0.07277500,3.98764986,0
1505890297,21896458,0.07275994,1.13666014,0
1505890278,21896430,0.07273200,0.82625500,0
1505890270,21896419,0.07273200,3.16139500,0
1505890266,21896417,0.07263800,3.57470600,0
1505890265,21896403,0.07263800,0.41293813,0
1505890259,21896391,0.07262899,4.11660477,0
1505890241,21896380,0.07261299,1.71000000,0
1505890240,21896379,0.07261299,1.13666000,0
1505890239,21896377,0.07261299,0.10099000,0
1505890239,21896376,0.07261295,2.75000000,0
1505890237,21896375,0.07261299,2.85099000,0
1505890236,21896373,0.07261299,0.61182746,0
1505890236,21896372,0.07261296,9.91524454,0
1505890234,21896368,0.07261299,1.04533865,0
1505890222,21896363,0.07260896,4.54874100,0
1505890161,21896334,0.07256862,0.80867817,1
1505890161,21896333,0.07255000,0.14965670,0
1505890156,21896321,0.07253000,0.31341513,0
1505890129,21896301,0.07254999,0.52417928,0
1505890129,21896300,0.07254999,0.30397666,0
1505890079,21896278,0.07246451,1.59570200,1
1505889933,21896151,0.07263481,1.00603000,0
1505889893,21896096,0.07260796,0.58953098,0
1505889856,21896029,0.07246300,3.98765000,1
1505889820,21895984,0.07254000,0.46307183,1
1505889818,21895976,0.07253003,9.24271864,1
1505889651,21895904,0.07267085,0.41274600,1
1505889618,21895874,0.07251003,4.14264800,1
1505889571,21895826,0.07264391,2.98917212,0
1505889566,21895821,0.07254403,2.28739586,0
1505889566,21895820,0.07253000,0.46260414,0
1505889558,21895811,0.07254403,3.98765000,1
1505889552,21895794,0.07260027,13.56329000,1
1505889540,21895774,0.07260000,0.46260414,1
1505889536,21895772,0.07259072,1.47702100,1
1505889511,21895746,0.07259072,13.77582880,1
1505889508,21895740,0.07259072,9.74715001,1
1505889507,21895736,0.07259059,17.80478600,1
1505889496,21895728,0.07259059,7.19521400,1
1505889466,21895709,0.07259043,2.54068900,1
1505889465,21895708,0.07259043,0.41887800,1
1505889375,21895596,0.07259013,0.71931000,1
1505889320,21895525,0.07257043,5.15500000,1
1505889312,21895518,0.07257043,0.10505000,1
1505889311,21895516,0.07257043,3.64872800,1
1505889306,21895507,0.07257043,0.10493000,1
1505889291,21895487,0.07257029,0.34999500,1
1505889185,21895398,0.07249013,0.89994400,1
1505889158,21895379,0.07247700,2.25001034,0
1505888456,21894981,0.07218089,0.71374300,1
1505888449,21894969,0.07218045,2.73763200,0
1505888448,21894967,0.07218048,0.08000000,1
1505888367,21894891,0.07229600,0.88975800,0
1505888367,21894890,0.07229599,0.11394400,0
1505888335,21894851,0.07225030,0.18105600,0
1505888335,21894850,0.07225030,2.41644800,0
1505888335,21894849,0.07225030,1.68514600,0
1505888325,21894840,0.07225024,14.46398602,0
1505888311,21894827,0.07225039,0.49693052,1
1505888310,21894825,0.07225039,2.75000000,1
1505888223,21894800,0.07223699,0.33355200,1
1505888190,21894796,0.07221500,2.24278734,0
1505888183,21894792,0.07218399,0.86562700,0
1505888083,21894729,0.07202900,0.35505144,1
1505888076,21894718,0.07218099,0.27282448,0
1505888075,21894717,0.07218099,1.29258542,0
1505888068,21894716,0.07218099,1.45741458,0
1505888039,21894680,0.07210007,0.08902000,1
1505888037,21894676,0.07223582,1.00000000,0
1505888030,21894669,0.07210004,3.43899000,1
1505888020,21894660,0.07210001,0.27734490,1
1505888018,21894656,0.07210000,0.29500000,1
1505888010,21894645,0.07215800,3.98765000,1
1505888005,21894641,0.07219002,2.75000000,1
1505887990,21894630,0.07220001,1.23431800,1
1505887910,21894602,0.07223001,1.69604700,1
1505887818,21894577,0.07230232,3.15943200,1
1505887805,21894574,0.07209036,36.54836398,0
1505887804,21894573,0.07230200,3.98765000,1
1505887802,21894571,0.07230235,14.46398602,1
1505887730,21894552,0.07245697,0.10407750,0
1505887695,21894524,0.07241700,3.98764500,0
1505887687,21894516,0.07240300,0.82821300,0
1505887687,21894515,0.07240300,3.15943700,0
1505887687,21894514,0.07240287,0.10935000,0
1505887650,21894463,0.07238400,3.98760051,0
1505887646,21894453,0.07237600,3.98764500,0
1505887581,21894417,0.07233287,8.98756500,0
1505887581,21894416,0.07232000,0.10934700,0
1505887577,21894409,0.07233287,3.48379173,0
1505887576,21894408,0.07233284,4.49934444,0
1505887575,21894405,0.07233287,3.98760104,0
1505887567,21894402,0.07232000,0.35555300,0
1505887496,21894371,0.07228100,3.98765000,1
1505887496,21894370,0.07229000,0.46490000,1
1505887488,21894368,0.07234662,0.00000017,1
1505887021,21894176,0.07234662,0.87642950,1
1505887021,21894175,0.07234663,0.19966550,1
1505886901,21894112,0.07244590,2.51486000,0
1505886841,21894096,0.07244603,2.25000000,1
1505886841,21894095,0.07244603,2.75000000,0
1505886789,21894079,0.07244625,1.90362538,0
1505886645,21894042,0.07231996,1.98569800,0
1505886591,21894032,0.07228300,1.06196000,0
1505886591,21894031,0.07228000,0.29400000,0
1505886582,21894027,0.07227991,0.92211500,0
1505886547,21894000,0.07227966,0.09210000,0
1505886507,21893967,0.07227981,0.55788000,1
1505886450,21893887,0.07227875,1.06566936,0
1505886422,21893863,0.07227497,0.75445800,0
1505885974,21893585,0.07225999,0.13458074,0
1505885973,21893584,0.07225000,0.41698126,0
1505885942,21893560,0.07222000,0.04861874,0
1505885941,21893559,0.07221999,0.98832302,0
1505885941,21893558,0.07221999,2.45607024,0
1505885931,21893538,0.07219999,0.29400000,0
1505885931,21893537,0.07219999,0.60600000,0
1505885896,21893506,0.07207309,5.27217400,1
1505885882,21893495,0.07207307,5.71701400,1
1505885878,21893491,0.07207307,2.75000000,1
1505885878,21893490,0.07207307,4.57929800,1
1505885874,21893478,0.07207305,10.96197000,1
1505885865,21893464,0.07207301,0.12509291,1
1505885865,21893462,0.07207302,0.98899509,1
1505885865,21893461,0.07211000,0.29400000,1
1505885865,21893460,0.07212000,0.60600000,1
1505885862,21893457,0.07212000,0.29400000,1
1505885855,21893448,0.07212400,2.99932698,1
1505885854,21893446,0.07212400,0.98832302,1
1505885847,21893436,0.07213001,0.29400000,1
1505885847,21893434,0.07213001,2.01240700,1
1505885828,21893380,0.07232200,1.11606200,0
1505885828,21893379,0.07222200,0.84851000,0
1505885826,21893373,0.07221000,0.29392976,0
1505885825,21893370,0.07212200,0.65815603,1
1505885822,21893360,0.07204000,0.65815603,1
1505885822,21893357,0.07204000,0.65862100,1
1505885817,21893338,0.07222200,3.98765000,1
1505885816,21893335,0.07224034,1.27000500,1
1505885816,21893334,0.07224034,1.47999500,1
1505885789,21893280,0.07232000,0.29392976,1
1505885785,21893265,0.07235000,0.46560000,1
1505885590,21893133,0.07242797,0.46390020,0
1505885588,21893131,0.07240000,0.06399300,0
1505885409,21893068,0.07240000,0.43600700,0
1505885362,21893049,0.07239997,0.30631065,1
1505885357,21893043,0.07239997,1.73734000,1
1505885342,21893025,0.07235300,3.98765000,0
1505885011,21892894,0.07227700,3.15532435,0
1505884972,21892886,0.07216800,3.98764954,0
1505884971,21892885,0.07220026,8.60496446,1
1505884869,21892840,0.07228000,2.05829057,0
1505884869,21892839,0.07228000,0.69170943,0
1505884864,21892831,0.07228000,2.05829057,0
1505884864,21892830,0.07227999,0.69170943,0
1505884857,21892824,0.07228285,0.65337823,0
1505884857,21892823,0.07228000,0.46580000,0
1505884621,21892753,0.07237984,2.13333000,0
1505884603,21892746,0.07224703,4.98500000,1
1505884597,21892745,0.07226000,0.46580000,1
1505884597,21892744,0.07232000,0.00000010,1
1505884537,21892731,0.07232000,1.17180100,1
1505884531,21892728,0.07232000,0.46520000,0
1505884531,21892727,0.07231000,0.29400000,0
1505883955,21892481,0.07233211,3.00728400,1
1505883955,21892480,0.07234000,0.46520000,1
1505883853,21892438,0.07253382,1.83100112,0
1505883838,21892419,0.07253438,0.52060000,0
1505883829,21892410,0.07253452,3.58455615,0
1505883828,21892406,0.07253465,1.45031017,0
1505883816,21892391,0.07248000,0.09011611,0
1505883815,21892389,0.07248000,0.22995190,0
1505883812,21892383,0.07248000,0.14423199,0
1505883805,21892372,0.07239205,1.38375700,0
1505883805,21892371,0.07239205,0.06662073,0
1505883804,21892361,0.07240000,0.46425727,1
1505883803,21892356,0.07239701,0.00004273,0
1505883800,21892348,0.07239701,1.99995727,0
1505883793,21892346,0.07239700,3.45677100,1
1505883792,21892341,0.07239705,0.55981428,1
1505883123,21892022,0.07254937,2.41291398,1
1505883121,21892021,0.07254937,14.46398602,0
1505882897,21891914,0.07249700,1.00499549,0
1505882896,21891912,0.07249000,0.46382451,0
1505882773,21891796,0.07240900,3.98764993,1
1505882772,21891795,0.07243309,2.75000000,1
1505882772,21891794,0.07243312,5.79227307,1
1505882732,21891757,0.07247023,2.75000000,1
1505882608,21891662,0.07248000,0.46382451,1
1505882543,21891617,0.07251021,1.95173648,1
1505882543,21891616,0.07251021,2.40624900,1
1505882542,21891615,0.07251022,0.09356395,1
1505882526,21891604,0.07251017,10.01353400,1
1505882524,21891602,0.07251017,15.81630400,1
1505882521,21891600,0.07251017,7.20155000,1
1505882444,21891549,0.07264135,1.84468805,0
1505882386,21891499,0.07249021,1.58140100,1
1505882378,21891480,0.07249016,1.58140100,1
1505882348,21891461,0.07263680,2.24960219,0
1505882335,21891448,0.07263699,3.98764500,0
1505882323,21891428,0.07260100,3.98760684,0
1505882318,21891419,0.07265974,2.65784584,0
1505882318,21891418,0.07259400,3.98765000,0
1505882208,21891341,0.07246200,3.98765000,1
1505882161,21891312,0.07263580,0.30000000,0
1505882043,21891234,0.07261400,0.70796746,0
1505882036,21891224,0.07261597,0.25500000,0
1505882012,21891219,0.07254100,3.98765000,0
1505881793,21890973,0.07240019,1.54383730,1
1505881793,21890972,0.07240020,0.37276170,1
1505881712,21890908,0.07241003,2.00000000,1
1505881621,21890838,0.07254399,16.00820000,0
1505881614,21890829,0.07239625,9.09000000,1
1505881571,21890784,0.07241101,38.52696200,1
1505881568,21890778,0.07241101,0.10000000,1
1505881566,21890774,0.07241101,0.10000000,1
1505881564,21890770,0.07241104,0.10000000,1
1505881552,21890744,0.07251084,1.68604000,1
1505881551,21890742,0.07251087,4.26732460,0
1505881551,21890740,0.07251084,2.10000000,1
1505881549,21890735,0.07251084,16.17500000,1
1505881547,21890728,0.07251080,1.87265973,0
1505881546,21890724,0.07251084,1.82693000,0
1505881546,21890723,0.07251081,1.87270400,0
1505881489,21890655,0.07240600,0.80597900,1
1505881485,21890653,0.07240600,1.12000000,1
1505881481,21890650,0.07240604,1.87270400,0
1505881447,21890622,0.07259399,7.05583673,0
1505881443,21890603,0.07259399,6.34900843,0
1505881443,21890602,0.07259396,1.63677457,0
1505881429,21890565,0.07257297,3.98759127,0
1505881420,21890549,0.07240600,0.10000000,1
1505881419,21890541,0.07240600,0.05577400,1
1505881418,21890539,0.07245001,0.04422600,1
1505881416,21890538,0.07245005,0.10000000,1
1505881414,21890534,0.07245004,0.10000000,1
1505881413,21890529,0.07245004,0.10000000,1
1505881411,21890526,0.07245004,0.10000000,1
1505881409,21890516,0.07245001,0.10000000,1
1505881407,21890512,0.07245003,0.10000000,1
1505881361,21890428,0.07256468,2.75000000,1
1505881360,21890427,0.07256472,0.36929819,0
1505881360,21890426,0.07256468,2.75000000,0
1505881355,21890404,0.07256466,0.45997482,0
1505881353,21890396,0.07256472,5.98433500,0
1505881353,21890395,0.07256472,25.18322201,0
1505881353,21890393,0.07254355,0.14423199,0
1505881256,21890239,0.07254497,0.49996410,1
1505881243,21890214,0.07254497,1.00000000,0
1505881122,21890100,0.07251297,3.01565934,0
1505881062,21890000,0.07246900,0.14423199,0
1505880969,21889955,0.07234485,10.00000000,1
1505880965,21889948,0.07234482,0.39224006,0
1505880965,21889947,0.07234482,1.12775994,0
1505880960,21889943,0.07221750,2.16776944,1
1505880960,21889942,0.07238100,3.27004206,1
1505880960,21889941,0.07238101,0.39218850,1
1505880951,21889922,0.07238100,0.71760794,1
1505880950,21889920,0.07237045,3.26235000,1
1505880949,21889918,0.07237800,3.98765000,1
1505880949,21889917,0.07237812,2.75000000,1
1505880927,21889879,0.07255597,0.29213305,0
1505880894,21889850,0.07240600,1.08970861,1
1505880894,21889849,0.07242000,0.13806228,1
1505880797,21889705,0.07254718,3.45263975,0
1505880797,21889704,0.07254718,2.75000000,0
1505880748,21889626,0.07242008,10.00000000,1
1505880744,21889618,0.07254725,0.37572754,0
1505880708,21889554,0.07254731,2.74999479,0
1505880708,21889551,0.07254731,1.72319353,0
1505880682,21889515,0.07254737,2.46484701,0
1505880682,21889514,0.07253314,0.00000599,0
1505880682,21889512,0.07253314,0.14422600,0
1505880677,21889501,0.07253313,1.50812200,0
1505880555,21889352,0.07242009,0.61959200,1
1505880554,21889351,0.07242009,1.07000000,1
1505880545,21889332,0.07242005,1.88299800,1
1505880535,21889322,0.07242005,0.92577400,1
1505880535,21889321,0.07242009,0.14422600,1
1505880533,21889320,0.07242005,0.11392100,1
1505880521,21889313,0.07257992,3.44339385,0
1505880496,21889288,0.07258000,0.40000000,0
1505880479,21889275,0.07258006,1.77091921,0
1505880302,21889184,0.07258073,4.88052729,1
1505880301,21889183,0.07258073,5.11947271,0
1505880136,21889030,0.07259992,0.44098000,0
1505880131,21889027,0.07260000,0.87120819,1
1505880131,21889025,0.07260000,0.45349463,1
1505880130,21889024,0.07260001,0.87120837,1
1505880075,21888951,0.07261379,4.59783600,0
1505879581,21888827,0.07258924,0.67130200,0
1505878923,21888505,0.07262915,0.05858555,1
1505878921,21888503,0.07255000,0.14141445,0
1505878718,21888462,0.07238998,0.64960824,1
1505878679,21888448,0.07245000,0.14410701,0
1505878550,21888432,0.07246000,0.28552146,1
1505877964,21888316,0.07261385,0.40020900,0
1505877961,21888315,0.07261382,5.00000000,0
1505877782,21888281,0.07261570,0.33770000,0
1505877640,21888257,0.07257400,3.00964257,0
1505877539,21888232,0.07242006,0.79678200,1
1505877415,21888181,0.07255000,0.79789900,0
1505877296,21888176,0.07239109,0.20000000,1
1505877117,21888143,0.07252300,2.77000000,0
1505876990,21888088,0.07239200,0.16000000,1
1505876490,21887967,0.07250787,0.58043396,1
1505876378,21887912,0.07258000,0.51622500,0
1505876376,21887911,0.07250764,4.11711154,1
1505876376,21887910,0.07250764,1.07663550,1
1505876376,21887909,0.07250767,4.11719146,1
1505876376,21887908,0.07258000,1.15924500,1
1505876210,21887836,0.07258000,0.49075500,1
1505876124,21887825,0.07242003,0.10687000,1
1505876029,21887811,0.07252000,22.00000000,1
1505875923,21887751,0.07258697,3.00000000,0
1505875900,21887720,0.07253500,2.92030000,0
1505875900,21887718,0.07253000,0.46270000,0
1505875860,21887687,0.07238000,2.03730000,0
1505875859,21887683,0.07238000,0.46270000,1
1505875699,21887610,0.07248700,3.98765000,1
1505875699,21887609,0.07255000,23.13275230,1
1505875692,21887607,0.07255000,0.10555300,1
1505875631,21887590,0.07255000,2.77000000,1
1505875626,21887586,0.07255000,4.95800000,1
1505875625,21887585,0.07255000,1.50200000,1
1505875619,21887584,0.07265983,16.62770488,0
1505875491,21887551,0.07255000,11.61494142,1
1505875459,21887541,0.07255000,0.91675328,1
1505875395,21887528,0.07250006,14.15513422,1
1505875223,21887503,0.07250000,0.54068000,1
1505875100,21887467,0.07244512,0.99399900,1
1505875063,21887454,0.07262380,0.64334012,0
1505875031,21887446,0.07262406,0.64327900,0
1505874918,21887425,0.07262472,1.62382808,0
1505874479,21887355,0.07258372,1.07573000,0
1505873935,21887232,0.07251500,0.44634400,0
1505873909,21887220,0.07236503,7.78399500,1
1505873849,21887181,0.07249499,2.31125300,0
1505873849,21887180,0.07248296,0.16666600,0
1505873784,21887134,0.07245200,3.98765000,0
1505873747,21887110,0.07233400,2.11811500,1
1505873727,21887100,0.07237100,0.22992700,0
1505873674,21887078,0.07255500,0.68731123,0
1505873642,21887065,0.07246001,2.77000000,1
1505873610,21887051,0.07246000,3.98765000,1
1505873604,21887047,0.07246600,3.98765000,1
1505873249,21886866,0.07257913,0.13264632,0
1505873233,21886859,0.07241341,0.22528900,1
1505873146,21886831,0.07257992,0.92089718,0
1505873146,21886830,0.07257000,0.13750500,0
1505873143,21886827,0.07242413,1.78309980,0
1505873143,21886826,0.07242413,1.45302100,0
1505873142,21886825,0.07242413,0.44993060,0
1505873140,21886824,0.07241001,2.07723900,1
1505873129,21886809,0.07242419,5.21931700,0
1505873073,21886768,0.07247901,1.50812200,0
1505873067,21886766,0.07247700,1.83098558,1
1505873067,21886765,0.07249000,0.00010456,1
1505873066,21886762,0.07249000,0.29389544,1
1505873040,21886738,0.07258409,0.32953500,0
1505872997,21886717,0.07261400,0.25499500,1
1505872992,21886707,0.07260700,0.58638000,1
1505872991,21886706,0.07266000,0.13750000,1
1505872965,21886697,0.07264100,2.16458400,1
1505872875,21886649,0.07277400,3.98764500,0
1505872857,21886616,0.07274000,0.46139500,0
1505872829,21886595,0.07273700,0.23000000,0
1505872765,21886490,0.07257800,0.25467538,1
1505872751,21886480,0.07259700,1.09400000,1
1505872680,21886420,0.07271300,3.98765000,0
1505872680,21886419,0.07266999,0.33678635,0
1505872668,21886414,0.07265997,2.77000000,0
1505872530,21886346,0.07252899,0.00093656,1
1505872530,21886345,0.07252900,0.25496642,1
1505872436,21886282,0.07252831,0.01860000,1
1505872436,21886281,0.07255000,0.46140000,1
1505872369,21886269,0.07255054,0.13960289,1
1505871815,21886107,0.07262472,0.16922871,0
1505871815,21886106,0.07262471,8.59712276,0
1505871601,21886043,0.07260199,0.32663359,0
1505871601,21886042,0.07260199,0.67336641,0
1505871541,21886040,0.07255100,0.90000000,0
1505871538,21886039,0.07255100,0.62604004,0
1505871538,21886038,0.07253000,0.29400000,0
1505871538,21886037,0.07252999,0.26463964,0
1505871538,21886036,0.07252999,0.22509532,0
1505871475,21886032,0.07251675,1.19368100,0
1505871461,21886025,0.07247495,4.84628150,0
1505871461,21886024,0.07247492,3.73008189,0
1505871442,21886020,0.07249484,5.40642600,0
1505871439,21886015,0.07230411,4.22991228,1
1505871289,21885971,0.07244252,0.86429749,0
1505871078,21885914,0.07228403,1.36565435,1
1505871003,21885879,0.07243799,0.80000000,1
1505870724,21885823,0.07227901,0.75273583,1
1505870723,21885819,0.07227901,0.91312817,1
1505870719,21885803,0.07227903,1.66724706,1
1505870701,21885774,0.07245754,1.00000000,0
1505870581,21885736,0.07243188,0.20000000,0
1505870451,21885675,0.07229800,1.06019523,1
1505870221,21885622,0.07247232,1.00000000,0
1505870160,21885611,0.07245560,0.68835687,0
1505869381,21885440,0.07237382,0.23000000,0
1505869381,21885439,0.07237382,2.77000000,0
1505869025,21885359,0.07237397,0.16075236,0
1505868880,21885343,0.07237421,1.07680000,0
1505868818,21885322,0.07237463,0.08283000,0
1505868771,21885313,0.07237467,0.34409430,0
1505868703,21885296,0.07229000,0.33931586,0
1505868654,21885290,0.07234000,0.12348414,0
1505868141,21885201,0.07241652,1.23684735,0
1505867830,21885126,0.07231371,0.22997300,1
1505867823,21885122,0.07231363,0.22991821,1
1505867790,21885114,0.07231344,0.29976296,1
1505867627,21885087,0.07231125,0.51790755,1
1505867588,21885078,0.07235641,0.58016186,0
1505867587,21885077,0.07237000,0.46280000,1
1505867539,21885057,0.07249594,3.98765000,0
1505867521,21885055,0.07246297,1.50000000,0
1505867354,21885035,0.07235629,22.50446876,0
1505867354,21885034,0.07235632,2.09600924,1
1505867282,21885023,0.07252892,1.44417155,1
1505867281,21885022,0.07252892,0.25582845,0
1505867274,21885017,0.07236800,3.27043300,1
1505867266,21885015,0.07237400,3.98765000,1
1505866963,21884946,0.07252796,0.50744269,0
1505866936,21884934,0.07234901,0.58177143,1
1505866935,21884933,0.07236000,0.29400000,1
1505866848,21884909,0.07247197,0.14439500,0
1505866844,21884908,0.07243300,1.99644500,0
1505866837,21884907,0.07243300,1.73727444,0
1505866741,21884875,0.07226303,0.97110847,1
1505866719,21884870,0.07229013,9.00749213,1
1505866718,21884869,0.07229014,0.99678511,1
1505866711,21884863,0.07229011,0.97110847,1
1505866641,21884845,0.07229911,0.97116771,1
1505866507,21884818,0.07234002,0.25582845,1
1505866464,21884812,0.07247300,2.78074400,0
1505866339,21884768,0.07231011,0.52207477,1
1505866321,21884760,0.07246783,1.80000000,0
1505866284,21884748,0.07241000,0.19000000,1
1505866284,21884747,0.07241000,0.27000000,1
1505866284,21884745,0.07241000,0.19000000,1
1505866284,21884744,0.07241000,2.12024100,1
1505866283,21884741,0.07241001,0.19332162,0
1505866272,21884727,0.07241000,0.19358000,1
1505866268,21884721,0.07241000,0.26264500,1
1505866263,21884712,0.07241000,0.19353400,1
1505866196,21884689,0.07243900,2.07945400,1
1505866194,21884688,0.07243900,1.90819591,1
1505866194,21884687,0.07243903,2.07945409,1
1505866020,21884649,0.07262000,0.19955500,0
1505865762,21884518,0.07266494,2.07938000,0
