date,tid,price,amount,type
1505951951,21939322,239.25,0.51287667,1
1505951932,21939301,239.53,0.06736207,0
1505951893,21939287,239.23,0.02641300,1
1505951893,21939286,239.23,0.18000000,1
1505951890,21939279,239.20,0.17741000,1
1505951890,21939277,239.22,6.61000000,1
1505951856,21939154,239.07,0.50162000,1
1505951851,21939126,239.05,0.43614956,0
1505951850,21939120,239.01,11.12424445,1
1505951850,21939117,239.02,0.51891055,1
1505951850,21939115,239.05,0.08274000,0
1505951850,21939114,239.05,3.58108949,1
1505951849,21939111,239.05,0.51891051,1
1505951848,21939099,239.17,0.08269861,1
1505951847,21939096,239.82,7.03164741,0
1505951815,21938923,239.89,0.51360032,0
1505951815,21938922,239.89,0.00001247,0
1505951815,21938921,239.87,0.08274000,0
1505951815,21938920,239.72,0.08274000,0
1505951768,21938890,239.03,0.50000000,1
1505951764,21938881,239.02,3.41738000,1
1505951764,21938879,239.02,2.27762707,1
1505951764,21938877,239.40,0.09235830,1
1505951762,21938870,239.89,2.64957689,1
1505951760,21938857,239.89,0.11182759,1
1505951740,21938831,239.89,0.21257000,1
1505951738,21938827,239.89,0.21257000,1
1505951736,21938823,239.89,0.21257000,1
1505951735,21938820,239.89,0.21257000,1
1505951733,21938815,239.89,0.21257000,1
1505951731,21938812,239.89,0.21257000,1
1505951731,21938808,239.89,0.21257000,1
1505951727,21938802,239.89,0.21257000,1
1505951726,21938796,239.89,0.21257000,1
1505951725,21938794,239.89,2.51660274,1
1505951725,21938793,239.89,0.21257000,1
1505951723,21938783,239.89,0.21257000,1
1505951721,21938773,240.00,4.72571811,1
1505951719,21938767,240.00,0.06326383,1
1505951716,21938754,240.00,8.20390000,1
1505951715,21938751,240.00,1.01626168,1
1505951715,21938746,240.00,0.35428328,1
1505951715,21938743,240.00,1.06284985,1
1505951714,21938739,240.00,2.55197200,1
1505951712,21938729,240.00,5.12404284,1
1505951712,21938727,240.00,7.84914716,1
1505951711,21938719,240.00,0.09072917,1
1505951710,21938713,240.00,1.01576029,1
1505951707,21938704,240.01,0.33213392,1
1505951691,21938656,241.06,1.53501203,1
1505951690,21938655,240.62,0.45000000,0
1505951690,21938653,240.28,0.41453271,0
1505951690,21938651,240.21,0.49000000,0
1505951688,21938643,240.01,0.82977579,0
1505951686,21938640,240.00,4.00681700,1
1505951685,21938633,240.00,0.33200000,1
1505951684,21938629,240.00,1.02821000,1
1505951680,21938609,240.00,0.49000000,1
1505951679,21938608,240.00,2.38684917,1
1505951679,21938607,240.00,3.61000000,1
1505951679,21938604,240.00,0.49000000,1
1505951679,21938602,240.00,6.35758000,1
1505951678,21938600,240.00,2.34290721,1
1505951678,21938599,240.00,1.04166666,1
1505951678,21938598,240.00,13.88125939,1
1505951678,21938596,240.00,3.61000000,1
1505951677,21938595,240.00,0.49000000,1
1505951677,21938594,240.01,3.61000000,1
1505951676,21938592,240.00,0.20000000,1
1505951676,21938590,240.01,3.90000000,1
1505951672,21938580,240.00,1.00017626,1
1505951671,21938578,240.00,16.26353200,1
1505951572,21938496,240.03,0.45345400,1
1505951566,21938491,240.25,0.98358483,1
1505951566,21938489,240.28,0.00001555,1
1505951566,21938487,240.28,0.33198445,1
1505951566,21938486,240.28,0.08274000,1
1505951459,21938442,240.52,0.89978100,0
1505951459,21938441,240.47,0.00000500,0
1505951458,21938439,240.47,0.33299500,0
1505951458,21938438,240.46,0.08274000,0
1505951409,21938428,240.04,0.66700000,1
1505951409,21938427,240.10,0.33300000,1
1505951319,21938381,240.44,0.89979199,1
1505951319,21938380,240.57,0.08274000,1
1505951258,21938368,240.51,0.91726000,1
1505951257,21938367,240.56,0.08274000,1
1505951214,21938346,240.45,0.29237000,0
1505951148,21938330,240.44,3.68426000,1
1505951148,21938329,240.43,0.08274000,0
1505951148,21938328,240.43,0.33300000,0
1505951135,21938317,240.47,0.36000000,0
1505951134,21938314,240.48,0.36000000,0
1505951133,21938313,240.49,0.33000000,1
1505951132,21938312,240.49,0.02820000,1
1505951131,21938311,240.46,0.33180000,0
1505951130,21938309,240.46,0.27726000,0
1505951130,21938308,240.46,0.08274000,0
1505951129,21938304,240.01,0.35097100,1
1505951077,21938286,240.01,0.23735500,1
1505951076,21938285,240.08,0.33300000,1
1505950952,21938228,240.01,0.86149996,1
1505950832,21938176,240.02,0.00000565,0
1505950831,21938175,240.01,0.00071000,1
1505950831,21938174,240.01,0.33129000,1
1505950829,21938156,240.02,0.33180000,1
1505950821,21938143,240.01,0.68871000,1
1505950821,21938142,240.32,0.33200000,1
1505950816,21938138,240.31,0.02726000,1
1505950816,21938136,240.33,0.08274000,1
1505950814,21938131,240.31,1.02371400,1
1505950814,21938130,240.31,1.57391239,1
1505950813,21938129,240.32,0.08274000,1
1505950811,21938121,240.31,0.49113974,1
1505950810,21938120,240.31,0.60726000,0
1505950810,21938119,240.30,0.08274000,0
1505950809,21938115,240.33,0.34000000,1
1505950809,21938114,240.33,3.06898557,1
1505950808,21938113,240.31,0.69101443,0
1505950808,21938112,240.31,0.25726000,0
1505950808,21938111,240.31,0.08274000,0
1505950807,21938110,240.33,3.07769056,0
1505950807,21938109,240.31,0.68230944,0
1505950806,21938108,240.31,0.34000000,0
1505950806,21938106,240.32,3.76000000,0
1505950805,21938104,240.13,0.34000000,0
1505950805,21938103,240.00,0.92811000,1
1505950804,21938101,240.15,3.76900000,1
1505950804,21938099,240.32,0.34000000,0
1505950803,21938096,240.14,0.33100000,0
1505950802,21938095,240.00,0.00287000,1
1505950802,21938094,240.01,4.10000000,1
1505950768,21938076,240.01,1.89181000,1
1505950768,21938075,240.01,0.78819000,1
1505950767,21938074,240.01,0.71725700,1
1505950767,21938073,240.01,3.38274300,1
1505950693,21937994,240.00,5.19150000,1
1505950596,21937922,240.01,0.61292400,1
1505950530,21937858,240.01,0.26010570,1
1505950516,21937846,240.01,0.29026370,1
1505950515,21937841,240.00,0.73404163,1
1505950514,21937840,240.00,3.20243416,1
1505950514,21937838,240.00,16.99607656,1
1505950514,21937837,240.00,6.13742700,1
1505950514,21937836,240.00,0.50000000,1
1505950510,21937827,240.00,3.36257300,1
1505950509,21937826,240.00,3.10000000,1
1505950509,21937824,240.00,2.00000000,1
1505950509,21937822,240.00,0.02200000,1
1505950509,21937821,240.01,0.94827443,1
1505950508,21937816,240.01,0.14086909,1
1505950507,21937813,240.01,1.18025492,1
1505950507,21937812,240.01,0.71905300,1
1505950504,21937801,240.01,0.47154856,1
1505950484,21937745,240.01,0.73355273,1
1505950466,21937722,240.01,0.25385985,1
1505950445,21937669,240.01,11.88625879,1
1505950445,21937667,240.03,15.35928400,1
1505950420,21937613,240.02,2.99999500,1
1505950409,21937565,240.01,6.55781883,1
1505950409,21937563,240.02,0.62581118,1
1505950399,21937521,240.02,0.16418882,0
1505950399,21937520,240.03,5.78961552,0
1505950399,21937519,240.03,0.51868522,0
1505950399,21937518,240.03,4.84169926,1
1505950398,21937516,240.02,3.96000000,1
1505950395,21937507,240.01,5.46666700,1
1505950394,21937497,240.01,2.49178500,1
1505950393,21937491,240.01,0.20000000,1
1505950393,21937490,240.03,0.60205947,1
1505950393,21937489,240.03,1.00000000,1
1505950393,21937486,240.35,0.00000335,1
1505950392,21937479,240.35,0.36876000,1
1505950392,21937478,240.50,5.00000000,1
1505950293,21937214,241.20,0.24434840,1
1505950292,21937210,241.20,9.67538060,1
1505950290,21937202,241.20,1.20433901,1
1505950288,21937186,241.20,2.36967199,1
1505950263,21937124,241.20,0.58626000,1
1505950262,21937122,241.26,0.08274000,0
1505950261,21937120,241.26,0.33100000,1
1505950189,21937039,240.98,0.08274000,1
1505950188,21937036,240.95,0.90000000,0
1505950188,21937035,240.94,1.25000000,0
1505950162,21937010,240.95,4.10000000,1
1505950161,21937009,240.95,4.10000000,1
1505950095,21936969,240.93,3.97597636,1
1505950095,21936968,241.50,0.04128364,1
1505950095,21936966,241.51,0.08274000,1
1505950064,21936925,241.46,0.08274000,0
1505950055,21936919,241.50,2.08572998,1
1505950031,21936912,241.50,9.65851912,1
1505950031,21936911,241.65,0.34148088,1
1505949793,21936766,241.88,2.25905408,1
1505949779,21936739,241.88,1.86875169,1
1505949779,21936737,241.89,2.25919131,1
1505949778,21936734,241.89,10.93986369,1
1505949778,21936732,241.90,3.02500231,1
1505949695,21936677,241.92,7.65298531,0
1505949689,21936671,241.96,1.70863739,1
1505949688,21936670,242.00,0.10000000,1
1505949688,21936669,242.55,0.01543261,1
1505949683,21936665,242.55,0.33387903,1
1505949683,21936664,242.58,0.01567697,1
1505949666,21936657,242.58,0.26681600,1
1505949666,21936656,242.60,0.08274000,1
1505949658,21936650,242.58,0.00032500,1
1505949658,21936649,242.66,0.46434000,1
1505949393,21936590,242.59,0.61434000,1
1505949392,21936589,242.58,0.61334000,1
1505949392,21936588,242.68,0.30392000,1
1505949392,21936587,242.70,0.08274000,1
1505949087,21936446,242.68,0.15000000,1
1505949009,21936433,242.96,3.26219015,0
1505949008,21936432,242.96,0.68812720,0
1505949003,21936431,242.94,0.56926185,0
1505949003,21936430,242.94,0.32556893,0
1505949003,21936429,242.93,0.22343256,0
1505948996,21936426,242.93,0.23000000,0
1505948919,21936415,242.55,0.56926185,1
1505948919,21936414,242.56,0.32556893,1
1505948919,21936413,242.67,0.06411000,1
1505948917,21936412,242.82,0.04105922,1
1505948439,21936335,242.95,0.02469644,0
1505948426,21936328,242.95,0.43913100,0
1505948426,21936326,242.83,0.08274000,0
1505948325,21936310,242.62,0.91726000,1
1505948325,21936309,242.70,0.08274000,1
1505948265,21936305,242.96,0.14145800,0
1505948047,21936250,242.96,4.92673857,1
1505948047,21936249,242.96,2.38112518,1
1505948045,21936245,242.96,1.31396700,0
1505947989,21936213,242.97,0.00004115,0
1505947989,21936212,242.96,13.54797964,1
1505947987,21936210,242.96,0.82315999,0
1505947925,21936167,243.34,1.66589956,1
1505947924,21936165,243.00,0.00453038,0
1505947924,21936163,243.00,2.34947422,1
1505947922,21936162,242.97,0.08274000,0
1505947883,21936155,242.63,5.91726000,0
1505947882,21936154,242.67,0.08274000,1
1505947810,21936146,243.00,0.47000000,0
1505947147,21935882,242.99,0.60886700,0
1505947018,21935856,242.99,0.95971027,0
1505946789,21935798,242.97,1.01703400,1
1505946566,21935755,242.99,0.20070200,0
1505946359,21935678,243.00,3.03899666,0
1505946352,21935675,242.98,2.62230831,0
1505946324,21935671,243.00,0.48647296,0
1505946314,21935669,243.00,0.10000000,0
1505946314,21935668,242.98,0.32900000,0
1505946269,21935660,242.98,2.86462045,0
1505946269,21935659,242.89,0.32513430,0
1505946257,21935658,242.85,0.10512496,0
1505946244,21935656,242.89,0.91726000,0
1505946243,21935655,242.83,0.08274000,0
1505945782,21935565,242.68,0.87592985,0
1505945782,21935564,242.55,0.08274000,0
1505945685,21935551,242.61,0.70149100,0
1505945417,21935450,242.14,9.43593932,1
1505945417,21935449,242.55,0.32900000,1
1505945416,21935448,242.61,1.65974197,1
1505945416,21935447,242.62,0.97926000,1
1505945416,21935446,242.62,0.08274000,0
1505945415,21935445,242.70,0.61434000,0
1505945414,21935444,242.70,0.08274000,1
1505945293,21935408,242.95,0.08274000,0
1505945161,21935374,242.61,0.97929605,0
1505945161,21935373,242.41,0.08274000,0
1505945064,21935323,242.88,1.17286972,0
1505945028,21935299,242.00,0.10125000,0
1505944971,21935284,242.00,1.40338842,0
1505944971,21935283,241.99,0.32860000,1
1505944969,21935282,241.98,0.32900000,0
1505944923,21935274,242.00,13.53826802,0
1505944922,21935273,242.00,0.32819500,0
1505944922,21935272,242.00,1.00000000,1
1505944922,21935271,242.00,1.53210900,1
1505944922,21935270,242.04,5.69000000,1
1505944922,21935269,242.05,14.40451800,1
1505944922,21935268,242.05,0.32860000,1
1505944921,21935267,242.20,0.10000000,1
1505944921,21935266,242.26,4.10000000,1
1505944722,21935173,242.20,6.58826000,1
1505944722,21935172,242.43,0.32900000,1
1505944720,21935171,242.48,0.08274000,1
1505944643,21935116,242.16,0.41218244,0
1505944643,21935115,242.73,0.35181756,1
1505944636,21935114,242.73,0.62868244,1
1505944636,21935113,242.84,0.08274000,1
1505944615,21935104,243.26,0.65608814,0
1505944523,21935085,243.10,1.45828877,1
1505944523,21935084,243.00,0.10000000,0
1505944523,21935083,242.99,0.32820500,1
1505944521,21935082,242.89,0.08274000,1
1505944521,21935081,242.89,0.08274000,0
1505944479,21935071,242.59,0.65240284,0
1505944479,21935070,242.59,0.32899019,0
1505944431,21935048,242.29,0.00079500,0
1505944431,21935047,242.28,0.32820000,0
1505944378,21935004,242.10,0.55415300,1
1505944331,21934992,242.00,0.51548000,1
1505944331,21934991,242.30,0.10000000,1
1505944331,21934990,242.53,0.32900000,1
1505944330,21934987,242.54,0.08274000,1
1505944285,21934970,242.61,0.24200000,0
1505944243,21934966,242.37,1.00000000,1
1505944224,21934964,242.34,0.91726000,1
1505944224,21934963,242.40,0.08274000,1
1505944216,21934962,242.72,0.73865914,0
1505944216,21934961,242.72,0.08274000,1
1505944214,21934959,242.67,0.08274000,0
1505944180,21934954,242.41,1.00000000,1
1505944154,21934950,242.47,0.02098000,0
1505944128,21934916,242.48,5.34237183,1
1505944128,21934915,242.48,0.32820000,1
1505943996,21934808,242.81,3.62047932,0
1505943996,21934807,242.81,0.14000000,0
1505943996,21934806,242.80,0.32820000,0
1505943986,21934794,242.84,3.96000000,1
1505943986,21934793,242.84,0.14000000,1
1505943985,21934791,242.80,3.49390400,0
1505943985,21934790,242.80,0.47335600,1
1505943985,21934789,243.00,0.05000000,1
1505943985,21934788,243.12,0.08274000,1
1505943864,21934761,242.80,0.52664400,1
1505943863,21934760,242.85,0.32820000,1
1505943853,21934758,243.26,0.28878000,1
1505943853,21934757,243.27,0.69247000,1
1505943852,21934756,243.34,0.08274000,1
1505943554,21934678,243.68,0.94369665,0
1505943554,21934675,243.64,0.69139867,0
1505943554,21934674,243.63,0.32900520,1
1505943552,21934670,243.49,0.08274000,0
1505943441,21934633,242.98,0.28912133,0
1505943440,21934632,242.97,0.08274000,0
1505943404,21934609,242.65,1.41726000,0
1505943402,21934607,242.89,0.08274000,1
1505943324,21934561,242.90,11.63392070,0
1505943323,21934560,242.91,1.24239430,1
1505943323,21934559,242.92,0.98052000,0
1505943323,21934558,242.99,0.12754500,1
1505943321,21934557,242.99,0.20145500,0
1505943321,21934556,243.06,0.20960500,1
1505943319,21934553,243.08,0.08274000,1
1505943309,21934552,243.71,1.54405143,0
1505943306,21934549,243.72,6.09359652,0
1505943299,21934547,243.73,3.45000000,0
1505943298,21934546,243.35,1.47126052,0
1505943298,21934545,243.28,4.66196094,0
1505943298,21934544,243.28,1.18084226,0
1505943293,21934543,243.28,1.59761857,0
1505943131,21934500,243.28,0.61501151,0
1505942953,21934442,243.28,0.30947300,0
1505942893,21934430,243.28,1.67478000,0
1505942874,21934423,243.28,0.52544393,0
1505942832,21934412,243.28,0.36470300,0
1505942643,21934358,243.27,2.84298294,0
1505942569,21934309,243.28,3.01936114,0
1505942569,21934308,243.27,6.01000000,0
1505942569,21934307,243.11,0.97063886,0
1505942556,21934304,243.26,0.00900614,0
1505942556,21934303,243.12,0.08274000,0
1505942515,21934287,243.28,1.05080565,0
1505942513,21934286,243.11,1.00000000,0
1505942508,21934278,243.09,0.15753037,0
1505942351,21934234,243.29,1.06349923,0
1505942309,21934205,243.32,7.96205900,0
1505942071,21934171,243.16,0.08204474,0
1505942052,21934168,243.08,0.47010000,0
1505941991,21934154,242.73,0.97964000,0
1505941986,21934152,242.74,0.20371200,0
1505941982,21934147,242.75,0.41726000,0
1505941978,21934144,242.79,0.08274000,1
1505941957,21934142,242.72,0.20371720,1
1505941957,21934141,242.72,0.24146032,0
1505941956,21934139,242.75,0.08274000,0
1505941904,21934126,243.28,1.65000000,1
1505941799,21934064,243.29,0.22988000,0
1505941557,21933996,243.00,0.41049383,0
1505941551,21933994,243.00,1.69958848,0
1505941531,21933982,243.00,0.85411000,0
1505941529,21933979,242.94,0.46813400,0
1505941410,21933912,243.00,6.10890489,0
1505941410,21933911,243.00,0.01101280,0
1505941410,21933910,242.99,4.09000000,1
1505941410,21933909,242.99,3.27167813,0
1505941409,21933908,242.98,1.24204269,0
1505941409,21933907,242.65,0.32910000,0
1505941365,21933888,242.45,0.51181100,0
1505941332,21933863,242.41,0.08274000,0
1505941331,21933862,242.44,0.87285000,1
1505941330,21933861,242.42,0.08274000,0
1505941330,21933860,242.42,0.33000000,0
1505941285,21933838,242.00,39.27471100,1
1505941285,21933837,242.01,6.20000000,1
1505941284,21933836,242.02,16.61254900,1
1505941284,21933835,242.12,0.33000000,1
1505941284,21933834,242.21,0.08274000,1
1505941178,21933792,242.04,2.36616731,1
1505941178,21933791,242.23,1.24204269,1
1505941178,21933790,242.24,0.32910000,1
1505941178,21933789,242.47,0.97995000,1
1505941178,21933788,242.48,0.08274000,1
1505941171,21933785,242.99,4.02527131,0
1505941136,21933769,242.99,0.02049467,1
1505941109,21933758,243.00,0.98898720,0
1505941109,21933757,242.50,0.00722000,0
1505941107,21933756,242.35,0.00505280,0
1505941055,21933705,242.35,1.91332789,0
1505941036,21933698,242.35,0.48529290,0
1505941035,21933696,242.35,0.61548000,0
1505941034,21933694,242.35,0.19084641,0
1505940936,21933667,242.49,0.44517752,0
1505940936,21933666,242.47,0.08274000,0
1505940900,21933657,242.49,0.95380434,0
1505940900,21933656,242.30,5.00000000,0
1505940846,21933639,242.50,4.99278000,0
1505940846,21933638,242.49,0.81448000,0
1505940846,21933637,242.49,4.11000000,0
1505940846,21933636,242.44,0.08274000,0
1505940799,21933628,242.32,0.08274000,0
1505940798,21933627,242.36,0.08274000,1
1505940793,21933626,242.96,1.27181429,1
1505940792,21933625,242.33,0.51391243,0
1505940791,21933624,242.33,0.26909962,0
1505940788,21933620,242.33,0.13424795,0
1505940788,21933619,242.32,0.04135574,0
1505940788,21933618,242.24,0.32439631,0
1505940783,21933616,242.00,5.00000000,0
1505940689,21933571,242.20,0.05352426,0
1505940683,21933570,242.20,0.23452000,1
1505940663,21933560,242.20,0.08274000,1
1505940663,21933559,242.18,0.08274000,0
1505940592,21933520,241.83,6.52560369,0
1505940592,21933519,241.86,0.32439631,1
1505940591,21933516,241.88,3.15000000,1
1505940545,21933500,241.90,1.00000000,1
1505940479,21933463,241.86,0.40334757,1
1505940479,21933462,241.87,0.51391243,1
1505940479,21933461,241.89,0.08274000,1
1505940443,21933429,242.39,0.40445149,0
1505940442,21933428,242.39,0.51280851,0
1505940442,21933427,242.36,0.08274000,0
1505940435,21933418,241.86,0.51280851,1
1505940383,21933395,241.85,3.27167813,1
1505940383,21933394,241.86,0.80000000,1
1505940382,21933393,241.87,0.32940000,1
1505940382,21933392,242.16,0.51618187,1
1505940381,21933390,242.45,0.08274000,1
1505940372,21933389,243.29,1.49669119,1
1505940371,21933388,243.12,1.35000000,0
1505940371,21933387,243.12,0.08274000,1
1505940371,21933386,242.85,0.32890000,0
1505940369,21933383,242.41,1.23772556,0
1505940340,21933374,242.16,5.00000000,1
1505940334,21933373,242.16,2.69957444,1
1505940334,21933372,242.17,1.23772556,1
1505940334,21933371,242.18,0.97996000,1
1505940332,21933370,242.21,0.08274000,1
1505940321,21933328,242.16,4.48836000,1
1505940320,21933327,242.17,0.10000000,0
1505940320,21933326,242.17,0.08274000,1
1505940320,21933325,242.17,0.32890000,1
1505940316,21933322,243.19,1.03030855,1
1505940315,21933321,242.60,0.02825000,0
1505940315,21933320,242.40,0.09530822,0
1505940315,21933319,242.37,0.28150000,0
1505940315,21933318,242.31,0.77414121,0
1505940314,21933317,242.24,0.08601569,0
1505940314,21933316,242.20,0.44742193,0
1505940314,21933315,242.19,0.29442904,0
1505940313,21933314,242.18,0.71143861,0
1505940313,21933313,242.18,0.26286700,0
1505940286,21933307,242.18,0.71707300,0
1505940286,21933305,242.16,0.08274000,0
1505940261,21933289,241.86,0.71143861,1
1505940261,21933288,241.91,0.97994000,1
1505940216,21933266,242.19,0.20557096,0
1505940216,21933265,242.00,0.00000540,0
1505940216,21933263,241.99,0.00008264,0
1505940194,21933253,241.99,0.49991736,0
1505940188,21933248,242.00,2.31995900,0
1505940170,21933244,242.00,1.44354800,0
1505940152,21933235,242.00,1.23648760,0
1505940150,21933234,241.90,0.00008374,0
1505940147,21933231,241.90,0.41717626,0
1505940145,21933230,241.92,0.08274000,1
1505940114,21933219,242.20,0.18306100,0
1505940114,21933218,242.19,0.00000500,0
1505940111,21933215,242.19,0.44732400,0
1505940086,21933205,242.20,0.20049100,0
1505940086,21933204,242.19,0.08274000,0
1505940081,21933199,242.20,0.08628607,0
1505940081,21933198,241.85,4.91371393,0
1505940072,21933195,241.83,3.15692856,0
1505940069,21933194,241.69,1.84516789,1
1505940069,21933193,241.70,3.15483211,1
1505940057,21933188,241.83,0.44729200,0
1505939967,21933159,241.84,0.30416300,0
1505939927,21933152,241.84,0.22807900,0
1505939861,21933132,241.85,0.36162400,0
1505939836,21933121,241.85,0.27992000,0
1505939834,21933117,241.85,2.67177465,0
1505939834,21933116,241.84,0.27998135,0
1505939799,21933104,241.84,0.05001865,0
1505939796,21933097,241.85,1.77296742,0
1505939754,21933090,241.63,1.00000000,1
1505939740,21933087,241.60,0.02825000,1
1505939740,21933086,241.85,0.88901000,1
1505939740,21933085,241.87,0.08274000,1
1505939731,21933083,241.87,0.50000000,1
1505939711,21933078,242.19,0.88776900,0
1505939698,21933065,241.84,0.50000000,1
1505939638,21933051,241.73,0.63981814,1
1505939638,21933049,241.74,0.15120168,1
1505939638,21933048,241.92,0.20898018,1
1505939626,21933041,241.92,0.00003601,0
1505939625,21933034,241.92,0.20896399,0
1505939610,21933021,241.74,0.02167000,1
1505939609,21933020,241.92,0.97833000,1
1505939556,21932986,241.89,1.00000000,1
1505939459,21932952,241.84,4.62565600,1
1505939421,21932932,241.91,0.20900000,0
1505939226,21932858,242.19,0.17251909,0
1505939226,21932856,242.18,0.08274000,0
1505939226,21932855,242.00,0.08274000,0
1505939200,21932847,242.01,0.02264387,0
1505939194,21932844,242.05,0.89502812,0
1505939194,21932842,242.04,0.08274000,0
1505939170,21932836,241.89,0.52792636,1
1505939116,21932826,242.09,2.19681780,0
1505939115,21932824,242.12,1.00012390,1
1505938917,21932733,241.96,1.00000000,1
1505938899,21932721,241.95,1.00000000,1
1505938878,21932712,241.95,0.81224000,1
1505938878,21932711,242.19,0.18776000,1
1505938842,21932698,242.19,0.12760000,1
1505938837,21932696,242.20,0.08274000,0
1505938831,21932695,241.95,0.56211000,1
1505938831,21932694,242.03,0.33000000,1
1505938831,21932693,242.18,0.02515000,1
1505938831,21932692,242.20,0.08274000,1
1505938828,21932690,242.18,0.61424000,1
1505938826,21932689,242.47,0.31500000,0
1505938672,21932582,242.47,0.63864188,0
1505938671,21932581,242.41,0.08274000,1
1505938670,21932580,242.41,0.08274000,0
1505938568,21932546,241.98,0.11278257,1
1505938549,21932536,242.00,1.01504313,1
1505938491,21932528,242.09,0.09530822,1
1505938469,21932521,242.11,3.60000000,0
1505938449,21932505,242.20,0.08601569,1
1505938404,21932476,242.20,0.77414121,1
1505938325,21932457,242.17,0.81726000,0
1505938324,21932456,242.18,0.08274000,1
1505938319,21932452,242.89,0.55857804,1
1505938319,21932451,242.87,0.85777396,0
1505938319,21932450,242.85,0.50000000,0
1505938317,21932449,242.15,0.08274000,0
1505938302,21932446,242.10,3.60000000,1
1505938261,21932427,242.10,0.90000000,1
1505938224,21932415,242.09,0.85777396,1
1505938220,21932410,242.14,0.33000000,0
1505938169,21932378,242.09,0.28150000,1
1505938168,21932377,242.24,0.30576000,1
1505938168,21932376,242.24,0.08274000,1
1505938168,21932375,242.27,0.33000000,1
1505938146,21932367,242.90,0.20150000,0
1505938146,21932366,242.51,0.33000000,0
1505938146,21932365,242.50,0.08274000,0
1505938145,21932364,242.21,0.67090000,1
1505938144,21932363,242.23,0.32910000,1
1505938090,21932338,242.98,0.40970450,0
1505938090,21932337,242.64,0.32920000,1
1505938088,21932336,242.54,0.08274000,0
1505938079,21932331,242.18,0.08274000,0
1505938048,21932309,241.90,0.25806000,1
1505938047,21932308,242.02,0.32920000,1
1505938047,21932307,242.04,0.08274000,1
1505938047,21932306,242.12,0.33000000,1
1505938019,21932291,242.98,0.64961881,0
1505938002,21932240,242.97,1.23009360,0
1505938002,21932238,242.89,0.97393000,0
1505938002,21932236,242.84,0.08274000,0
1505937992,21932225,241.78,0.65200689,0
1505937991,21932223,242.51,0.97393000,1
1505937991,21932222,242.51,1.23009360,1
1505937991,21932221,242.63,0.08274000,0
1505937988,21932211,242.99,5.92442000,0
1505937988,21932210,242.90,0.10000000,0
1505937929,21932181,242.98,1.83465651,0
1505937918,21932169,242.93,1.55000000,0
1505937918,21932168,242.91,0.08274000,0
1505937866,21932123,242.94,23.16685801,0
1505937866,21932122,242.82,1.22854799,0
1505937865,21932121,242.10,0.97558000,0
1505937842,21932085,241.82,0.03669000,1
1505937746,21932029,242.11,0.08274000,0
1505937746,21932027,242.11,0.33000000,0
1505937740,21932020,241.82,0.05329664,1
1505937740,21932019,241.82,0.33000000,1
1505937737,21932014,242.11,0.10000000,0
1505937733,21932006,242.10,0.69830625,1
1505937732,21932005,242.12,0.22867614,1
1505937726,21931992,242.12,1.00000000,1
1505937718,21931981,242.50,0.72173212,1
1505937717,21931980,242.50,0.79727818,1
1505937714,21931978,242.50,0.40098970,1
1505937712,21931976,242.51,0.33249762,0
1505937708,21931975,242.50,0.08000000,1
1505937698,21931967,242.10,3.05104300,1
1505937698,21931966,242.12,0.08274000,0
1505937683,21931944,242.10,0.11726000,1
1505937683,21931943,242.14,0.08274000,1
1505937682,21931942,242.58,0.53405062,0
1505937682,21931941,242.57,0.08274000,1
1505937679,21931938,242.10,1.36029200,1
1505937679,21931937,242.10,10.26086000,1
1505937679,21931936,242.11,0.97558000,1
1505937679,21931935,242.13,0.08274000,1
1505937655,21931924,242.10,0.50000000,0
1505937655,21931923,242.09,0.33000000,0
1505937617,21931906,241.75,3.60000000,1
1505937616,21931903,241.75,0.97702000,1
1505937614,21931900,241.76,0.33100000,0
1505937614,21931899,241.75,26.90500000,1
1505937612,21931897,241.75,5.12426131,1
1505937612,21931896,241.74,3.05000000,0
1505937612,21931895,241.70,30.01500000,0
1505937612,21931894,241.69,0.08274000,0
1505937612,21931893,241.69,10.02000000,0
1505937597,21931885,241.27,0.27394300,1
1505937536,21931864,241.56,1.68000000,1
1505937531,21931862,241.56,1.37713800,1
1505937520,21931856,241.56,4.00000000,1
1505937513,21931849,241.55,3.37431100,1
1505937513,21931848,241.55,1.63036170,1
1505937513,21931847,241.56,0.60000000,1
1505937502,21931842,241.56,3.94000000,1
1505937501,21931840,241.57,0.64602000,1
1505937496,21931832,241.56,0.33100000,0
1505937489,21931825,241.56,0.33100000,1
1505937474,21931819,242.47,3.89429037,1
1505937472,21931818,241.55,0.11724376,0
1505937435,21931805,241.00,3.60000000,1
1505937346,21931749,241.49,1.51873783,0
1505937346,21931748,241.47,0.33130000,0
1505937345,21931745,241.17,0.43345384,0
1505937337,21931737,241.17,0.52792636,0
1505937194,21931596,240.32,1.25031831,1
1505937180,21931555,240.31,1.10352000,1
1505937179,21931554,240.34,0.33130000,1
1505937179,21931553,240.35,4.11000000,1
1505937164,21931521,241.44,14.79630550,0
1505937138,21931473,240.45,4.56508397,1
1505937138,21931471,240.63,1.83600000,1
1505937138,21931469,240.65,1.32981203,1
1505937138,21931467,240.67,0.08274000,1
1505937129,21931457,241.05,0.40000000,1
1505937129,21931456,241.55,0.01729482,1
1505937128,21931449,241.55,0.08270518,1
1505937128,21931448,241.55,0.01730240,1
1505937125,21931438,241.55,0.08269760,1
1505937125,21931437,241.57,0.01730998,1
1505937123,21931435,241.57,0.08269002,0
1505937122,21931434,241.57,0.01726000,0
1505937122,21931433,241.54,0.08274000,0
1505937120,21931430,241.55,0.10000000,0
1505937119,21931429,241.55,0.10000000,0
1505937119,21931428,241.55,0.10000000,0
1505937117,21931421,241.55,0.10000000,0
1505937116,21931419,241.56,0.01726000,0
1505937116,21931418,241.55,0.08274000,0
1505937116,21931417,241.05,1.67203000,1
1505937116,21931416,241.07,0.08274000,1
1505937111,21931414,241.02,1.25616048,0
1505937111,21931413,241.02,2.50327035,1
1505937108,21931410,241.57,0.08274000,1
1505937107,21931406,241.02,3.53672965,1
1505937107,21931405,241.07,0.15907227,1
1505937104,21931401,241.07,0.17459770,1
1505937103,21931400,241.07,0.07379930,1
1505937101,21931397,241.07,0.25971000,1
1505937076,21931360,241.87,0.10000000,0
1505936960,21931237,241.99,0.62705603,1
1505936957,21931235,242.00,6.10251406,1
1505936956,21931234,242.00,3.20429500,0
1505936956,21931233,242.00,0.00000044,0
1505936955,21931232,242.00,3.20429456,1
1505936945,21931228,242.00,3.60000000,1
1505936932,21931219,241.99,0.03000000,1
1505936926,21931210,242.00,0.23418304,1
1505936910,21931192,241.99,0.84000000,1
1505936908,21931191,242.00,0.03000000,1
1505936908,21931189,242.00,6.00000000,1
1505936907,21931187,242.08,0.09449836,1
1505936907,21931186,242.08,0.66318136,1
1505936907,21931185,242.11,0.83387464,1
1505936902,21931181,242.31,3.60000000,0
1505936901,21931179,242.11,1.66300500,1
1505936900,21931171,242.11,1.66125400,1
1505936882,21931165,242.39,3.60000000,0
1505936832,21931142,242.33,2.10764731,0
1505936827,21931141,242.32,0.32920000,0
1505936820,21931134,242.31,3.60000000,1
1505936811,21931126,242.08,0.84186636,0
1505936799,21931119,242.08,3.60000000,0
1505936797,21931116,242.09,1.00000000,1
1505936797,21931115,242.10,4.11563919,1
1505936795,21931108,242.10,0.16436081,1
1505936794,21931107,242.11,0.32920000,1
1505936794,21931106,242.11,0.08903005,1
1505936794,21931103,242.21,0.41740914,1
1505936789,21931098,242.21,0.12703576,1
1505936789,21931097,242.38,0.22290624,1
1505936778,21931063,242.38,1.32645601,1
1505936777,21931061,242.39,7.66244485,1
1505936775,21931050,242.39,1.96130200,1
1505936767,21931017,242.45,0.10000000,1
1505936767,21931015,242.46,0.05093000,1
1505936766,21931013,242.48,0.08274000,1
1505936696,21930920,242.87,0.02500000,0
1505936695,21930919,242.55,0.99473300,1
1505936694,21930918,242.55,4.00526700,1
1505936694,21930917,242.56,15.52199300,1
1505936694,21930916,242.59,0.08274000,1
1505936681,21930903,242.56,6.00001872,1
1505936663,21930894,242.56,10.83800000,1
1505936663,21930893,242.59,2.90000000,1
1505936651,21930889,242.87,0.02584980,0
1505936638,21930884,242.60,2.53797300,1
1505936638,21930883,242.60,1.48346700,1
1505936638,21930882,242.64,0.97856000,1
1505936555,21930860,242.97,0.02858319,0
1505936555,21930859,242.97,0.97722000,0
1505936516,21930838,242.60,2.51653300,1
1505936516,21930837,242.61,15.89451500,1
1505936516,21930836,242.86,0.97722000,1
1505936435,21930737,243.29,0.77478683,1
1505936434,21930735,243.29,0.22969342,0
1505936402,21930724,243.62,1.63291191,1
1505936402,21930722,243.35,0.45000000,0
1505936401,21930721,243.10,1.00000000,0
1505936401,21930720,242.93,0.97677000,0
1505936399,21930719,242.88,0.04152470,0
1505936398,21930717,242.88,0.04121530,0
1505936267,21930700,243.05,5.50792018,0
1505936267,21930699,243.04,0.12304690,0
1505936265,21930697,242.80,0.52570247,0
1505936156,21930676,242.90,0.69339604,0
1505936155,21930675,242.90,0.41198027,1
1505936133,21930669,242.90,11.58801973,1
1505936082,21930639,242.85,0.20535310,1
1505936016,21930623,243.02,0.01708717,1
1505936015,21930622,243.02,0.08274000,0
1505935992,21930613,242.59,0.10000000,1
1505935862,21930552,242.83,0.09961702,0
1505935859,21930541,242.68,2.08420015,1
1505935856,21930535,242.67,7.73559068,1
1505935831,21930517,242.46,0.10000000,1
1505935811,21930512,242.50,0.94533866,0
1505935810,21930510,242.50,11.64412540,0
1505935809,21930509,242.54,0.32840000,1
1505935617,21930383,242.38,2.05063775,0
1505935616,21930382,242.38,14.33749000,0
1505935567,21930370,242.40,1.50000000,0
1505935562,21930366,242.40,1.02323000,0
1505935560,21930365,242.47,0.97677000,0
1505935549,21930364,242.89,0.08213594,0
1505935547,21930363,242.70,0.00000518,0
1505935487,21930351,242.70,0.97612600,0
1505935446,21930334,242.70,1.39741535,0
1505935446,21930333,242.69,0.97604500,0
1505935442,21930329,242.42,0.61290000,1
1505935441,21930326,242.70,0.77420131,0
1505935441,21930325,242.70,0.12800000,0
1505935377,21930272,242.84,0.20000000,0
1505935346,21930253,242.90,0.18842600,0
1505935320,21930239,242.98,3.78220000,1
1505935320,21930238,242.98,0.32780000,0
1505935301,21930221,242.22,1.97217884,0
1505935300,21930220,242.50,2.75191752,1
1505935300,21930219,243.07,0.32800000,1
1505935300,21930218,243.18,3.06000364,1
1505935300,21930217,243.23,0.08274000,1
1505935298,21930216,243.21,3.49438000,1
1505935298,21930215,243.22,0.08274000,1
1505935295,21930210,243.21,0.61562000,1
1505935295,21930208,243.22,0.32780000,1
1505935295,21930207,243.22,0.08274000,1
1505935293,21930204,243.18,2.55655245,1
1505935292,21930203,243.21,4.11000000,1
1505935242,21930180,243.10,1.88925205,0
1505935241,21930179,243.10,4.11000000,1
1505935176,21930151,243.50,0.00000003,0
1505935176,21930150,243.50,1.07543297,1
1505935160,21930139,243.50,1.18751836,1
1505935159,21930136,243.50,1.18421772,1
1505935158,21930133,243.50,0.50283095,1
1505935142,21930112,243.50,0.05000000,1
1505935100,21930067,243.80,0.32726000,1
1505935100,21930066,243.80,0.08274000,0
1505935033,21930037,243.51,0.04058321,1
1505935032,21930036,243.78,0.08500000,1
1505935032,21930035,243.80,2.77047779,1
1505935032,21930034,243.81,0.97604000,1
1505934724,21929870,244.05,0.40876869,0
1505934705,21929861,243.80,2.03372000,1
1505934705,21929859,243.82,0.08274000,1
1505934694,21929854,243.80,5.20245110,1
1505934694,21929853,243.80,1.22854799,1
1505934694,21929852,243.86,0.50725500,1
1505934694,21929851,243.86,0.67274591,1
1505934674,21929841,244.12,1.11608500,0
1505934489,21929792,244.12,0.08462751,0
1505934489,21929791,244.08,0.67274591,0
1505934488,21929788,244.06,0.08274000,1
1505934487,21929783,244.08,3.85725409,0
1505934486,21929781,244.06,0.59000000,0
1505934486,21929779,244.05,0.08274000,0
1505934447,21929750,244.07,0.45000000,0
1505934422,21929737,243.81,2.02202720,0
1505934422,21929736,243.81,0.08274000,0
1505934305,21929713,244.11,2.97669083,0
1505934305,21929712,244.10,0.70000000,0
1505934304,21929711,244.07,0.08274000,0
1505934248,21929695,243.78,0.69996501,0
1505934246,21929694,244.00,0.00003499,1
1505934188,21929654,244.00,0.27889345,1
1505934135,21929624,244.00,0.41073046,1
1505934131,21929622,244.11,0.04102383,0
1505934100,21929616,244.09,3.33617384,1
1505934043,21929598,244.10,0.83000000,0
1505933993,21929570,244.00,0.80000000,1
1505933956,21929552,244.08,0.10000000,1
1505933933,21929544,244.08,0.20061576,1
1505933823,21929505,244.18,3.26808092,0
1505933821,21929503,244.08,0.10000000,1
1505933798,21929497,244.15,0.97466500,0
1505933713,21929476,243.80,0.79417059,1
1505933703,21929468,243.75,0.97217000,1
1505933703,21929467,243.76,3.32000000,1
1505933697,21929455,243.95,2.70849170,1
1505933694,21929451,244.00,0.77179759,1
1505933694,21929449,244.00,2.16697290,1
1505933693,21929448,244.00,3.96721311,1
1505933676,21929441,244.17,2.74000000,0
1505933615,21929400,244.17,1.67837000,0
1505933606,21929391,244.17,4.11000000,0
1505933606,21929390,244.10,0.08274000,0
1505933552,21929370,244.15,0.42720404,0
1505933552,21929369,244.00,0.00250000,0
1505933533,21929356,244.00,0.49750000,0
1505933496,21929320,243.99,0.46000000,0
1505933414,21929229,243.98,0.25992197,0
1505933370,21929191,243.73,0.44930000,1
1505933367,21929189,243.98,0.42970404,0
1505933247,21929157,243.93,4.18061000,1
1505933230,21929151,243.69,0.01244404,1
1505933229,21929150,243.69,0.08274000,1
1505933205,21929137,243.67,0.41726000,1
1505933205,21929136,243.69,0.08274000,1
1505933177,21929114,244.00,0.29500000,0
1505933086,21929068,244.01,0.39018404,0
1505933075,21929062,243.41,0.24449600,1
1505933075,21929061,243.42,0.08274000,1
1505933070,21929044,244.13,3.69405645,0
1505933057,21929026,243.60,3.31980819,0
1505933055,21929019,244.18,1.24054621,1
1505933055,21929015,244.15,0.53974309,0
1505933054,21929012,244.00,0.20000000,0
1505933054,21929011,243.98,4.87979870,0
1505933054,21929010,243.98,9.78687000,0
1505933054,21929009,243.98,6.09800000,0
1505933052,21929007,243.90,5.17087874,0
1505932979,21928939,243.86,2.04514700,0
1505932874,21928780,243.74,0.20049231,0
1505932817,21928745,243.90,2.92721926,0
1505932817,21928744,243.90,0.25780538,1
1505932816,21928742,243.81,0.34044042,0
1505932816,21928741,243.81,0.61129500,1
1505932816,21928740,243.61,0.50000000,0
1505932816,21928739,243.60,2.50000000,0
1505932815,21928738,243.50,10.01906172,0
1505932815,21928737,243.45,6.30400460,0
1505932815,21928736,243.45,0.61099447,1
1505932815,21928734,243.45,0.36087900,1
1505932814,21928731,243.35,0.66476081,0
1505932814,21928730,243.30,0.39210201,0
1505932814,21928728,243.26,0.56624969,0
1505932813,21928727,243.10,0.33817249,0
1505932813,21928723,243.01,0.25687156,0
1505932812,21928718,243.00,3.35140359,0
1505932807,21928709,242.77,0.25782202,0
1505932805,21928705,242.75,2.33998608,1
1505932799,21928695,243.00,0.00000069,1
1505932799,21928690,243.00,0.09138000,1
1505932797,21928689,243.00,0.08274000,1
1505932797,21928688,243.00,3.17895931,0
1505932797,21928687,243.00,0.17412600,0
1505932797,21928686,242.99,0.08274000,0
1505932725,21928605,242.59,2.03536828,0
1505932724,21928603,242.53,0.08269865,0
1505932694,21928595,242.54,3.61584130,1
1505932650,21928586,242.53,6.56875262,1
1505932650,21928585,242.54,0.08274000,1
1505932648,21928581,242.53,0.08269862,1
1505932634,21928566,242.98,1.91852000,0
1505932633,21928565,242.96,0.08274000,0
1505932560,21928523,242.98,1.01214260,0
1505932560,21928522,242.98,0.97691000,0
1505932559,21928521,242.70,0.49000000,1
1505932558,21928520,242.65,0.00350000,0
1505932558,21928519,242.65,3.61650000,0
1505932556,21928515,242.65,0.08274000,1
1505932556,21928514,242.66,0.41078200,1
1505932460,21928449,242.72,4.26000000,0
1505932409,21928399,243.10,3.29428218,1
1505932409,21928398,243.02,0.56000000,0
1505932409,21928397,243.02,3.54375031,0
1505932407,21928396,243.01,0.25678911,0
1505932399,21928388,242.84,5.45456919,0
1505932388,21928369,243.02,0.56624969,1
1505932382,21928363,243.10,0.39210201,1
1505932382,21928362,243.10,1.40386863,1
1505932381,21928358,243.10,0.66369587,1
1505932376,21928349,243.11,0.97691000,1
1505932376,21928348,243.11,0.66476081,1
1505932293,21928323,243.58,0.17769308,0
1505932293,21928322,243.48,1.53191793,0
1505932281,21928318,243.00,0.35192900,1
1505932267,21928314,243.50,0.54753080,0
1505932255,21928299,243.57,0.08274000,1
1505932255,21928298,243.38,0.66402602,0
1505932240,21928292,243.08,1.19169733,0
1505932234,21928291,243.38,0.56540390,0
1505932234,21928290,243.35,0.39169066,0
1505932204,21928261,243.00,0.34732900,0
1505932201,21928259,243.00,0.44190271,0
1505932188,21928244,243.00,1.62337448,0
1505932175,21928231,243.03,1.02995800,0
1505932171,21928226,242.68,0.66891047,0
1505932170,21928224,242.68,0.08274000,0
1505932157,21928211,242.80,0.86062599,1
1505932154,21928208,242.80,1.20943607,1
1505932154,21928204,242.80,0.34117000,1
1505932092,21928172,243.00,2.30126000,0
1505932048,21928139,243.00,2.02532452,0
1505932048,21928138,242.99,0.06393048,0
1505932048,21928136,242.98,0.08274000,0
1505932030,21928129,243.03,1.14204200,0
1505932030,21928128,243.00,0.08274000,0
1505931987,21928068,243.02,0.26406952,0
1505931986,21928067,243.00,0.00007048,0
1505931986,21928065,242.99,0.08274000,0
1505931982,21928062,243.00,0.97732000,0
1505931902,21928006,242.88,1.39595022,1
1505931901,21928000,242.87,1.39417047,1
1505931898,21927994,242.86,4.03017445,1
1505931898,21927989,242.84,1.47807830,1
1505931890,21927977,242.79,0.53996808,0
1505931889,21927974,242.79,0.27723000,0
1505931886,21927972,243.00,3.69580192,1
1505931884,21927970,243.02,0.30000000,1
1505931884,21927969,243.02,4.51074462,1
1505931881,21927965,243.01,0.29929626,1
1505931880,21927962,243.03,0.32800000,0
1505931873,21927947,243.02,18.57540735,1
1505931852,21927932,243.02,3.19009325,1
1505931828,21927922,243.06,3.13235531,1
1505931812,21927908,243.02,3.44000000,1
1505931811,21927907,243.01,3.33249657,0
1505931797,21927898,242.95,0.60485992,1
1505931797,21927896,242.95,0.20819000,1
1505931795,21927893,242.95,0.20819000,1
1505931792,21927889,243.11,0.20819000,1
1505931790,21927886,242.95,0.20819000,1
1505931789,21927882,243.10,0.15013934,0
1505931788,21927881,243.10,0.05805066,1
1505931788,21927880,243.10,0.12545000,1
1505931788,21927879,243.12,0.08274000,0
1505931784,21927869,243.12,0.20819000,1
1505931784,21927865,243.12,0.00601000,0
1505931783,21927862,243.19,0.20218000,1
1505931782,21927860,243.19,0.20819000,0
1505931780,21927858,243.10,0.20819000,1
1505931779,21927856,243.20,0.33985989,0
1505931779,21927855,243.20,3.26421939,0
1505931779,21927853,243.20,0.00004138,0
1505931779,21927852,243.19,0.08269862,0
1505931778,21927850,243.20,0.33709610,0
1505931778,21927848,243.18,0.27580390,0
1505931777,21927846,243.15,0.20819000,1
1505931776,21927843,243.14,0.56702048,1
1505931776,21927841,243.15,0.08274000,1
1505931776,21927837,243.20,0.34698126,1
1505931628,21927775,243.52,0.67821944,0
1505931626,21927773,243.50,0.34583162,0
1505931598,21927760,243.30,0.14027945,1
1505931569,21927734,243.30,1.49420465,1
1505931562,21927717,243.30,1.71171390,1
1505931487,21927658,243.50,0.09137577,0
1505931448,21927642,243.50,0.06279261,0
1505931324,21927583,243.59,11.05652941,0
1505931322,21927582,243.60,0.06787576,0
1505931322,21927581,243.60,0.08274000,0
1505931322,21927580,243.60,0.05000000,0
1505931319,21927576,242.81,0.03000000,1
1505931284,21927556,243.42,1.93409090,0
1505931284,21927555,243.30,0.82725370,0
1505931284,21927554,243.30,0.40041411,0
1505931284,21927553,243.23,0.34124129,0
1505931205,21927481,242.99,2.49625205,0
1505931193,21927477,242.85,1.00126000,0
1505931167,21927470,242.78,3.72693063,0
1505930893,21927338,242.72,0.04000000,1
1505930777,21927304,242.85,0.07170652,0
1505930777,21927303,242.84,0.32920000,0
1505930777,21927302,242.65,0.65992132,0
1505930776,21927301,242.65,0.31950868,0
1505930774,21927300,242.52,0.08274000,0
1505930666,21927264,242.38,0.04000000,0
1505930659,21927256,242.15,7.74851046,1
1505930649,21927247,242.11,9.69153386,1
1505930649,21927246,242.11,0.32920000,1
1505930648,21927245,242.12,0.01464752,0
1505930645,21927241,242.10,0.10000000,1
1505930622,21927233,242.12,6.69106170,0
1505930601,21927227,242.12,0.40805700,0
1505930600,21927225,242.03,0.20000000,1
1505930598,21927220,242.12,3.15870973,0
1505930596,21927218,242.03,3.19615171,1
1505930592,21927216,242.04,1.41640424,1
1505930592,21927214,242.05,3.12436191,1
1505930577,21927209,242.04,1.72191959,1
1505930485,21927178,242.20,0.15598100,0
1505930401,21927105,242.38,0.02475452,0
1505930112,21926999,242.60,0.01726000,0
1505930110,21926998,242.58,0.08274000,0
1505930105,21926992,242.29,2.42584244,0
1505930091,21926983,242.29,12.17802006,0
1505930056,21926971,242.29,2.11922700,0
1505930056,21926970,242.29,19.03077300,1
1505930055,21926969,242.29,0.42000000,1
1505930051,21926966,242.26,0.25000000,0
1505930007,21926930,242.65,3.36938712,1
1505930007,21926929,242.66,0.97943000,1
1505929940,21926893,242.60,1.01712000,0
1505929940,21926892,242.60,0.08274000,0
1505929937,21926890,243.00,2.35033143,0
1505929936,21926889,242.99,7.08117900,0
1505929936,21926888,242.90,1.50000000,0
1505929936,21926887,242.77,0.97898299,0
1505929934,21926886,242.68,0.08274000,0
1505929903,21926880,242.37,0.00288000,1
1505929903,21926879,242.53,4.11000000,1
1505929860,21926871,242.37,0.89521000,1
1505929860,21926870,242.53,0.35000000,1
1505929860,21926869,242.53,3.75479000,1
1505929834,21926866,242.45,0.35521000,0
1505929834,21926865,242.45,0.08274000,0
1505929833,21926864,242.53,4.11000000,1
1505929833,21926863,242.53,0.36931000,1
1505929833,21926862,242.56,0.08274000,1
1505929755,21926832,242.86,0.36883200,0
1505929755,21926830,242.83,0.08274000,0
1505929730,21926822,242.47,6.61726000,0
1505929728,21926821,242.48,0.08274000,1
1505929692,21926771,242.10,1.48181425,0
1505929692,21926770,242.17,0.08274000,1
1505929691,21926769,242.18,2.29533400,0
1505929691,21926767,242.17,6.06000000,1
1505929690,21926765,242.10,4.01019728,0
1505929690,21926763,242.18,16.35302600,1
1505929690,21926762,242.18,4.00000000,1
1505929689,21926761,242.23,0.08903005,0
1505929689,21926760,242.23,4.81481352,0
1505929689,21926759,241.56,0.67719848,0
1505929689,21926758,241.82,0.34124129,1
1505929688,21926756,241.89,3.94786929,1
1505929688,21926755,242.00,0.52570247,1
1505929688,21926754,242.24,20.35278400,0
1505929687,21926753,242.30,0.40000000,1
1505929687,21926752,242.38,0.34044042,1
1505929685,21926750,242.87,0.09047500,1
1505929666,21926736,242.87,0.08274000,1
1505929649,21926730,242.37,4.00000000,0
1505929649,21926729,242.37,4.00000000,0
1505929649,21926728,242.37,0.80021000,0
1505929649,21926727,242.36,3.54502109,0
1505929648,21926726,242.37,4.15000000,1
1505929648,21926725,242.43,0.08274000,0
1505929647,21926724,242.49,0.61705000,1
1505929644,21926722,242.41,0.02500000,1
1505929643,21926721,242.41,0.40282000,1
1505929643,21926720,242.48,0.12759000,1
1505929643,21926719,242.54,0.08274000,1
1505929642,21926717,242.89,0.61599901,0
1505929521,21926655,242.90,1.91882100,0
1505929521,21926653,242.87,22.74332400,0
1505929520,21926651,242.87,3.80949800,0
1505929519,21926650,242.87,0.77294800,0
1505929518,21926649,242.87,7.60344300,0
1505929518,21926648,242.86,0.32760000,0
1505929514,21926646,242.87,0.20104000,0
1505929507,21926639,242.87,0.08274000,0
1505929505,21926636,242.88,0.11006600,0
1505929505,21926635,242.88,0.08274000,0
1505929450,21926615,243.00,7.25148954,1
1505929446,21926609,243.00,0.01609000,1
1505929446,21926608,243.01,22.91491000,1
1505929437,21926603,243.04,2.95037220,0
1505929436,21926602,243.21,5.94009009,1
1505929435,21926601,243.00,2.75148218,1
1505929435,21926600,243.00,0.50000000,1
1505929435,21926599,243.00,5.14093209,1
1505929435,21926598,243.20,3.24000000,1
1505929434,21926597,243.20,5.59468113,1
1505929434,21926596,243.22,6.30400460,1
1505929433,21926593,243.23,3.38437375,1
1505929433,21926592,243.23,6.27300000,1
1505929420,21926581,243.23,14.03400000,1
1505929379,21926558,243.23,6.23140000,1
1505929379,21926557,243.24,0.32760000,1
1505929198,21926449,243.40,2.45764000,0
1505929173,21926444,243.40,0.90000000,1
1505929154,21926438,243.40,0.10000000,1
1505929135,21926430,243.47,1.18279400,0
1505929134,21926428,243.47,7.85111101,0
1505929123,21926420,243.47,2.88844100,0
1505929104,21926416,243.47,0.08274000,0
1505929102,21926411,243.49,0.08274000,1
1505928817,21926287,244.16,0.01726000,0
1505928817,21926286,244.15,0.08274000,0
1505928812,21926285,243.20,5.27998992,1
1505928812,21926284,243.20,1.81018359,1
1505928811,21926283,243.51,0.53974309,1
1505928811,21926282,243.70,1.50000000,1
1505928811,21926281,243.71,0.82725370,1
1505928811,21926280,243.75,0.40041411,1
1505928811,21926279,243.80,3.35764559,1
1505928811,21926278,243.81,0.97719000,1
1505928811,21926277,243.90,0.00012300,1
1505928811,21926276,243.91,0.08274000,1
1505928811,21926274,243.92,4.77000000,1
1505928808,21926273,244.17,2.99490493,0
1505928808,21926272,244.17,1.01145720,0
1505928808,21926271,244.15,1.88489787,0
1505928807,21926270,244.14,4.11000000,0
1505928742,21926258,244.15,2.30329715,0
1505928740,21926256,244.14,1.78238977,0
1505928729,21926249,244.14,0.02039813,0
1505928717,21926234,243.90,4.09987700,1
1505928684,21926205,244.15,0.81180498,0
1505928682,21926204,244.00,1.23540186,0
1505928682,21926203,244.00,1.92633731,0
1505928678,21926201,244.00,3.66307312,0
1505928678,21926200,243.99,0.82629358,0
1505928666,21926192,243.75,0.82629358,1
1505928664,21926191,243.95,0.47652732,1
1505928612,21926176,244.15,3.00318362,0
1505928493,21926138,244.18,1.19402848,0
1505928455,21926102,243.81,1.16356014,1
1505928433,21926089,244.19,0.47652732,0
1505928432,21926088,244.18,0.40052421,1
1505928431,21926085,244.18,0.31775900,0
1505928382,21926018,244.19,0.44025857,0
1505928381,21926017,244.19,0.05974143,0
1505928381,21926016,244.19,0.50000000,0
1505928380,21926015,244.13,1.22480557,0
1505928380,21926014,244.09,0.50000000,0
1505928262,21925956,244.00,0.61319672,0
1505927906,21925808,244.10,1.50704100,0
1505927866,21925794,243.82,0.05000000,1
1505927803,21925783,243.76,0.35033058,0
1505927771,21925776,244.19,0.25698677,1
1505927770,21925772,244.19,0.56000000,0
1505927734,21925764,244.20,6.24852000,0
1505927733,21925762,244.19,0.67000000,1
1505927732,21925760,244.18,0.08274000,0
1505927616,21925696,243.76,0.80000000,1
1505927611,21925692,243.92,1.70000000,1
1505927577,21925650,244.20,20.91822190,0
1505927575,21925640,244.20,15.82963600,0
1505927575,21925638,244.20,8.60000000,0
1505927575,21925637,244.20,1.44261300,0
1505927575,21925636,244.20,18.44405900,0
1505927574,21925632,244.20,69.32565200,0
1505927573,21925624,244.20,39.32978115,0
1505927427,21925554,244.20,0.22902800,0
1505927419,21925550,244.20,0.10962326,0
1505927399,21925545,244.20,45.68067158,0
1505927396,21925544,244.20,1.00000000,0
1505927386,21925539,244.20,0.74541000,0
1505927297,21925499,244.20,5.00000000,0
1505927247,21925482,244.20,0.28591319,0
1505927238,21925477,244.20,0.68003814,0
1505927233,21925468,244.20,3.11683046,0
1505927231,21925467,244.20,1.32145500,0
1505927231,21925466,244.20,1.84917500,0
1505927230,21925465,244.20,1.08490600,0
1505927230,21925464,244.20,1.65066800,0
1505927230,21925463,244.20,0.10604153,0
1505927224,21925456,244.20,0.95437375,0
1505927210,21925450,244.20,9.32676000,0
1505927202,21925437,244.19,1.00000000,0
1505927188,21925420,244.20,6.57936117,0
1505927186,21925419,244.10,0.24436776,0
1505927177,21925410,244.10,1.00000000,0
1505927173,21925406,244.10,0.68033592,0
1505927169,21925403,244.10,23.74200000,0
1505927138,21925390,244.10,11.04595400,0
1505927138,21925389,244.10,25.35000000,0
1505927138,21925388,244.10,4.89859700,0
1505927131,21925384,244.10,17.07308480,0
1505927109,21925369,244.10,4.00000000,0
1505927107,21925362,244.10,1.35518230,0
1505927102,21925356,244.10,8.96345000,0
1505927101,21925354,244.10,20.36322328,0
1505927094,21925352,244.10,0.81728800,0
1505927084,21925342,244.10,1.22593200,0
1505927070,21925333,244.10,16.35454000,0
1505927062,21925318,244.10,13.86366244,0
1505927061,21925314,244.10,3.75185995,0
1505927060,21925309,244.10,0.51892666,0
1505927056,21925291,244.10,0.60898023,0
1505927056,21925287,244.10,1.84400190,0
1505927051,21925259,244.10,0.36394703,0
1505927041,21925223,244.10,2.73996200,0
1505926939,21925169,244.10,0.66343300,0
1505926936,21925167,244.10,0.47000000,0
1505926932,21925165,244.10,1.02200000,0
1505926927,21925156,244.10,1.16723000,0
1505926918,21925150,244.10,0.65808100,0
1505926907,21925148,244.10,14.32133800,0
1505926893,21925139,244.10,2.67084900,0
1505926882,21925128,244.10,0.42514000,0
1505926880,21925125,244.10,1.29138800,0
1505926876,21925123,244.10,0.48000000,0
1505926868,21925120,244.10,0.44000000,0
1505926866,21925115,244.10,3.50860303,0
1505926863,21925110,244.10,0.23000000,0
1505926856,21925106,244.10,5.00008193,0
1505926854,21925101,244.10,0.23000000,0
1505926849,21925098,244.10,5.00008193,0
1505926842,21925092,244.10,2.77083162,0
1505926841,21925089,244.10,2.22941417,0
1505926838,21925085,244.10,2.84944694,0
1505926835,21925081,244.10,6.79797900,0
1505926830,21925075,244.10,1.90126000,0
1505926829,21925073,244.10,2.00126000,0
1505926828,21925072,244.09,0.10000000,0
1505926818,21925054,244.10,1.03870000,0
1505926812,21925035,244.10,2.58881605,0
1505926811,21925030,244.10,5.91405162,0
1505926809,21925023,244.10,4.33784514,0
1505926809,21925019,244.09,0.12000000,0
1505926801,21925001,244.09,2.26684129,0
1505926796,21924990,244.10,6.73656500,0
1505926796,21924989,244.10,3.23470135,0
1505926796,21924988,244.10,37.17078500,0
1505926795,21924986,244.10,4.51148063,0
1505926795,21924983,244.09,0.15000000,0
1505926791,21924979,244.10,5.89000000,0
1505926791,21924978,244.00,1.49000000,0
1505926791,21924977,244.00,2.62000000,0
1505926786,21924963,244.10,31.79571516,0
1505926786,21924961,244.09,0.18000000,0
1505926786,21924960,244.00,1.49000000,0
1505926786,21924958,244.00,0.79000000,0
1505926786,21924956,244.00,1.52144484,0
1505926783,21924952,244.00,0.30999500,0
1505926783,21924949,244.00,1.48127816,0
1505926782,21924945,244.03,0.79728200,1
1505926779,21924943,244.10,10.00000000,0
1505926769,21924938,244.10,1.27127816,0
1505926769,21924937,244.09,0.21000000,0
1505926768,21924934,244.10,1.62137485,0
1505926767,21924933,244.10,1.61186317,0
1505926766,21924931,244.10,3.51943987,0
1505926759,21924907,244.10,39.85988872,0
1505926756,21924900,244.10,1.47996722,0
1505926756,21924898,244.10,1.47679987,0
1505926756,21924894,244.09,0.31000000,1
1505926755,21924892,244.10,1.87590000,0
1505926755,21924891,244.10,12.53027000,0
1505926754,21924886,244.10,42.84446200,0
1505926754,21924885,244.10,7.00000000,0
1505926754,21924884,244.10,29.62524900,0
1505926753,21924882,244.10,8.00000000,0
1505926753,21924880,244.10,13.06262000,0
1505926752,21924877,244.10,4.06851430,0
1505926752,21924874,244.09,1.00000000,0
1505926752,21924871,244.08,0.26095870,0
1505926752,21924865,244.08,0.04904130,0
1505926747,21924851,244.00,1.07090165,0
1505926747,21924850,244.00,0.40855060,0
1505926746,21924849,244.00,9.03112800,0
1505926745,21924836,244.00,38.38312002,0
1505926744,21924831,244.00,1.17765559,0
1505926713,21924771,244.00,1.32000000,0
1505926709,21924767,244.00,1.94210500,0
1505926708,21924766,243.99,0.37000000,0
1505926701,21924763,244.00,20.44266393,0
1505926699,21924728,243.99,0.00003087,0
1505926694,21924725,243.99,0.98417967,0
1505926691,21924721,243.99,4.01578946,0
1505926591,21924697,244.00,4.00000000,0
1505926556,21924686,243.92,1.00000000,1
1505926541,21924677,244.00,3.27000000,0
1505926541,21924676,243.92,3.00000000,0
1505926541,21924675,243.90,19.15899165,0
1505926541,21924674,243.90,3.00000000,0
1505926540,21924672,243.90,110.11780000,0
1505926539,21924669,243.89,0.43000000,0
1505926527,21924666,243.90,4.44557159,0
1505926517,21924658,243.89,0.52000000,1
1505926516,21924653,243.90,12.35712000,0
1505926515,21924652,243.90,17.24100000,0
1505926513,21924651,243.90,10.00000000,0
1505926510,21924646,243.90,1.00000000,0
1505926506,21924643,243.90,3.99108400,0
1505926506,21924638,243.90,3.57156933,0
1505926506,21924637,243.89,0.61000000,0
1505926502,21924635,243.90,3.82751127,0
1505926499,21924632,243.90,5.65021300,0
1505926497,21924628,243.90,2.34665169,0
1505926496,21924625,243.90,2.58175481,0
1505926495,21924621,243.90,0.21365314,0
1505926495,21924619,243.90,18.05923083,0
1505926494,21924618,243.90,4.97843378,0
1505926493,21924613,243.90,2.33594031,0
1505926491,21924610,243.90,3.02110743,0
1505926491,21924609,243.89,0.73000000,0
1505926487,21924598,243.90,19.60594000,0
1505926485,21924594,243.90,25.34816600,0
1505926483,21924587,243.90,8.44906700,0
1505926482,21924581,243.90,5.86362678,0
1505926482,21924579,243.90,5.86362667,0
1505926482,21924578,243.90,33.22214022,0
1505926481,21924576,243.90,0.46312600,0
1505926479,21924572,243.90,5.13300533,0
1505926479,21924569,243.90,5.86363264,0
1505926476,21924567,243.90,0.68987289,0
1505926473,21924565,243.90,4.97847478,0
1505926473,21924564,243.90,1.15768758,0
1505926472,21924562,243.90,0.25928950,0
1505926472,21924560,243.90,2.47076089,0
1505926472,21924557,243.90,4.97847478,0
1505926471,21924555,243.90,6.55334153,0
1505926470,21924552,243.90,4.97847478,0
1505926470,21924550,243.90,0.68671587,0
1505926469,21924549,243.90,3.35563958,0
1505926469,21924548,243.90,4.97847478,0
1505926468,21924545,243.90,7.02406724,0
1505926468,21924544,243.90,4.97847478,0
1505926463,21924537,243.90,87.76001300,0
1505926459,21924531,243.90,1.26698900,0
1505926435,21924507,243.90,1.39463800,0
1505926431,21924504,243.90,0.18887400,0
1505926418,21924493,243.90,0.64449715,0
1505926416,21924492,243.90,0.47000000,0
1505926402,21924482,243.90,1.90963412,0
1505926391,21924469,243.90,3.37166871,0
1505926388,21924467,243.90,0.17000000,0
1505926386,21924464,243.90,0.05385290,0
1505926384,21924460,243.90,0.41849118,0
1505926363,21924404,243.90,0.05190300,0
1505926363,21924403,243.89,0.12000000,0
1505926345,21924401,243.88,0.81269100,0
1505926322,21924392,243.88,0.16418900,0
1505926188,21924347,243.90,0.85796900,0
1505926186,21924341,243.90,0.46104400,0
1505926178,21924328,243.90,7.34431600,0
1505926175,21924323,243.80,0.18000000,1
1505926174,21924322,243.75,39.43457367,0
1505926174,21924321,243.60,101.32014283,0
1505926174,21924318,243.60,250.00000000,0
1505926173,21924317,243.60,0.84051200,0
1505926172,21924306,243.60,0.24631000,0
1505926171,21924304,243.60,14.70198800,0
1505926168,21924297,243.60,0.15522400,0
1505926167,21924296,243.55,0.24152542,1
1505926165,21924293,243.60,0.82676000,0
1505926162,21924291,243.60,2.97735100,0
1505926162,21924287,243.59,0.21000000,0
1505926161,21924283,243.55,0.03142000,1
1505926159,21924276,243.60,0.03143112,0
1505926150,21924259,243.60,1.06766600,0
1505926150,21924258,243.59,0.31000000,0
1505926125,21924233,243.60,0.50909800,0
1505926125,21924232,243.59,0.46000000,0
1505926120,21924231,243.60,1.09387300,0
1505926120,21924230,243.59,0.46000000,0
1505926103,21924226,243.60,1.36891200,0
1505926102,21924225,243.59,0.54000000,0
1505926095,21924222,243.60,1.93101846,0
1505926095,21924220,243.60,0.24509710,0
1505926092,21924217,243.60,0.20136768,0
1505926089,21924214,243.60,1.22510384,0
1505926085,21924211,243.60,2.12944700,0
1505926085,21924210,243.59,0.64000000,0
1505926072,21924196,243.60,0.14863700,0
1505926071,21924195,243.60,0.23445100,0
1505926071,21924194,243.59,0.76000000,0
1505926068,21924191,243.60,0.48755747,0
1505926066,21924189,243.60,26.91376700,0
1505926066,21924188,243.60,6.15695100,0
1505926066,21924187,243.60,2.84571000,0
1505926062,21924186,243.60,15.67895300,0
1505926058,21924184,243.59,2.83973200,0
1505926058,21924183,243.59,2.84571000,0
1505926057,21924179,243.60,30.42020400,0
1505926056,21924177,243.60,30.41930600,1
1505926056,21924176,243.64,4.84628150,1
1505926056,21924175,243.66,0.97688000,1
1505926043,21924163,243.75,4.97809546,0
1505926043,21924162,243.75,2.74571000,0
1505926042,21924161,243.75,11.73308900,0
1505926042,21924160,243.75,28.79889700,0
1505926041,21924159,243.75,0.90334801,0
1505926041,21924158,243.75,0.16478300,0
1505926039,21924152,243.88,4.19887781,0
1505926036,21924147,243.88,4.97503123,0
1505926035,21924141,243.88,4.97461882,0
1505926033,21924138,243.88,4.97424765,0
1505926032,21924134,243.88,4.97387648,0
1505926028,21924132,243.90,2.74936449,0
1505926027,21924131,243.90,0.76334600,0
1505926024,21924124,243.90,5.32368700,0
1505925985,21924092,243.60,3.91726000,1
1505925984,21924090,243.61,0.08274000,0
1505925983,21924089,243.99,2.55563000,0
1505925981,21924086,243.99,0.10520100,0
1505925960,21924061,243.75,1.87828800,0
1505925960,21924060,243.75,1.47000000,0
1505925945,21924055,243.75,1.16473832,0
1505925944,21924053,243.75,2.00000000,0
1505925944,21924052,243.75,2.34256106,0
1505925880,21924028,244.00,8.00000000,0
1505925867,21924021,244.00,0.59847578,0
1505925866,21924020,244.00,19.88377800,0
1505925865,21924019,244.00,13.02757600,0
1505925831,21924007,244.00,1.49381147,0
1505925829,21924005,244.00,1.70590163,0
1505925819,21923999,244.00,3.97631173,0
1505925814,21923993,244.00,12.78776511,0
1505925814,21923992,243.99,0.09121029,0
1505925761,21923975,244.00,0.16319100,0
1505925710,21923960,244.00,0.60978963,0
1505925685,21923947,244.00,6.62000000,0
1505925683,21923944,244.00,10.00000000,0
1505925681,21923939,243.99,0.34267800,1
1505925670,21923928,244.00,0.77110000,0
1505925669,21923926,244.00,2.00000000,0
1505925668,21923923,244.00,24.20090000,0
1505925665,21923912,244.00,16.19212300,0
1505925665,21923911,244.00,66.99000000,0
1505925657,21923907,244.00,0.07394032,0
1505925657,21923906,243.95,0.08274000,0
1505925638,21923884,244.00,0.47000100,0
1505925636,21923880,243.99,0.34393700,1
1505925631,21923876,244.00,61.12200000,0
1505925631,21923875,244.00,0.36790984,0
1505925629,21923874,244.00,10.00000000,0
1505925626,21923866,244.00,7.29995901,0
1505925625,21923865,244.00,0.02323000,0
1505925625,21923864,244.00,1.00000000,0
1505925619,21923854,244.00,7.28679200,0
1505925616,21923844,244.00,2.33479508,0
1505925614,21923839,244.00,15.20487704,0
1505925611,21923835,244.00,6.96942622,0
1505925610,21923833,244.00,70.63208900,0
1505925609,21923831,244.00,1.65276200,0
1505925608,21923830,244.00,13.61857800,0
1505925608,21923829,244.00,6.00000000,0
1505925608,21923827,244.00,2.33021400,0
1505925608,21923826,243.99,2.33489300,0
1505925593,21923805,243.98,3.38645000,1
1505925593,21923804,243.98,0.06625000,1
1505925570,21923778,244.00,6.00000000,0
1505925553,21923767,244.00,10.52427800,0
1505925537,21923753,244.00,0.80000000,0
1505925507,21923718,244.00,3.01443000,0
1505925507,21923717,243.99,0.97557000,0
1505925507,21923716,243.99,0.12000000,0
1505925506,21923713,243.98,0.32171000,1
1505925506,21923712,243.98,0.08274000,1
1505925493,21923702,244.00,0.17000000,0
1505925492,21923701,244.00,0.68000000,1
1505925492,21923700,244.00,0.77000000,1
1505925492,21923699,244.00,1.06000000,1
1505925492,21923698,244.00,0.30000000,1
1505925492,21923697,244.00,1.13000000,1
1505925492,21923696,244.00,0.16877200,1
1505925487,21923695,244.00,0.67912900,1
1505925485,21923694,244.00,0.76504300,1
1505925480,21923691,244.00,0.29705600,1
1505925479,21923690,244.00,1.13000000,0
1505925479,21923689,244.00,2.59000000,0
1505925478,21923688,243.77,0.44705700,1
1505925478,21923687,244.00,2.59000000,0
1505925477,21923686,243.77,2.59432000,1
1505925354,21923643,243.74,0.50000000,1
1505925319,21923634,243.71,0.44413800,1
1505925306,21923626,243.71,0.08833430,1
1505925258,21923611,243.67,0.79500862,0
1505925206,21923557,243.58,0.90000000,1
1505925119,21923516,244.00,0.40881147,0
1505925119,21923515,244.00,0.52028688,0
1505925117,21923511,243.68,0.32660000,0
1505924995,21923437,243.51,0.60178263,1
1505924994,21923436,243.68,0.40416737,1
1505924992,21923434,243.67,0.32171000,1
1505924992,21923433,243.73,0.08274000,1
1505924953,21923420,243.55,0.34487100,1
1505924940,21923417,243.55,0.38797714,1
1505924940,21923416,243.70,0.27884586,1
1505924940,21923415,243.71,0.08274000,1
1505924912,21923406,244.38,0.08274000,1
1505924910,21923403,244.37,0.08274000,0
1505924908,21923401,243.70,0.34960400,1
1505924879,21923385,243.70,0.07860800,1
1505924879,21923384,243.73,0.26534300,1
1505924845,21923376,243.73,0.34458700,1
1505924810,21923353,243.70,0.26544900,1
1505924810,21923352,243.72,0.08274000,1
1505924805,21923344,243.70,0.10019100,1
1505924804,21923343,243.76,0.08274000,1
1505924785,21923336,244.74,0.47699740,0
1505924784,21923335,244.74,0.67634900,1
1505924784,21923334,244.63,0.28000000,0
1505924784,21923333,244.58,0.70176614,0
1505924783,21923331,244.50,1.00000000,0
1505924783,21923330,244.49,0.88080346,0
1505924781,21923328,244.47,0.08274000,0
1505924713,21923286,243.97,0.09189654,0
1505924713,21923285,243.89,0.82734219,1
1505924711,21923284,243.89,0.08274000,0
1505924621,21923250,243.57,6.00000000,1
1505924613,21923247,243.65,1.78019618,1
1505924564,21923228,243.56,3.39532566,0
1505924564,21923227,243.57,0.26000000,1
1505924563,21923226,243.64,0.33868334,1
1505924563,21923225,244.00,2.00000000,1
1505924562,21923222,244.01,0.08274000,0
1505924561,21923221,244.01,0.82325100,1
1505924544,21923209,244.07,3.71656998,1
1505924510,21923194,244.01,0.14944900,1
1505924510,21923193,244.16,0.08274000,1
1505924484,21923141,244.48,0.12035639,0
1505924483,21923140,244.48,0.79424093,0
1505924385,21923103,244.57,3.96041022,0
1505924355,21923093,244.56,6.00000000,0
1505924248,21923050,244.81,14.36706017,1
1505924247,21923048,244.90,1.57084524,0
1505924247,21923046,244.86,0.47000000,0
1505924247,21923045,244.86,0.13328735,1
1505924246,21923043,244.83,0.96943000,0
1505924246,21923042,244.81,16.85952000,1
1505924246,21923041,244.81,0.08274000,1
1505924244,21923039,244.74,0.08274000,0
1505924226,21923026,243.51,0.70176614,1
1505924226,21923025,243.63,0.33869722,1
1505924226,21923024,243.67,7.04389883,1
1505924226,21923023,243.67,8.81000000,1
1505924226,21923022,243.67,0.45823770,1
1505924226,21923021,244.27,4.14450411,1
1505924226,21923020,244.28,0.32660000,1
1505924213,21923012,244.27,0.20499013,1
1505924204,21923009,244.45,0.57815000,1
1505924192,21923004,244.27,0.45962044,1
1505924191,21923003,244.29,0.33778399,1
1505924191,21923002,244.30,1.22480557,1
1505924191,21923001,244.47,0.08274000,1
1505924172,21922986,244.34,0.39128000,1
1505924172,21922985,244.39,0.08274000,1
1505924161,21922958,244.98,0.08110768,0
1505924161,21922957,244.97,0.49442602,0
1505924160,21922951,244.97,0.47275398,0
1505924149,21922879,244.99,0.78870323,1
1505924149,21922878,245.00,1.47249073,0
1505924148,21922874,244.99,0.08274000,1
1505924148,21922870,244.97,1.27847095,0
1505924148,21922869,244.97,2.32152905,0
1505924148,21922867,244.78,1.04696678,0
1505924145,21922848,244.78,0.23142200,1
1505924144,21922842,244.78,1.04760600,1
1505924143,21922836,244.96,1.06283930,1
1505924142,21922828,245.00,0.94876700,0
1505924141,21922821,245.00,0.55760300,0
1505924141,21922819,244.98,0.50000000,0
1505924141,21922816,244.97,2.66521400,0
1505924141,21922813,244.97,7.39979800,0
1505924141,21922809,244.97,1.30867100,0
1505924141,21922808,244.97,2.08531700,0
1505924140,21922801,244.95,0.32000000,0
1505924140,21922800,244.94,0.33886379,0
1505924140,21922798,244.78,1.22241954,0
1505924140,21922797,244.69,0.05660750,0
1505924140,21922794,244.62,0.00000050,0
1505924139,21922784,244.64,5.07253200,1
1505924138,21922781,244.63,0.21681442,1
1505924138,21922775,244.63,0.08274000,1
1505924123,21922709,244.43,0.20084876,1
1505924113,21922689,244.43,1.80763880,1
1505924097,21922658,244.43,0.90756900,1
1505924095,21922653,244.44,1.73282000,0
1505924094,21922652,244.44,0.96718000,0
1505924092,21922651,244.43,0.95621300,1
1505924090,21922646,244.74,5.29311424,0
1505924090,21922645,244.74,1.69735882,0
1505924081,21922629,244.43,0.12773044,1
1505924077,21922618,244.27,5.21161918,1
1505924077,21922616,244.29,0.44404420,1
1505924077,21922614,244.33,1.20472312,1
1505924077,21922613,244.34,4.84628150,1
1505924077,21922612,244.41,0.08274000,1
1505924077,21922611,244.42,0.08274000,1
1505924052,21922552,244.57,0.20000000,0
1505924047,21922537,244.57,0.63057799,1
1505924046,21922531,244.91,0.33798995,1
1505924046,21922529,244.91,0.08500000,0
1505924045,21922525,244.86,0.45000000,0
1505924045,21922524,244.57,0.24160645,0
1505924045,21922523,244.57,0.80392360,1
1505924043,21922520,244.56,0.08274000,0
1505924012,21922478,244.15,0.06312083,1
1505924012,21922473,244.57,0.16800000,0
1505924007,21922457,244.57,0.33755999,0
1505923997,21922441,244.89,1.76464688,1
1505923997,21922440,244.89,0.06903354,1
1505923997,21922439,244.88,0.21000000,1
1505923996,21922438,244.87,0.33854514,0
1505923996,21922437,244.87,0.06004885,1
1505923996,21922435,244.74,0.14371968,0
1505923996,21922434,244.74,0.19542113,0
1505923996,21922430,244.57,0.50000000,0
1505923995,21922428,244.50,0.47000000,0
1505923995,21922427,244.45,0.33954566,0
1505923993,21922423,244.44,2.02492969,0
1505923987,21922418,244.29,0.80277538,1
1505923983,21922404,244.30,0.93803129,0
1505923983,21922402,244.29,2.02493000,0
1505923977,21922394,244.30,1.26999000,0
1505923977,21922393,244.30,2.02493000,0
1505923976,21922391,244.30,0.76704871,0
1505923976,21922389,244.17,0.50000000,0
1505923969,21922365,244.00,0.86312083,0
1505923967,21922363,244.00,8.00000000,0
1505923958,21922322,244.00,1.82977130,0
1505923958,21922321,244.00,2.35383291,0
1505923957,21922320,244.00,1.70639579,0
1505923957,21922319,243.99,4.11000000,0
1505923951,21922293,244.00,1.56481000,0
1505923948,21922276,244.00,0.79370016,0
1505923943,21922260,244.00,0.79366568,0
1505923937,21922228,244.00,0.24624000,0
1505923935,21922222,243.97,5.27101252,0
1505923935,21922221,243.97,26.50800000,0
1505923935,21922220,243.97,17.37600000,0
1505923935,21922219,243.97,33.22199900,0
1505923934,21922217,243.97,1.50281100,0
1505923934,21922215,243.97,16.64872500,0
1505923934,21922213,243.97,1.48995000,0
1505923934,21922212,243.97,1.51128000,0
1505923934,21922211,243.97,1.73993336,0
1505923934,21922210,243.96,0.25000000,1
1505923933,21922209,243.96,3.51006664,0
1505923933,21922207,243.96,4.23001000,0
1505923932,21922198,243.96,18.27363436,1
1505923931,21922197,243.97,1.50532000,0
1505923931,21922195,243.97,1.00003400,0
1505923931,21922193,243.97,3.98765000,0
1505923931,21922191,243.97,3.23525900,0
1505923931,21922190,243.97,25.75701000,0
1505923931,21922189,243.97,57.00500000,0
1505923931,21922186,243.97,51.42395200,0
1505923930,21922183,243.97,3.42740000,0
1505923930,21922180,243.97,1.72370000,0
1505923930,21922178,243.97,5.14110000,0
1505923930,21922177,243.97,2.62400000,0
1505923930,21922176,243.97,20.84933300,0
1505923929,21922173,243.97,2.08531700,0
1505923929,21922170,243.97,33.77005100,0
1505923929,21922168,243.97,15.67235700,0
1505923929,21922166,243.97,2.68900000,0
1505923929,21922164,243.97,1.18500000,0
1505923929,21922162,243.97,7.50000000,0
1505923928,21922161,243.97,77.70000000,0
1505923928,21922159,243.97,2.74000000,0
1505923928,21922157,243.97,7.00000000,0
1505923928,21922155,243.97,0.24624000,0
1505923928,21922153,243.97,18.15153700,0
1505923928,21922151,243.97,5.50000000,0
1505923926,21922141,243.96,0.29000000,0
1505923926,21922139,243.96,3.37391564,0
1505923926,21922138,243.96,11.21047600,0
1505923926,21922136,243.96,3.71000900,0
1505923925,21922129,243.96,0.71930736,0
1505923925,21922125,243.96,0.50000000,0
1505923925,21922123,243.95,0.50000000,0
1505923925,21922120,243.94,0.16574291,0
1505923925,21922117,243.92,0.08274573,0
1505923925,21922115,243.66,0.08274000,0
1505923866,21922074,243.92,0.04954200,0
1505923866,21922073,243.88,0.08274000,0
1505923746,21921997,243.79,0.08273491,1
1505923742,21921993,243.79,0.96979209,0
1505923693,21921959,243.85,0.31650065,1
1505923691,21921958,243.85,0.08274000,0
1505923666,21921941,243.50,0.78572100,1
1505923660,21921939,243.50,3.03798300,1
1505923660,21921938,243.51,0.08208000,1
1505923660,21921937,243.53,0.08274000,1
1505923619,21921923,243.92,0.08193500,0
1505923619,21921922,243.91,0.08274000,0
1505923611,21921918,243.56,0.13228773,1
1505923611,21921917,243.57,0.08194000,1
1505923611,21921916,243.60,0.00005619,1
1505923611,21921915,243.61,0.08274000,1
1505923595,21921909,243.60,3.35098523,1
1505923571,21921900,243.57,0.88770709,1
1505923571,21921899,243.57,0.16574291,1
1505923571,21921898,243.65,0.08274000,1
1505923540,21921893,243.96,0.83577500,0
1505923538,21921891,243.95,0.16548500,0
1505923496,21921871,243.95,0.13207500,0
1505923496,21921870,243.95,0.96814000,0
1505923495,21921869,243.92,0.08274000,0
1505923495,21921867,243.91,0.08274000,0
1505923488,21921859,243.49,0.29756000,0
1505923487,21921857,243.64,0.08274000,1
1505923482,21921856,243.62,0.96814000,1
1505923482,21921855,243.70,0.08274000,1
1505923466,21921831,243.97,2.39615527,0
1505923464,21921821,243.96,0.29224904,0
1505923462,21921812,243.97,2.68737959,0
1505923459,21921799,243.97,2.68729761,0
1505923459,21921797,243.97,10.37146000,0
1505923459,21921794,243.97,9.75550000,0
1505923455,21921769,243.97,3.84497300,0
1505923455,21921768,243.97,4.87509383,0
1505923455,21921767,243.96,0.10000000,0
1505923454,21921765,243.68,0.47000000,0
1505923454,21921764,243.60,72.25490617,0
1505923454,21921761,243.60,24.44682000,0
1505923454,21921760,243.60,7.04598400,0
1505923454,21921759,243.60,6.86597600,0
1505923453,21921756,243.60,11.05428300,0
1505923453,21921753,243.60,20.33933300,0
1505923452,21921750,243.59,0.51000000,0
1505923448,21921728,243.43,3.09000000,1
1505923435,21921672,243.60,12.61796200,0
1505923434,21921670,243.60,2.83170000,0
1505923434,21921669,243.60,2.83170000,0
1505923434,21921668,243.60,3.83470000,0
1505923434,21921667,243.60,3.23170000,0
1505923434,21921666,243.60,10.04330400,0
1505923434,21921665,243.60,5.67340000,0
1505923434,21921664,243.60,2.84170000,0
1505923434,21921662,243.60,5.56237400,0
1505923433,21921661,243.60,1.50385100,0
1505923432,21921653,243.60,5.43927500,0
1505923432,21921651,243.60,13.78832593,0
1505923432,21921649,243.59,0.75000000,0
1505923432,21921647,243.59,4.87000000,0
1505923432,21921645,243.58,0.87980000,0
1505923432,21921644,243.57,0.56120707,0
1505923432,21921643,243.57,1.28168797,0
1505923431,21921641,243.57,1.95001203,0
1505923431,21921639,243.57,0.81632510,0
1505923431,21921638,243.43,2.01537490,0
1505923430,21921631,243.42,3.28806992,0
1505923430,21921624,243.42,0.44824837,0
1505923425,21921591,243.42,0.46114336,0
1505923397,21921578,243.42,0.61315000,1
1505923392,21921577,243.43,0.04114472,0
1505923345,21921559,243.42,0.41078675,1
1505923266,21921517,243.07,4.11000000,1
1505923261,21921511,243.27,1.61491700,1
1505923261,21921510,243.27,1.93381100,1
1505923260,21921509,243.27,4.11000000,1
1505923259,21921508,243.27,4.11000000,1
1505923258,21921505,243.27,4.11000000,1
1505923251,21921503,243.42,1.44010352,0
1505923174,21921476,243.42,0.36825240,0
1505923032,21921413,243.38,0.08274000,0
1505923004,21921367,243.42,0.24669000,1
1505922994,21921358,243.42,0.12925791,1
1505922919,21921315,243.44,3.04601100,1
1505922913,21921311,243.44,1.60620000,1
1505922912,21921310,243.45,1.80000000,1
1505922897,21921287,243.42,0.47315700,1
1505922888,21921267,243.57,3.77714825,0
1505922888,21921266,243.57,0.99971260,0
1505922883,21921246,243.57,0.24669000,0
1505922883,21921243,243.30,24.49517076,0
1505922883,21921242,243.30,250.00000000,0
1505922881,21921230,243.30,217.12837512,0
1505922881,21921227,243.29,0.27000000,0
1505922881,21921223,243.29,5.90900000,0
1505922881,21921221,243.29,15.98000000,0
1505922881,21921219,243.28,1.61492268,0
1505922881,21921216,243.27,8.83197172,0
1505922880,21921213,243.23,0.26573048,0
1505922735,21921133,243.27,0.26573048,0
1505922735,21921132,243.23,1.20916811,0
1505922734,21921131,243.20,1.00000000,0
1505922734,21921130,243.19,0.32870000,0
1505922734,21921129,243.19,0.96982000,0
1505922734,21921128,243.19,0.08274000,1
1505922732,21921127,242.77,0.00038310,0
1505922538,21921069,242.57,0.28044113,1
1505922538,21921068,242.58,0.33328887,1
1505922537,21921066,242.58,0.80000000,1
1505922492,21921055,242.57,5.74149515,1
1505922492,21921054,242.58,1.20916811,1
1505922449,21921031,242.57,14.70065720,1
1505922449,21921029,242.57,0.83304480,1
1505922449,21921028,242.59,0.32870000,1
1505922448,21921026,242.57,2.39504793,1
1505922448,21921024,242.57,4.17246125,1
1505922448,21921023,242.58,0.74704557,1
1505922447,21921022,242.58,2.96594160,1
1505922441,21921015,242.98,0.54747290,1
1505922400,21920978,242.98,0.45252710,1
1505922400,21920977,242.99,0.96982000,1
1505922400,21920976,242.99,0.08238784,1
1505922351,21920946,242.99,0.42082200,1
1505922350,21920945,243.00,0.08274000,1
1505922182,21920838,242.99,0.32076800,1
1505922177,21920836,243.28,0.34692000,0
1505922175,21920834,242.99,0.42069400,1
1505922175,21920833,243.00,0.08274000,1
1505922175,21920831,243.28,2.84722906,0
1505922174,21920830,243.27,0.08274000,0
1505922173,21920825,243.28,2.84873300,0
1505922172,21920824,243.26,0.08274000,0
1505922164,21920819,243.00,1.31134500,0
1505922163,21920818,243.00,0.60591500,1
1505922163,21920817,243.01,0.08274000,1
1505922159,21920811,243.00,0.39408500,1
1505922159,21920810,243.02,0.08274000,1
1505922155,21920808,243.28,0.20499013,0
1505922132,21920796,243.11,0.55643475,1
1505922130,21920790,243.11,1.17779378,1
1505922086,21920774,243.28,0.17095000,0
1505922082,21920771,243.28,0.08200427,0
1505922080,21920767,243.28,0.17074400,0
1505922077,21920765,243.28,0.83935700,0
1505922069,21920759,243.28,6.75394986,0
1505922069,21920758,243.27,2.17205014,0
1505922061,21920750,243.27,1.98327700,0
1505922020,21920735,243.27,0.83257286,0
1505922018,21920734,243.26,0.19251592,0
1505922009,21920730,243.26,0.37699900,0
1505921963,21920702,243.06,0.30503000,1
1505921955,21920691,243.26,2.00126000,0
1505921927,21920662,243.26,2.04808824,0
1505921883,21920626,243.26,1.00053441,0
1505921868,21920614,243.26,0.13857100,0
1505921822,21920554,243.19,1.86420663,1
1505921822,21920553,243.19,0.10345400,1
1505921822,21920552,243.19,4.01233937,1
1505921814,21920544,243.26,4.24203143,0
1505921814,21920542,243.26,1.61713158,0
1505921769,21920511,243.26,0.10000000,0
1505921767,21920509,243.22,1.49600000,1
1505921724,21920488,243.26,5.26376842,0
1505921724,21920487,243.25,5.61481195,0
1505921724,21920486,243.24,6.87980000,0
1505921724,21920485,243.23,2.46161963,0
1505921640,21920445,243.23,0.12658800,0
1505921471,21920302,243.23,0.20503227,0
1505921466,21920298,243.22,1.93000000,1
1505921445,21920285,243.23,0.17221800,0
1505921445,21920284,243.23,0.38959010,0
1505921424,21920271,243.23,0.19748000,0
1505921377,21920230,243.22,0.91930000,1
1505921372,21920226,243.23,1.31747200,0
1505921371,21920224,243.22,4.93655259,0
1505921371,21920223,243.22,1.06344741,0
1505921371,21920222,243.22,0.15445759,0
1505921371,21920221,243.20,0.10345900,0
1505921333,21920201,243.20,0.89654100,0
1505921331,21920197,243.19,3.55048900,0
1505921330,21920192,243.19,0.46185600,0
1505921247,21920149,243.19,1.98765500,0
1505921247,21920148,243.18,1.00000000,0
1505920969,21920034,243.22,0.34554241,0
1505920729,21919831,243.25,0.34755805,0
1505920729,21919830,243.22,0.08274000,0
1505920619,21919731,243.25,1.80523000,0
1505920619,21919728,243.24,0.08274000,0
1505920550,21919694,242.88,2.85577151,0
1505920548,21919693,242.94,0.08274000,1
1505920470,21919611,242.90,4.49849856,0
1505920469,21919609,242.90,0.08274000,1
1505920410,21919574,243.19,0.61373000,1
1505920379,21919561,243.30,8.37645412,0
1505920379,21919560,243.19,0.60788621,0
1505920374,21919551,243.19,0.59821538,0
1505920372,21919543,243.18,1.46899417,0
1505920370,21919541,242.80,165.83959556,0
1505920370,21919540,242.80,249.89000000,0
1505920370,21919539,242.79,0.11000000,0
1505920348,21919521,242.80,2.78915943,0
1505920347,21919519,242.80,0.17537200,0
1505920342,21919512,242.80,27.34912900,0
1505920341,21919511,242.79,0.14000000,0
1505920328,21919499,242.80,0.05900000,0
1505920327,21919498,242.80,6.79194700,0
1505920327,21919496,242.79,0.20000000,0
1505920324,21919494,242.80,9.75778100,0
1505920324,21919493,242.79,0.20000000,0
1505920311,21919486,242.80,0.30681700,0
1505920303,21919471,242.80,0.65578400,0
1505920303,21919470,242.79,0.24000000,0
1505920279,21919460,242.80,0.04051000,0
1505920275,21919459,242.80,0.39532784,0
1505920275,21919458,242.79,0.28000000,0
1505920271,21919456,242.80,14.39480000,0
1505920271,21919453,242.79,0.33000000,0
1505920271,21919452,242.79,4.89970000,0
1505920259,21919432,242.80,2.49625205,0
1505920248,21919422,242.80,7.74537923,0
1505920248,21919420,242.79,0.39000000,0
1505920247,21919413,242.80,0.29998104,0
1505920246,21919411,242.80,6.54165414,0
1505920245,21919405,242.80,3.98776771,0
1505920237,21919396,242.80,0.48374300,0
1505920237,21919394,242.79,3.98000000,0
1505920237,21919393,242.79,1.52125700,0
1505920236,21919392,242.79,0.47000000,0
1505920235,21919391,242.79,1.36706500,0
1505920234,21919390,242.73,0.47000000,1
1505920233,21919389,242.79,6.56138900,0
1505920233,21919388,242.79,3.97728900,0
1505920233,21919387,242.79,7.69470600,0
1505920233,21919386,242.79,5.18429400,0
1505920233,21919385,242.78,3.98000000,0
1505920232,21919384,242.70,12.60267290,0
1505920232,21919383,242.70,4.78242100,0
1505920232,21919381,242.70,14.57078000,0
1505920232,21919380,242.70,2.17297200,0
1505920232,21919379,242.70,1.28172900,0
1505920231,21919378,242.70,3.43686500,0
1505920231,21919377,242.70,5.99992400,0
1505920231,21919376,242.70,3.29373000,0
1505920231,21919375,242.70,8.87248400,0
1505920230,21919371,242.70,13.48967200,0
1505920230,21919368,242.70,2.39673300,0
1505920230,21919365,242.70,9.36513871,0
1505920230,21919364,242.69,0.37553529,0
1505920221,21919357,242.69,0.18446471,1
1505920210,21919352,242.70,0.24723000,0
1505920207,21919351,242.69,0.00000529,0
1505920205,21919348,242.69,0.64912500,0
1505920196,21919335,242.69,0.65366800,0
1505920177,21919309,242.69,0.37764000,0
1505920170,21919303,242.69,0.33999234,0
1505920170,21919301,242.69,2.06478075,0
1505920164,21919298,242.69,0.33953464,0
1505920164,21919295,242.69,0.47495398,0
1505920159,21919287,242.70,6.14321437,0
1505920153,21919271,242.70,0.41088500,0
1505920152,21919269,242.70,0.46000000,0
1505920142,21919265,242.70,0.32850900,0
1505920141,21919260,242.69,2.80450300,1
1505920140,21919259,242.70,1.75475897,0
1505920126,21919246,242.70,0.29274397,0
1505920112,21919238,242.70,0.27959900,0
1505920109,21919237,242.70,2.00126000,0
1505920107,21919236,242.70,1.68900000,0
1505920086,21919226,242.70,1.02953471,0
1505920085,21919225,242.69,0.21046529,0
1505920078,21919223,242.69,3.83158393,0
1505920051,21919212,242.69,0.21160027,0
1505920049,21919209,242.69,0.64605051,1
1505920047,21919205,242.70,0.15772558,0
1505920003,21919192,242.70,2.19954676,0
1505920003,21919191,242.70,0.64597700,0
1505920002,21919190,242.70,0.41100124,0
1505919944,21919115,242.70,4.11416300,0
1505919943,21919114,242.70,4.11005000,0
1505919917,21919106,242.70,8.60000000,0
1505919826,21919062,242.70,49.16731525,0
1505919826,21919060,242.69,12.82899975,0
1505919810,21919047,242.69,0.05000025,0
1505919789,21919040,242.70,1.73000000,0
1505919767,21919029,242.70,13.26788262,0
1505919761,21919027,242.69,2.17963067,0
1505919756,21919025,242.69,3.79654572,0
1505919754,21919022,242.69,2.52931723,0
1505919754,21919021,242.69,0.57742069,0
1505919754,21919020,242.69,2.33667078,0
1505919754,21919019,242.69,1.45941491,0
1505919738,21919013,242.70,9.38124900,0
1505919737,21919012,242.70,22.06080000,0
1505919734,21919011,242.70,0.01052425,0
1505919734,21919010,242.69,14.89798000,0
1505919734,21919009,242.69,0.17429575,0
1505919723,21919002,242.69,0.20233219,0
1505919715,21918992,242.69,2.66625568,0
1505919714,21918989,242.69,2.66731220,0
1505919713,21918976,242.69,0.47189946,0
1505919710,21918968,242.69,4.18000000,0
1505919709,21918965,242.69,1.20029300,0
1505919674,21918954,242.69,1.93000000,0
1505919665,21918951,242.69,3.27631172,1
1505919662,21918947,242.70,0.47000000,0
1505919661,21918946,242.70,1.88953440,0
1505919659,21918942,242.70,0.21934900,0
1505919657,21918940,242.70,1.68718291,0
1505919657,21918939,242.70,0.47166750,0
1505919654,21918932,242.70,6.89382000,0
1505919653,21918929,242.70,0.47095212,0
1505919652,21918926,242.70,0.47000000,0
1505919649,21918919,242.70,0.47023785,0
1505919645,21918905,242.70,1.90651009,0
1505919645,21918901,242.68,0.46197155,0
1505919644,21918894,242.69,3.51864518,1
1505919644,21918893,242.69,0.00028327,1
1505919643,21918887,242.69,3.73800000,0
1505919639,21918882,242.69,4.18000000,0
1505919638,21918879,242.69,4.18000000,0
1505919612,21918867,242.70,9.00000000,0
1505919610,21918866,242.70,0.50877100,0
1505919610,21918865,242.70,0.37791512,0
1505919603,21918853,242.70,0.79870800,0
1505919592,21918851,242.70,0.04562398,0
1505919586,21918849,242.70,25.37890000,0
1505919567,21918841,242.70,0.50365000,0
1505919562,21918840,242.70,0.37716900,0
1505919562,21918839,242.69,0.11000000,0
1505919560,21918836,242.70,0.20590000,0
1505919558,21918835,242.70,9.03787500,0
1505919558,21918834,242.69,0.11000000,0
1505919523,21918808,242.70,2.76576020,0
1505919522,21918807,242.70,36.59407100,0
1505919522,21918806,242.69,0.13000000,0
1505919516,21918804,242.70,0.73303671,0
1505919509,21918799,242.70,0.05243098,0
1505919509,21918798,242.69,0.15000000,0
1505919508,21918797,242.70,70.94000000,0
1505919508,21918794,242.70,4.95372888,0
1505919505,21918788,242.70,9.91367400,0
1505919503,21918781,242.70,3.03280500,0
1505919503,21918780,242.69,0.18000000,0
1505919427,21918747,242.70,0.04107952,0
1505919425,21918741,242.70,1.97160600,0
1505919418,21918732,242.70,2.18371100,0
1505919418,21918730,242.69,0.21000000,0
1505919367,21918717,242.70,4.18000000,0
1505919367,21918716,242.70,0.25000000,0
1505919366,21918715,242.70,3.93000000,0
1505919366,21918714,242.70,0.25000000,0
1505919365,21918713,242.70,3.93000000,0
1505919364,21918712,242.70,0.25000000,0
1505919364,21918711,242.70,3.93000000,0
1505919364,21918710,242.69,0.25000000,0
1505919363,21918708,242.70,4.18000000,0
1505919305,21918677,242.70,17.76477132,0
1505919304,21918674,242.70,8.39260750,0
1505919304,21918673,242.69,0.30000000,0
1505919304,21918672,242.69,4.28700850,0
1505919266,21918618,242.69,1.03005500,0
1505919263,21918616,242.69,0.14658900,0
1505919255,21918610,242.69,1.04995800,0
1505919232,21918592,242.69,13.31778800,0
1505919231,21918591,242.69,1.37771000,0
1505919229,21918588,242.69,16.43435402,0
1505919159,21918565,242.69,3.00000000,0
1505919153,21918563,242.69,0.03683712,0
1505919150,21918561,242.69,0.28726045,0
1505919149,21918560,242.69,0.28726045,0
1505919149,21918559,242.69,0.03684536,0
1505919148,21918557,242.69,0.27634019,0
1505919148,21918556,242.69,8.80607154,0
1505919148,21918555,242.68,0.03690472,0
1505919142,21918553,242.68,0.27624992,0
1505919142,21918551,242.68,0.03684536,0
1505919100,21918512,242.69,0.18417800,0
1505919098,21918511,242.69,2.00985230,1
1505919098,21918510,242.69,0.42014770,1
1505919098,21918509,242.69,0.42000000,1
1505919094,21918501,242.70,1.63770086,0
1505919094,21918500,242.70,7.65688504,0
1505919094,21918498,242.69,0.42000000,0
1505919077,21918489,242.70,1.59718900,0
1505919074,21918486,242.70,3.24581909,0
1505919074,21918485,242.69,0.50000000,0
1505919071,21918480,242.70,5.47511330,0
1505919064,21918476,242.70,2.41000000,0
1505919063,21918475,242.69,0.59000000,0
1505919058,21918472,242.70,7.18530483,0
1505919056,21918470,242.70,2.52121512,0
1505919052,21918467,242.70,1.08913892,0
1505919052,21918466,242.69,0.70000000,0
1505919040,21918448,242.50,4.05162887,0
1505919040,21918447,242.50,6.10204529,0
1505919040,21918445,242.50,1.97660000,0
1505919039,21918442,242.49,0.05505350,0
1505919038,21918441,242.49,0.84000000,1
1505919037,21918435,242.50,0.34284000,0
1505919037,21918433,242.50,3.44070103,0
1505919036,21918430,242.50,3.31800000,0
1505919036,21918428,242.49,0.84000000,0
1505919025,21918413,242.49,0.46000000,0
1505919006,21918402,242.50,5.32284000,0
1505919004,21918395,242.49,0.33998411,0
1505918951,21918381,242.49,0.40000000,0
1505918904,21918347,242.49,0.34599941,0
1505918877,21918332,242.50,0.96134821,0
1505918829,21918310,242.50,5.24625676,0
1505918829,21918309,242.49,0.10274000,0
1505918822,21918307,242.49,0.15726000,1
1505918819,21918302,242.49,0.26000000,0
1505918819,21918301,242.38,0.08274000,0
1505918809,21918292,242.04,4.18000000,1
1505918802,21918289,242.50,4.93030799,0
1505918802,21918288,242.49,0.31000000,0
1505918802,21918287,242.48,0.97188000,0
1505918777,21918272,242.23,0.62434000,1
1505918777,21918270,242.50,2.29705500,0
1505918777,21918269,242.49,0.37000000,0
1505918770,21918260,242.06,0.02303774,0
1505918770,21918259,242.22,0.97188000,1
1505918769,21918257,242.23,0.08274000,1
1505918646,21918153,242.50,0.05000000,0
1505918611,21918110,242.69,0.73577056,0
1505918602,21918093,242.70,0.10292542,0
1505918592,21918083,242.69,2.21487197,1
1505918592,21918082,242.69,0.39512803,0
1505918592,21918079,242.49,0.11000000,0
1505918590,21918077,242.44,4.18000000,0
1505918587,21918068,242.45,4.11876500,0
1505918587,21918067,242.45,0.97096000,0
1505918553,21918030,242.46,0.50529201,1
1505918551,21918026,242.50,0.89332274,0
1505918550,21918025,242.49,0.13000000,0
1505918519,21917955,242.46,0.02904000,1
1505918514,21917946,242.70,12.89756901,0
1505918512,21917945,242.69,0.16000000,0
1505918494,21917932,242.49,0.97096000,1
1505918420,21917887,242.99,0.04030914,0
1505918420,21917886,242.88,0.06160107,0
1505918420,21917885,242.85,0.08274000,0
1505918409,21917874,242.94,0.26739893,0
1505918352,21917822,242.64,0.32900000,1
1505918352,21917821,242.73,0.08274000,1
1505918224,21917686,243.16,4.16786400,0
1505918213,21917674,243.18,1.53100583,0
1505918213,21917673,243.09,4.18000000,0
1505918211,21917672,243.00,0.27949686,0
1505918109,21917592,243.20,0.05007027,0
1505918105,21917589,243.19,0.05007027,0
1505918102,21917581,243.20,2.76000000,0
1505918100,21917579,242.70,0.00581723,1
1505918100,21917577,243.12,4.82585277,1
1505918086,21917570,243.16,4.15005423,0
1505918086,21917569,243.16,4.82585800,0
1505918065,21917552,243.20,4.18000000,0
1505918064,21917551,243.20,4.18000000,0
1505918063,21917550,243.19,0.50000000,1
1505918063,21917549,243.19,3.68000000,1
1505918059,21917547,243.20,0.35000000,0
1505918059,21917546,243.20,0.28076800,0
1505918059,21917545,243.20,3.13947184,0
1505918058,21917544,243.19,0.50000000,1
1505918011,21917516,243.50,0.89351129,0
1505918008,21917511,243.49,0.73029693,0
1505917980,21917484,243.49,3.73817700,0
1505917902,21917410,243.60,0.73632840,0
1505917900,21917408,243.59,0.29000000,0
1505917896,21917403,243.59,0.25160931,1
1505917892,21917399,243.60,10.13819596,0
1505917892,21917398,243.59,0.35000000,0
1505917892,21917397,243.57,0.08274000,0
1505917859,21917366,243.59,0.31725409,0
1505917859,21917365,243.59,0.96656391,0
1505917858,21917364,243.48,0.08274000,0
1505917832,21917346,243.59,0.47000000,1
1505917822,21917337,243.59,10.85396930,1
1505917818,21917332,243.59,0.56000000,1
1505917807,21917324,243.59,0.67000000,0
1505917806,21917323,243.58,4.61451686,1
1505917806,21917322,243.58,3.01877112,1
1505917806,21917321,243.58,3.51562888,1
1505917804,21917284,242.95,0.86595172,0
1505917803,21917277,243.02,0.33954566,1
1505917803,21917272,243.35,4.84628150,0
1505917802,21917270,243.43,0.14371968,1
1505917802,21917269,243.51,0.33886379,1
1505917800,21917268,243.52,0.93999500,1
1505917797,21917266,243.57,0.79000000,0
1505917785,21917259,243.58,6.00000000,1
1505917749,21917221,243.60,2.08339901,0
1505917749,21917219,243.58,0.94000000,0
1505917738,21917206,243.60,33.38394151,0
1505917737,21917204,243.60,0.94000000,0
1505917737,21917202,243.60,37.93436600,0
1505917736,21917201,243.64,107.88700000,1
1505917736,21917200,243.65,52.86265700,1
1505917736,21917199,243.66,0.09121029,1
1505917736,21917198,243.85,37.93561300,1
1505917736,21917197,243.95,3.79999473,1
1505917624,21917119,243.97,5.69009009,0
1505917623,21917118,243.96,0.25000000,0
1505917574,21917097,243.95,1.00000000,1
1505917568,21917092,243.95,0.20000527,1
1505917565,21917090,243.96,17.71000000,1
1505917554,21917087,243.96,0.30000000,1
1505917543,21917075,243.97,0.20000000,0
1505917541,21917073,243.96,0.35000000,1
1505917528,21917066,243.96,0.42000000,1
1505917511,21917054,243.96,6.35546160,1
1505917503,21917049,243.96,1.00000000,1
1505917489,21917045,243.96,2.00000000,1
1505917465,21917024,244.00,1.72000000,0
1505917462,21917023,244.00,1.97000000,0
1505917443,21917012,243.96,1.00000000,1
1505917439,21917009,243.96,3.00000000,1
1505917431,21916991,244.10,1.84906900,0
1505917429,21916988,243.96,4.00000000,1
1505917428,21916987,243.96,14.60780000,1
1505917414,21916980,243.96,0.11575358,1
1505917413,21916979,243.97,0.01769642,1
1505917413,21916978,243.99,0.46655000,1
1505917411,21916977,243.99,0.50000000,1
1505917388,21916970,244.19,0.30307973,0
1505917388,21916969,244.18,0.50000000,0
1505917378,21916959,243.97,1.20610159,1
1505917378,21916957,243.98,0.08274000,1
1505917378,21916956,243.98,1.72000000,0
1505917376,21916954,243.99,0.08274000,1
1505917316,21916928,244.00,0.46000000,1
1505917316,21916927,244.00,0.05002756,1
1505917316,21916926,244.00,1.63103402,1
1505917316,21916925,244.02,1.00000000,1
1505917316,21916924,244.35,1.79584000,1
1505917274,21916900,244.41,0.10057197,0
1505917225,21916868,244.35,0.20416000,1
1505917220,21916867,244.42,3.90688082,0
1505917198,21916852,244.25,0.12005428,1
1505917173,21916832,244.44,0.10000000,0
1505917170,21916830,244.44,4.00000000,0
1505917168,21916822,244.40,2.67507000,0
1505917168,21916821,244.40,2.12493000,0
1505917168,21916820,244.39,4.00000000,0
1505917151,21916807,244.00,0.16896598,1
1505917151,21916806,244.29,2.31227799,1
1505917147,21916805,244.29,0.68772201,0
1505917147,21916804,244.28,0.10000000,0
1505917143,21916802,244.29,0.10000000,0
1505917138,21916795,244.29,0.34770200,0
1505917137,21916794,244.09,4.77000000,1
1505917137,21916793,244.14,1.97000000,0
1505917136,21916792,244.14,0.10000000,0
1505917135,21916791,244.09,13.70654003,1
1505917135,21916790,244.10,1.00000000,1
1505917135,21916789,244.14,0.11228759,1
1505917135,21916788,244.14,0.18117238,1
1505917122,21916781,244.29,0.56199599,0
1505917115,21916771,244.29,1.20258000,0
1505917114,21916769,244.29,0.10000000,0
1505917097,21916760,244.14,0.08071679,1
1505917097,21916759,244.14,0.31928321,1
1505917085,21916738,244.40,0.10000000,0
1505917085,21916736,244.14,0.09063248,1
1505917063,21916724,244.40,0.10000000,0
1505917058,21916704,244.39,1.31589744,0
1505917057,21916699,244.39,1.24436311,0
1505917055,21916681,244.39,0.10000000,0
1505917026,21916639,244.38,1.78279861,0
1505917016,21916624,244.39,3.65563689,0
1505917016,21916623,244.39,0.42636319,0
1505917006,21916618,244.39,0.10000000,0
1505916999,21916611,244.39,4.08363681,0
1505916997,21916610,244.38,0.00000452,1
1505916996,21916608,244.39,0.39000000,0
1505916995,21916606,244.39,0.03000000,0
1505916994,21916603,244.38,0.90251500,0
1505916993,21916601,244.38,0.18843605,0
1505916993,21916600,244.37,0.12626079,0
1505916993,21916599,244.37,0.20293921,0
1505916993,21916598,244.35,0.31927919,0
1505916991,21916595,244.34,0.70337878,0
1505916983,21916581,244.34,0.26180731,0
1505916972,21916561,244.06,0.08274000,1
1505916971,21916560,244.00,7.57059490,0
1505916970,21916559,244.00,0.20579849,1
1505916969,21916558,244.00,3.00354416,1
1505916969,21916557,244.30,1.63029799,1
1505916961,21916535,244.00,4.65836962,0
1505916959,21916533,244.01,0.31854919,1
1505916959,21916531,244.02,0.08274000,1
1505916959,21916530,244.28,4.94034119,1
1505916958,21916528,244.28,0.08274000,1
1505916957,21916527,244.28,0.08274000,0
1505916951,21916521,244.01,0.00073000,1
1505916951,21916520,244.02,0.96520000,1
1505916951,21916519,244.02,0.08274000,1
1505916917,21916463,244.37,1.30000000,1
1505916915,21916456,244.37,0.74381600,1
1505916914,21916449,244.30,0.08274000,0
1505916907,21916417,244.01,0.90251500,1
1505916907,21916416,244.04,0.08274000,1
1505916885,21916320,244.36,4.08397103,0
1505916882,21916315,244.38,0.31156395,0
1505916882,21916314,244.36,0.19995090,0
1505916877,21916302,244.36,0.30004910,0
1505916877,21916301,244.21,0.50000000,0
1505916877,21916300,244.08,0.28196669,0
1505916876,21916299,244.03,0.38870100,0
1505916870,21916289,244.03,0.41129900,0
1505916867,21916279,244.00,5.00000000,0
1505916867,21916277,244.00,1.00000000,0
1505916867,21916276,243.98,8.60780000,0
1505916863,21916267,243.98,3.30000000,0
1505916863,21916266,243.98,0.30000000,0
1505916858,21916257,243.98,0.10000000,0
1505916848,21916239,243.98,0.10000000,0
1505916846,21916222,243.87,0.34035633,0
1505916845,21916220,243.85,3.00000000,0
1505916845,21916218,243.84,0.81726000,0
1505916837,21916200,243.44,0.81726000,1
1505916837,21916199,243.47,0.10000000,0
1505916836,21916196,243.47,0.08274000,0
1505916829,21916185,243.78,0.66975848,0
1505916827,21916183,243.78,10.90603991,0
1505916827,21916182,243.75,0.34052454,0
1505916826,21916181,243.75,0.34052454,0
1505916826,21916180,243.73,1.00000000,0
1505916826,21916179,243.61,0.60591101,0
1505916826,21916178,243.51,0.03000000,0
1505916793,21916087,243.43,0.19542113,0
1505916789,21916072,243.43,0.30457887,0
1505916789,21916070,243.42,0.34097809,0
1505916789,21916068,243.22,0.53853773,0
1505916789,21916066,243.21,0.08274000,0
1505916789,21916064,243.21,0.04906275,0
1505916782,21916029,242.60,0.58975135,1
1505916781,21916027,242.65,0.46000000,1
1505916781,21916025,242.68,0.08274000,1
1505916776,21915984,243.21,0.62973000,0
1505916774,21915970,242.96,1.13221133,1
1505916768,21915928,243.22,0.45000000,0
1505916768,21915926,242.85,0.67879275,1
1505916766,21915918,243.22,0.90000000,0
1505916752,21915852,243.22,1.02561466,0
1505916751,21915838,243.00,0.00000018,0
1505916749,21915832,242.99,0.08274000,0
1505916736,21915763,243.00,1.49999982,0
1505916736,21915761,243.00,0.37364534,0
1505916736,21915760,242.99,0.74692784,0
1505916726,21915731,242.99,0.48000000,0
1505916713,21915701,242.80,0.98525500,1
1505916704,21915669,242.46,0.07861216,1
1505916704,21915668,242.50,1.22692784,1
1505916703,21915667,242.66,0.08274000,1
1505916703,21915666,243.00,0.01726000,0
1505916703,21915665,242.94,0.08274000,0
1505916686,21915615,242.54,0.26465400,1
1505916686,21915614,242.57,0.08274000,1
1505916684,21915609,242.94,0.58033800,0
1505916667,21915586,242.99,12.40873100,1
1505916667,21915585,242.99,0.50000000,0
1505916667,21915583,242.57,0.03659184,0
1505916666,21915582,242.57,0.20000000,0
1505916666,21915581,242.57,0.99000000,0
1505916666,21915580,242.47,0.34231500,0
1505916666,21915579,242.46,0.68104908,0
1505916639,21915496,242.26,8.08297500,0
1505916635,21915483,242.00,8.23023554,0
1505916635,21915482,241.99,4.18000000,0
1505916625,21915473,242.00,1.76976446,0
1505916623,21915464,241.89,4.70871688,0
1505916622,21915460,241.89,6.99883700,0
1505916620,21915453,241.89,0.21055025,0
1505916616,21915444,241.89,0.50000000,0
1505916612,21915435,241.86,2.13562888,0
1505916611,21915434,241.86,0.58000000,0
1505916611,21915433,241.86,0.80000000,0
1505916605,21915417,241.86,0.10000000,0
1505916604,21915416,241.86,2.70000000,0
1505916588,21915383,241.88,1.41000000,0
1505916588,21915382,241.87,0.58000000,0
1505916587,21915381,241.27,3.60000000,1
1505916587,21915380,241.24,3.50000000,0
1505916586,21915379,241.24,0.10000000,1
1505916585,21915376,241.26,3.60000000,1
1505916584,21915373,241.87,3.60000000,0
1505916567,21915351,241.86,0.08274000,0
1505916564,21915345,241.89,6.97423900,0
1505916564,21915344,241.88,2.00776100,0
1505916536,21915283,241.97,2.14592925,0
1505916528,21915275,241.74,0.08274000,0
1505916528,21915274,241.73,0.97067000,0
1505916332,21915056,241.06,0.34231500,1
1505916332,21915054,241.07,0.08274070,1
1505916331,21915051,241.07,0.25076930,0
1505916330,21915049,241.07,0.08274000,0
1505916329,21915048,241.07,0.08274000,1
1505916312,21914971,241.73,7.29189486,0
1505916294,21914928,241.85,1.89249258,1
1505916293,21914927,241.84,0.08274000,0
1505916285,21914913,241.87,0.00000038,1
1505916284,21914912,241.88,9.28000000,0
1505916284,21914910,241.87,1.99999962,1
1505916284,21914908,241.87,0.00776138,1
1505916283,21914901,241.88,1.67856100,1
1505916283,21914899,241.89,0.32920000,1
1505916217,21914821,241.60,11.03553862,0
1505916204,21914804,241.60,3.60000000,0
1505916167,21914767,241.98,0.08274000,1
1505916155,21914750,242.00,1.50000000,1
1505916155,21914749,242.00,3.72508730,1
1505916140,21914727,242.00,0.09830422,1
1505916140,21914725,242.01,0.02969578,1
1505916138,21914723,242.11,5.00000000,1
1505916102,21914646,242.22,1.46629834,0
1505916102,21914645,242.01,0.10000000,0
1505916094,21914634,242.32,0.34052454,1
1505916094,21914633,242.32,0.34052454,1
1505916093,21914632,242.33,0.03659184,1
1505916073,21914611,242.33,0.20000000,1
1505916072,21914610,242.34,0.61785675,0
1505916072,21914608,242.34,1.24355325,0
1505916066,21914593,242.34,3.75644675,0
1505916063,21914585,242.33,0.99000000,1
1505916048,21914576,242.35,5.00000000,1
1505916045,21914565,242.39,1.17948960,0
1505916044,21914559,242.38,1.43665877,1
1505916043,21914557,242.39,2.40793298,0
1505916043,21914556,242.38,2.20000000,0
1505916041,21914552,242.39,2.20000000,1
1505915984,21914446,242.50,0.02385600,0
1505915984,21914445,242.50,0.43210000,0
1505915984,21914444,242.50,0.18391400,0
1505915983,21914443,242.49,0.08270000,1
1505915983,21914442,242.49,0.08270000,0
1505915983,21914440,242.48,0.08270000,1
1505915983,21914438,242.48,0.08270000,1
1505915981,21914433,242.50,0.08274000,0
1505915975,21914430,242.81,0.00000600,1
1505915975,21914429,242.83,0.08274000,1
1505915974,21914427,242.81,0.34940000,1
1505915968,21914403,243.22,0.04126000,0
1505915968,21914402,243.14,0.16000000,0
1505915967,21914400,242.39,0.80000000,0
1505915956,21914374,242.39,0.05050534,0
1505915956,21914373,242.39,0.34040000,0
1505915954,21914366,242.41,1.34645540,0
1505915954,21914364,242.41,7.30168649,0
1505915953,21914362,242.39,0.34040000,0
1505915951,21914359,242.41,0.51005718,0
1505915950,21914355,242.44,0.34035633,1
1505915949,21914351,243.22,3.16951730,0
1505915948,21914347,243.17,0.50000000,0
1505915948,21914343,243.16,0.95000000,1
1505915948,21914340,243.00,0.88274000,0
1505915947,21914339,243.00,0.01726000,0
1505915947,21914338,243.00,0.31000000,0
1505915947,21914335,242.93,0.50000000,0
1505915947,21914332,242.83,1.30377068,0
1505915946,21914330,242.83,0.51064530,0
1505915946,21914324,242.81,0.00000169,0
1505915943,21914304,242.81,3.35762831,1
1505915941,21914294,242.54,1.00000000,0
1505915941,21914292,242.43,0.34237169,0
1505915941,21914291,242.40,0.30000000,0
1505915910,21914177,242.00,7.07720139,0
1505915910,21914174,242.00,0.53907583,0
1505915910,21914173,242.00,0.14998317,0
1505915909,21914172,242.00,1.93783835,0
1505915909,21914169,242.00,5.00000000,0
1505915909,21914168,242.00,0.08402059,0
1505915908,21914161,242.00,3.47921488,0
1505915907,21914154,242.00,0.08058471,0
1505915903,21914129,242.00,0.23516000,0
1505915894,21914061,242.00,0.75362114,0
1505915894,21914060,242.00,2.00000000,0
1505915894,21914058,242.00,1.20012645,0
1505915894,21914056,241.99,0.94604641,0
1505915888,21913989,241.99,0.05395359,0
1505915888,21913987,241.99,16.17406000,0
1505915868,21913902,241.99,1.22152844,0
1505915867,21913901,241.99,6.30881300,0
1505915858,21913875,241.99,4.54076615,0
1505915852,21913854,241.99,1.64899376,0
1505915851,21913848,241.99,0.30000000,0
1505915842,21913820,241.99,0.46000000,0
