date,tid,price,amount,type
1505951956,21939331,283.51,0.76234910,0
1505951956,21939330,283.50,0.26412497,0
1505951955,21939329,283.50,0.73587503,0
1505951955,21939328,283.32,0.26300000,0
1505951955,21939327,283.00,0.00024345,0
1505951954,21939325,283.00,0.48687988,0
1505951951,21939321,283.00,0.51287667,0
1505951947,21939315,282.62,1.32675447,1
1505951947,21939314,282.62,9.04020000,1
1505951947,21939312,282.62,3.19904553,1
1505951946,21939311,282.63,1.45000000,1
1505951946,21939310,282.63,0.16000000,1
1505951946,21939309,282.70,1.00000000,1
1505951946,21939308,282.71,5.00000000,1
1505951946,21939307,282.81,0.05000000,1
1505951946,21939306,283.06,0.05000000,1
1505951946,21939305,283.11,0.26300000,1
1505951946,21939304,283.26,0.05000000,1
1505951946,21939303,283.41,0.05000000,1
1505951893,21939285,283.43,0.70073549,0
1505951893,21939284,283.39,0.29926451,0
1505951857,21939163,282.63,1.98649333,1
1505951857,21939162,282.63,0.23000000,1
1505951857,21939161,282.63,2.49934489,1
1505951856,21939152,282.64,0.17937447,1
1505951855,21939150,282.92,2.37000000,0
1505951855,21939148,282.92,0.50162000,0
1505951854,21939145,282.62,0.25232658,1
1505951854,21939142,282.62,3.91507508,1
1505951853,21939138,282.62,0.44227344,1
1505951852,21939136,282.63,0.17937447,1
1505951852,21939135,282.63,1.38720990,1
1505951852,21939134,282.63,0.97647411,1
1505951851,21939125,282.62,0.98048950,1
1505951850,21939119,282.62,0.25098987,1
1505951849,21939109,282.61,0.28160000,1
1505951848,21939105,282.58,8.95753840,0
1505951848,21939098,282.58,0.08269861,0
1505951847,21939089,282.58,6.95000000,0
1505951845,21939085,282.58,5.00000000,0
1505951844,21939067,282.57,0.31285389,1
1505951843,21939066,282.58,0.28160000,1
1505951843,21939065,282.76,1.59946200,1
1505951843,21939064,283.00,1.00000000,1
1505951838,21939021,283.01,0.01882715,1
1505951838,21939019,283.01,4.54432480,1
1505951838,21939018,283.01,0.43684805,1
1505951832,21938977,283.07,5.00000000,0
1505951829,21938960,283.29,5.18993007,0
1505951829,21938959,283.25,1.76006993,0
1505951829,21938954,283.25,0.99993007,0
1505951827,21938947,283.25,2.74000000,0
1505951822,21938930,283.30,4.00976299,1
1505951822,21938929,283.30,17.87123701,1
1505951822,21938928,283.31,1.34000000,1
1505951822,21938927,283.31,0.78164985,1
1505951821,21938926,283.50,2.84000000,1
1505951821,21938925,283.50,1.00000000,1
1505951821,21938924,283.50,1.00000000,1
1505951777,21938901,283.26,0.23000000,0
1505951770,21938895,283.28,0.69197549,1
1505951765,21938884,283.28,0.26300000,1
1505951763,21938874,284.00,0.60219589,0
1505951762,21938873,284.00,1.00000000,0
1505951762,21938872,283.28,0.71737884,0
1505951762,21938871,283.28,0.05041064,0
1505951761,21938866,283.28,2.64958936,0
1505951760,21938862,282.30,1.18297363,1
1505951760,21938861,282.30,2.72272000,0
1505951760,21938858,283.02,2.93495300,1
1505951760,21938856,283.11,0.11182759,0
1505951759,21938854,283.11,3.41738000,0
1505951758,21938853,283.11,0.06326383,1
1505951757,21938851,283.73,1.38195700,0
1505951757,21938850,283.28,0.11188351,0
1505951757,21938849,283.28,0.08811649,0
1505951756,21938848,283.29,0.31185398,1
1505951755,21938845,283.30,1.03699587,1
1505951755,21938844,283.50,1.00000000,1
1505951755,21938843,283.55,0.26300000,1
1505951755,21938842,283.58,2.03332946,1
1505951755,21938841,283.73,6.95000000,1
1505951755,21938840,283.73,0.76124000,1
1505951754,21938839,283.74,2.10924732,1
1505951754,21938838,283.90,1.00000000,1
1505951744,21938833,284.07,1.32412709,0
1505951739,21938829,284.09,0.19514000,1
1505951738,21938828,284.09,0.01743000,0
1505951737,21938825,284.08,0.21257000,0
1505951736,21938822,284.09,0.21257000,0
1505951734,21938819,284.08,0.21257000,1
1505951734,21938818,284.09,3.14486000,0
1505951733,21938817,284.08,1.02601300,0
1505951732,21938814,284.09,0.21257000,0
1505951731,21938811,284.08,0.21257000,0
1505951730,21938806,284.09,0.21257000,0
1505951727,21938801,284.10,0.21257000,0
1505951726,21938797,283.60,0.48572665,0
1505951725,21938795,283.60,0.21257000,0
1505951724,21938791,283.61,0.06326335,1
1505951724,21938788,283.72,0.87101088,0
1505951723,21938787,283.72,0.15548112,0
1505951723,21938785,283.72,0.05708888,0
1505951723,21938782,283.72,1.76196723,0
1505951721,21938774,283.72,0.29570492,0
1505951721,21938772,283.72,0.06329504,0
1505951720,21938770,283.72,4.36670496,0
1505951720,21938768,283.61,0.06329500,0
1505951718,21938763,283.61,0.14927451,1
1505951718,21938760,283.11,0.06329549,1
1505951717,21938755,282.26,0.28120000,1
1505951715,21938747,283.73,0.00061299,0
1505951715,21938744,283.73,1.01564869,0
1505951714,21938740,282.25,8.18115516,1
1505951714,21938738,282.26,10.73000000,1
1505951714,21938736,282.26,0.06329549,1
1505951713,21938734,282.26,2.32415700,0
1505951713,21938733,282.27,2.42826098,0
1505951713,21938732,282.60,0.10000000,1
1505951712,21938731,282.73,0.05000000,1
1505951712,21938728,282.90,0.04630612,1
1505951712,21938725,282.90,8.10500000,0
1505951712,21938723,282.96,0.05000000,1
1505951711,21938722,283.00,10.00000000,1
1505951711,21938720,283.00,0.18063604,1
1505951711,21938718,283.00,1.00000000,1
1505951711,21938717,283.00,1.01576029,0
1505951711,21938716,283.08,0.05000000,1
1505951710,21938714,283.26,0.06329500,1
1505951710,21938712,283.38,0.05000000,1
1505951710,21938711,283.50,5.00000000,1
1505951709,21938710,283.54,0.33213392,1
1505951709,21938709,283.55,0.23000000,0
1505951705,21938693,283.57,7.81630500,1
1505951704,21938692,283.54,0.72769500,0
1505951703,21938687,283.55,0.28120000,1
1505951703,21938685,283.63,0.05000000,1
1505951702,21938683,283.65,0.70000000,1
1505951692,21938660,284.45,0.22988505,0
1505951692,21938659,284.44,1.99063589,0
1505951688,21938647,284.46,6.36471000,0
1505951686,21938638,284.12,3.81164579,0
1505951686,21938637,283.82,0.19517121,0
1505951683,21938620,283.78,1.00000000,1
1505951681,21938615,283.82,0.82977579,0
1505951680,21938611,283.82,2.38945504,0
1505951679,21938603,283.82,3.96812496,0
1505951676,21938589,284.09,6.35313756,1
1505951675,21938588,284.09,1.30000000,1
1505951674,21938587,284.09,5.64457074,1
1505951674,21938586,284.11,1.30542926,1
1505951673,21938585,284.11,6.95000000,1
1505951672,21938584,284.08,0.26200000,0
1505951672,21938583,284.05,2.62627900,0
1505951672,21938581,284.04,0.00000004,0
1505951671,21938579,284.04,6.11999996,0
1505951657,21938567,283.79,0.75419269,1
1505951657,21938566,283.83,0.05000000,1
1505951657,21938565,283.88,0.04614626,1
1505951657,21938564,283.98,0.05000000,1
1505951651,21938560,284.00,1.89585623,1
1505951626,21938517,284.54,9.81587825,1
1505951623,21938513,284.00,0.00350000,1
1505951623,21938512,284.08,5.00000000,1
1505951576,21938500,284.00,0.90510000,1
1505951576,21938499,284.04,4.09490000,1
1505951575,21938498,284.29,5.00000000,1
1505951573,21938497,284.28,1.71955276,1
1505951568,21938493,284.28,0.28050000,1
1505951566,21938488,284.29,0.41453271,0
1505951565,21938484,284.29,1.39832483,0
1505951563,21938483,284.29,0.26200000,1
1505951562,21938482,284.29,11.01000000,1
1505951562,21938481,284.31,0.59956632,1
1505951562,21938480,284.37,0.69511000,1
1505951562,21938479,284.38,0.06645000,1
1505951562,21938478,284.38,3.23000000,1
1505951562,21938477,284.39,0.28050000,1
1505951539,21938457,284.92,0.05000000,0
1505951531,21938454,284.84,0.69397403,0
1505951531,21938453,284.83,0.23000000,0
1505951501,21938449,284.55,1.00000000,1
1505951377,21938423,284.88,0.60000000,0
1505951356,21938411,284.90,0.06631597,0
1505951356,21938410,284.88,0.21735300,0
1505951356,21938409,284.84,0.23000000,0
1505951334,21938401,284.52,0.76029000,1
1505951308,21938377,284.80,3.21735300,1
1505951225,21938350,284.74,0.03566800,0
1505951196,21938343,284.74,0.01433200,0
1505951196,21938342,284.63,0.05000000,0
1505951073,21938282,284.24,3.62794412,1
1505951073,21938281,284.32,0.05000000,1
1505951063,21938279,284.73,0.81000000,1
1505951062,21938278,284.73,0.25000000,0
1505951026,21938269,284.54,0.66100000,0
1505951019,21938265,284.55,0.73153400,0
1505950987,21938248,284.48,1.02387200,0
1505950960,21938231,284.50,11.29410203,0
1505950947,21938224,284.55,0.18882400,0
1505950941,21938217,284.58,0.06755500,0
1505950900,21938205,284.47,0.58727571,0
1505950887,21938201,284.48,0.05000000,0
1505950887,21938200,284.48,0.05000000,0
1505950817,21938141,284.69,3.04064069,1
1505950816,21938140,284.54,0.05000000,0
1505950816,21938139,284.51,3.81000000,0
1505950816,21938137,284.51,0.23000000,1
1505950815,21938135,284.45,0.00084039,0
1505950815,21938134,284.45,1.02302761,0
1505950815,21938132,284.40,0.00084039,0
1505950813,21938127,284.00,7.19554377,1
1505950813,21938126,284.00,10.11374605,1
1505950813,21938125,284.00,9.17871018,1
1505950812,21938124,284.40,0.22915961,0
1505950812,21938123,284.38,0.26200000,0
1505950809,21938117,284.40,0.53064000,0
1505950809,21938116,284.39,0.23000000,0
1505950804,21938102,284.00,0.82000000,1
1505950801,21938092,284.01,0.73000000,1
1505950801,21938091,284.01,6.17200000,1
1505950790,21938089,284.01,0.04000000,1
1505950752,21938060,284.01,0.73800000,1
1505950751,21938059,284.12,0.26200000,1
1505950748,21938058,284.47,0.14060000,1
1505950746,21938056,284.48,0.51000000,0
1505950746,21938054,284.48,2.84000000,0
1505950745,21938050,284.48,0.14060000,0
1505950745,21938049,284.48,0.51000000,0
1505950744,21938047,284.48,2.84000000,0
1505950744,21938046,284.48,0.51000000,0
1505950743,21938044,284.47,2.08463769,1
1505950743,21938043,284.50,0.76000000,1
1505950743,21938042,284.49,0.51000000,0
1505950742,21938041,284.49,1.27000000,0
1505950741,21938040,284.49,0.29000000,0
1505950741,21938038,284.49,0.98000000,0
1505950740,21938037,284.47,0.29263647,1
1505950740,21938036,284.49,0.98000000,0
1505950739,21938032,284.47,0.98000000,1
1505950725,21938027,284.00,0.00128982,1
1505950725,21938026,284.00,4.52243030,1
1505950725,21938025,284.01,0.69563988,1
1505950725,21938024,284.02,0.76064000,1
1505950725,21938023,284.47,6.02000000,1
1505950724,21938022,284.47,0.23000000,1
1505950723,21938021,284.46,6.25000000,0
1505950722,21938020,284.46,6.25000000,0
1505950721,21938019,284.48,0.23000000,1
1505950721,21938018,284.48,4.18692032,1
1505950720,21938017,284.48,0.75929468,0
1505950720,21938015,284.47,1.02378500,0
1505950720,21938014,284.39,0.05000000,0
1505950720,21938013,284.38,0.23000000,0
1505950719,21938012,284.01,6.25436012,1
1505950707,21938009,284.00,1.62794000,1
1505950688,21937987,284.00,4.91767300,1
1505950680,21937982,284.00,16.43700000,1
1505950680,21937981,284.01,0.23000000,1
1505950664,21937974,284.00,28.65645350,1
1505950664,21937973,284.01,0.23000000,1
1505950623,21937946,284.00,30.00000000,1
1505950622,21937945,284.00,6.77000000,1
1505950622,21937944,284.01,0.23000000,1
1505950611,21937934,284.00,11.90754979,1
1505950611,21937933,284.03,0.23000000,1
1505950598,21937927,284.00,13.26245021,1
1505950598,21937926,284.01,4.60000000,1
1505950598,21937925,284.01,2.66000000,1
1505950598,21937924,284.02,0.14777295,1
1505950580,21937912,284.77,0.42062651,0
1505950580,21937911,284.61,0.06329549,0
1505950580,21937910,284.57,0.23000000,0
1505950555,21937875,284.59,0.72209700,0
1505950547,21937869,284.60,4.59762876,0
1505950547,21937868,284.60,3.09146536,0
1505950544,21937865,284.55,0.14050000,1
1505950539,21937863,284.59,0.14050000,0
1505950535,21937862,284.55,16.87100000,1
1505950535,21937861,284.54,0.23000000,0
1505950534,21937859,284.20,1.02431600,0
1505950529,21937856,284.00,13.48380801,1
1505950529,21937855,284.01,1.90000000,0
1505950527,21937854,284.02,0.29027937,1
1505950517,21937847,284.01,0.14080000,1
1505950515,21937845,284.25,0.59299451,0
1505950515,21937844,284.25,1.13143500,0
1505950515,21937842,284.10,0.29027937,0
1505950513,21937834,284.10,0.73404163,0
1505950509,21937823,284.01,7.35375247,0
1505950509,21937820,284.01,0.73426992,0
1505950508,21937815,284.01,1.20396105,0
1505950507,21937811,284.00,9.52346602,1
1505950507,21937810,284.01,0.14086909,0
1505950507,21937808,284.00,58.00000000,1
1505950506,21937806,284.01,0.59040912,0
1505950506,21937805,284.01,0.14080000,0
1505950505,21937803,284.02,0.59337600,0
1505950504,21937799,284.00,2.88169000,1
1505950504,21937795,284.00,77.70000000,1
1505950504,21937793,284.00,4.33107000,1
1505950503,21937789,284.02,0.14080000,0
1505950503,21937787,284.00,4.14623241,1
1505950502,21937785,284.00,28.56000000,1
1505950502,21937783,284.01,1.44000000,1
1505950502,21937774,284.01,0.23000000,1
1505950500,21937763,284.02,1.36474600,1
1505950489,21937754,284.23,1.00064849,0
1505950489,21937753,284.22,2.87178600,0
1505950481,21937741,284.00,6.97610000,1
1505950481,21937740,284.00,11.22204566,1
1505950481,21937739,284.01,1.24000000,1
1505950481,21937738,284.02,0.14140161,1
1505950480,21937737,284.03,0.73355273,1
1505950480,21937736,284.04,0.23000000,1
1505950464,21937720,284.03,0.73348978,0
1505950462,21937713,284.00,2.84239200,1
1505950462,21937712,284.00,14.23169910,1
1505950462,21937711,284.00,10.29719909,1
1505950462,21937710,284.00,5.47110181,1
1505950461,21937709,284.00,0.05141919,1
1505950461,21937707,284.01,1.37000000,1
1505950460,21937706,284.16,0.05000000,1
1505950458,21937697,284.25,0.00000049,1
1505950457,21937694,284.25,1.86889300,1
1505950457,21937693,284.25,1.06329500,1
1505950454,21937682,284.25,1.06781151,1
1505950454,21937680,284.26,0.06329549,1
1505950436,21937654,284.30,1.00000000,1
1505950435,21937653,284.31,7.37017200,1
1505950428,21937639,284.31,1.72312800,1
1505950425,21937630,284.31,1.62280000,1
1505950425,21937629,284.36,0.05000000,1
1505950424,21937626,284.51,0.05000000,1
1505950414,21937598,284.31,1.28390000,1
1505950413,21937591,284.33,0.58946390,1
1505950413,21937590,284.50,1.28300010,1
1505950409,21937562,284.50,3.71699990,1
1505950409,21937561,284.50,1.00000000,1
1505950408,21937559,284.50,0.33305910,1
1505950408,21937558,284.51,1.28300000,1
1505950407,21937546,284.66,1.28210900,0
1505950407,21937545,284.66,4.09222100,0
1505950404,21937533,284.50,0.50927777,1
1505950404,21937532,284.50,14.19205623,1
1505950389,21937457,284.53,3.63809463,1
1505950389,21937455,284.82,0.23000000,1
1505950385,21937439,284.76,0.06329500,1
1505950385,21937437,284.76,0.06329500,1
1505950385,21937436,284.80,0.20000000,1
1505950375,21937379,284.87,0.45080212,1
1505950375,21937377,285.00,20.00000000,1
1505950375,21937376,285.00,6.58922469,1
1505950370,21937353,285.00,3.41077531,1
1505950370,21937352,285.00,0.80004998,1
1505950370,21937350,285.00,0.09995002,1
1505950370,21937349,285.00,0.05000000,1
1505950370,21937346,285.00,0.05000000,1
1505950368,21937339,285.11,2.09367684,1
1505950368,21937338,285.12,0.23000000,1
1505950336,21937309,285.06,0.14010000,1
1505950333,21937298,285.05,7.58337986,1
1505950326,21937293,285.02,0.02191000,1
1505950326,21937292,285.05,1.00000000,1
1505950322,21937282,285.36,0.23000000,1
1505950314,21937265,285.62,0.14010000,1
1505950302,21937253,285.52,0.75921127,1
1505950301,21937252,285.34,10.66000000,1
1505950298,21937238,285.89,3.99237496,0
1505950298,21937237,285.89,0.85295475,0
1505950298,21937236,285.89,1.42336712,0
1505950298,21937235,285.89,0.14000000,0
1505950298,21937234,285.61,0.06329500,0
1505950293,21937212,285.42,0.13461014,0
1505950292,21937211,285.50,0.13980000,0
1505950289,21937197,285.05,1.66560283,0
1505950289,21937193,285.26,0.06329500,1
1505950289,21937190,285.32,0.05000000,1
1505950289,21937188,285.32,1.19878617,0
1505950288,21937180,285.41,1.02231600,1
1505950287,21937177,285.50,1.00000000,1
1505950280,21937158,285.67,1.02191000,1
1505950280,21937156,285.72,0.23000000,1
1505950260,21937116,285.90,1.21200000,0
1505950233,21937085,285.60,0.06534600,1
1505950233,21937083,285.61,1.31465400,1
1505950221,21937073,285.90,3.21094089,0
1505950215,21937069,285.59,0.23000000,1
1505950200,21937059,285.87,0.75836659,0
1505950192,21937049,285.88,0.88000000,0
1505950191,21937045,285.88,0.88000000,0
1505950183,21937034,285.54,0.59000000,1
1505950183,21937033,285.89,3.86809463,0
1505950182,21937032,285.54,0.59000000,1
1505950179,21937029,285.51,0.44000000,1
1505950179,21937028,285.57,0.05000000,1
1505950179,21937027,285.77,0.05000000,1
1505950178,21937026,285.89,0.05000000,0
1505950178,21937025,285.50,0.47670500,0
1505950177,21937024,285.76,0.06329500,1
1505950176,21937023,285.89,0.54587429,0
1505950164,21937013,285.89,0.34955600,0
1505950148,21937001,285.94,3.71635122,1
1505950142,21936995,285.94,0.36631678,1
1505950142,21936994,285.95,0.26552980,1
1505950122,21936992,285.96,2.13621200,1
1505950121,21936991,285.93,2.86378800,0
1505950120,21936990,285.95,4.08621200,1
1505950116,21936988,286.02,2.36475316,0
1505950116,21936987,286.02,1.74132952,0
1505950107,21936984,286.03,0.13980000,0
1505950106,21936981,286.01,0.61000000,1
1505950105,21936977,286.03,0.33282600,0
1505950105,21936975,286.03,0.28000000,0
1505950105,21936974,286.02,0.12920000,0
1505950104,21936973,286.02,0.13970000,1
1505950100,21936972,286.03,6.67000000,0
1505950099,21936971,286.19,0.05000000,1
1505950099,21936970,286.20,0.23000000,1
1505950090,21936936,286.47,0.13970000,0
1505950069,21936927,286.26,0.06329500,1
1505950068,21936926,286.49,0.05000000,1
1505950063,21936922,286.50,2.10780533,1
1505950063,21936921,286.51,0.20901854,1
1505950043,21936914,286.51,0.02098146,1
1505950006,21936903,286.51,4.63323505,1
1505950006,21936902,286.52,2.08676495,1
1505950006,21936901,286.53,0.23000000,1
1505949997,21936888,286.51,3.60961327,1
1505949997,21936887,286.52,0.23000000,1
1505949976,21936877,286.50,7.41566069,1
1505949976,21936876,286.50,0.75845000,1
1505949976,21936875,286.52,1.77900000,1
1505949976,21936874,286.74,0.05000000,1
1505949949,21936866,286.75,0.08960000,1
1505949948,21936865,286.75,0.08960000,1
1505949948,21936864,286.94,0.05000000,1
1505949946,21936862,287.09,0.05000000,1
1505949905,21936854,287.11,0.76522028,0
1505949905,21936853,287.11,0.06329500,0
1505949905,21936852,287.07,0.23000000,0
1505949900,21936851,287.08,1.77547017,0
1505949899,21936850,287.09,2.08993695,0
1505949899,21936849,287.02,1.01912400,0
1505949899,21936848,286.81,0.75763000,0
1505949849,21936829,286.44,0.51293963,0
1505949848,21936828,286.44,0.23000000,0
1505949848,21936827,286.44,0.23000000,0
1505949847,21936826,286.44,0.23000000,0
1505949846,21936824,286.44,0.23000000,0
1505949845,21936822,286.44,0.23000000,0
1505949844,21936821,286.44,0.23000000,0
1505949844,21936820,286.44,0.23000000,0
1505949843,21936819,286.44,0.23000000,0
1505949842,21936817,286.44,0.23000000,0
1505949841,21936814,286.44,0.23000000,0
1505949840,21936813,286.44,0.23000000,0
1505949839,21936811,286.44,0.23000000,0
1505949838,21936810,286.44,0.23000000,0
1505949837,21936809,286.44,0.23000000,0
1505949836,21936808,286.44,0.13960000,0
1505949836,21936806,286.43,0.09670500,1
1505949831,21936803,286.43,0.13960000,1
1505949828,21936800,286.44,0.13960000,0
1505949827,21936799,286.44,0.23000000,0
1505949824,21936795,286.58,0.02399500,1
1505949819,21936787,286.58,0.02600500,1
1505949819,21936786,286.76,0.06329500,1
1505949817,21936785,286.88,0.05000000,1
1505949805,21936781,287.00,10.00000000,1
1505949804,21936780,287.00,2.74991364,1
1505949804,21936779,287.05,3.00794673,1
1505949803,21936778,287.12,0.13930000,0
1505949781,21936744,287.13,0.05000000,1
1505949781,21936743,287.17,0.23000000,1
1505949776,21936728,287.15,1.79677800,1
1505949776,21936727,287.15,4.85322200,1
1505949776,21936726,287.16,0.23000000,1
1505949766,21936711,287.15,2.09677800,1
1505949766,21936708,287.33,0.05000000,1
1505949766,21936706,287.48,0.05000000,1
1505949753,21936687,287.50,0.23000000,1
1505949692,21936676,287.24,0.22302400,0
1505949691,21936675,287.38,0.26000000,1
1505949691,21936674,287.51,0.23000000,1
1505949687,21936668,287.50,0.85264800,1
1505949674,21936661,287.49,0.13880000,1
1505949631,21936648,287.40,0.02744231,1
1505949613,21936641,288.00,5.78930000,1
1505949604,21936634,288.00,3.80070000,1
1505949604,21936633,288.01,5.66350000,1
1505949604,21936632,288.02,0.13880000,1
1505949520,21936626,288.57,1.46623003,0
1505949520,21936625,288.50,0.05000000,0
1505949519,21936624,288.43,1.17187554,0
1505949519,21936623,288.20,0.05000000,0
1505949519,21936622,288.12,1.01500900,0
1505949517,21936621,288.07,0.27730000,0
1505949477,21936616,288.07,0.13880000,0
1505949474,21936615,288.00,0.26000000,1
1505949474,21936614,287.95,0.05000000,0
1505949474,21936613,287.75,0.05000000,0
1505949474,21936612,287.60,0.05000000,0
1505949409,21936598,287.21,1.36890684,1
1505949409,21936597,287.22,0.05000000,1
1505949409,21936596,287.33,0.23000000,1
1505949408,21936595,287.33,0.23109316,1
1505949408,21936594,287.34,5.00000000,1
1505949390,21936586,287.55,0.75763000,1
1505949390,21936585,287.55,0.27730000,1
1505949389,21936584,287.57,0.05000000,1
1505949389,21936583,287.58,0.26000000,1
1505949389,21936582,287.58,0.23000000,1
1505949377,21936575,287.59,5.47625690,1
1505949376,21936574,287.67,0.03186756,1
1505949376,21936573,287.87,0.05000000,1
1505949376,21936571,288.12,0.05000000,1
1505949376,21936570,288.29,1.17187554,1
1505949376,21936569,288.32,0.05000000,1
1505949376,21936566,288.47,0.05000000,1
1505948996,21936425,288.49,0.23000000,1
1505948885,21936410,288.65,0.88849976,0
1505948885,21936409,288.65,3.83961327,0
1505948885,21936408,288.65,0.16265235,0
1505948884,21936407,288.64,0.10923462,0
1505948766,21936395,288.28,0.03890000,1
1505948766,21936394,288.48,0.05000000,1
1505948765,21936393,288.63,0.05000000,1
1505948655,21936374,288.65,0.50460825,0
1505948655,21936373,288.65,0.50315139,0
1505948646,21936372,288.62,1.01390500,0
1505948646,21936371,288.54,0.05000000,0
1505948646,21936370,288.54,0.05000000,0
1505948646,21936369,288.38,0.75542000,0
1505948644,21936368,288.39,0.05000000,0
1505948644,21936367,288.39,0.05000000,0
1505948644,21936365,288.10,0.01458000,0
1505948635,21936362,288.10,0.75542000,1
1505948635,21936360,288.10,0.23000000,1
1505948260,21936301,288.00,0.24626538,0
1505948260,21936300,288.00,2.75373462,0
1505948250,21936299,288.00,0.13890000,0
1505948236,21936298,288.00,10.00000000,0
1505948229,21936295,288.00,0.47065972,0
1505948190,21936286,288.00,8.97779338,0
1505948170,21936277,288.00,13.79405476,0
1505948136,21936273,287.95,0.13890000,1
1505948130,21936269,288.00,5.13160804,0
1505948124,21936268,287.99,0.17031216,0
1505948109,21936263,287.99,0.13890000,0
1505948098,21936262,287.99,0.12958520,1
1505948070,21936259,288.00,1.65990000,0
1505948059,21936258,287.99,0.70000000,1
1505948052,21936255,288.00,4.93010416,0
1505948049,21936253,288.00,1.31486111,0
1505948048,21936251,288.00,1.19130659,0
1505948046,21936247,288.00,0.36131117,0
1505948046,21936246,287.99,0.83000000,0
1505948036,21936242,288.00,0.09380000,0
1505948036,21936241,287.99,0.99000000,0
1505948031,21936240,288.00,2.79174830,0
1505948029,21936239,288.00,0.14621520,0
1505948025,21936237,287.99,0.13880000,1
1505948022,21936236,288.00,0.40668926,0
1505948021,21936235,287.99,1.18000000,0
1505948020,21936234,287.99,9.44634642,0
1505948007,21936225,287.99,0.13880000,0
1505948006,21936224,287.99,0.26120000,1
1505948004,21936223,288.00,1.77773457,0
1505947993,21936221,287.99,0.13880000,1
1505947993,21936220,287.99,1.47000000,1
1505947991,21936218,288.00,0.82368055,0
1505947990,21936216,288.00,9.81763888,0
1505947989,21936214,287.99,1.87000000,0
1505947980,21936207,287.99,0.13880000,0
1505947970,21936206,287.99,2.02341089,0
1505947965,21936205,287.98,0.13890000,1
1505947962,21936204,288.00,0.44687025,0
1505947962,21936203,287.99,2.61000000,0
1505947949,21936202,287.99,0.13890000,0
1505947942,21936201,287.99,0.11963457,0
1505947930,21936174,287.99,1.66717594,0
1505947927,21936171,287.99,0.05000000,1
1505947926,21936169,288.00,1.19116515,0
1505947925,21936168,288.00,3.91349828,0
1505947924,21936164,288.00,1.19102625,0
1505947919,21936161,288.00,25.00000000,1
1505947919,21936160,288.01,0.21670000,1
1505947919,21936159,288.39,1.59311327,1
1505947803,21936141,288.39,1.49186000,1
1505947773,21936133,288.39,0.75464000,1
1505947759,21936129,288.01,0.19965300,1
1505947759,21936128,288.02,0.23000000,1
1505947732,21936114,288.01,4.75134000,1
1505947732,21936113,288.02,0.23000000,1
1505947681,21936090,288.01,1.26468906,1
1505947681,21936089,288.07,0.05000000,1
1505947681,21936088,288.07,0.05000000,1
1505947681,21936087,288.07,0.05000000,1
1505947681,21936086,288.07,0.05000000,1
1505947680,21936085,288.07,0.05000000,1
1505947680,21936084,288.07,0.05000000,1
1505947680,21936083,288.07,0.05000000,1
1505947680,21936082,288.07,0.05000000,1
1505947680,21936081,288.07,0.05000000,1
1505947680,21936080,288.07,0.05000000,1
1505947680,21936079,288.07,0.05000000,1
1505947680,21936078,288.22,0.05000000,1
1505947680,21936077,288.22,0.05000000,1
1505947651,21936066,288.41,2.72380000,0
1505947642,21936053,288.23,0.22988586,1
1505947639,21936051,288.22,0.05000000,1
1505947639,21936050,288.22,0.05000000,1
1505947639,21936049,288.22,0.05000000,1
1505947639,21936048,288.22,0.05000000,1
1505947639,21936047,288.22,0.05000000,1
1505947638,21936046,288.22,0.05000000,1
1505947638,21936045,288.22,0.05000000,1
1505947638,21936044,288.22,0.05000000,1
1505947638,21936043,288.22,0.05000000,1
1505947638,21936042,288.29,0.05000000,1
1505947638,21936041,288.33,0.05000000,1
1505947636,21936038,288.35,0.21958833,1
1505947617,21936031,288.36,2.13113300,1
1505947605,21936024,288.35,0.47372500,1
1505947605,21936023,288.36,0.10016490,1
1505947605,21936022,288.36,0.03497180,1
1505947589,21936016,288.47,0.05000000,0
1505947575,21936011,288.36,0.13870000,1
1505947543,21936008,288.50,0.05000000,0
1505947541,21936007,288.41,0.08870000,0
1505947513,21936002,288.40,0.23000000,1
1505947447,21935988,288.35,0.59599133,1
1505947447,21935987,288.35,2.71069534,1
1505947446,21935986,288.36,1.17041199,1
1505947446,21935985,288.43,0.05000000,1
1505947446,21935984,288.54,0.05000000,1
1505947446,21935983,288.63,0.05000000,1
1505947446,21935982,288.74,0.05000000,1
1505947446,21935981,288.78,0.05000000,1
1505947220,21935919,288.80,0.08870000,1
1505947218,21935918,288.89,0.05000000,1
1505946965,21935848,288.91,2.66297462,1
1505946964,21935847,288.78,0.05000000,0
1505946964,21935846,288.78,0.05000000,0
1505946964,21935845,288.78,0.05000000,0
1505946964,21935844,288.78,0.05000000,0
1505946964,21935843,288.78,0.05000000,0
1505946964,21935842,288.78,0.05000000,0
1505946963,21935841,288.63,0.05000000,0
1505946963,21935840,288.63,0.05000000,0
1505946963,21935839,288.63,0.05000000,0
1505946963,21935838,288.63,0.05000000,0
1505946963,21935837,288.63,0.05000000,0
1505946963,21935836,288.63,0.05000000,0
1505946961,21935835,288.56,0.08977458,0
1505946961,21935834,288.56,0.10227296,0
1505946723,21935782,288.56,0.92892499,0
1505946723,21935781,288.56,0.13840000,0
1505946713,21935780,288.51,2.77000000,0
1505946581,21935760,288.50,5.88491402,0
1505946570,21935757,288.48,0.10507100,0
1505946424,21935695,288.24,1.00000000,1
1505946385,21935683,288.12,0.99155146,0
1505946384,21935682,288.12,5.00000000,1
1505946338,21935672,288.35,0.09977458,0
1505946289,21935664,288.41,2.31447549,0
1505946196,21935641,288.23,0.58543528,0
1505946196,21935640,288.23,8.87420000,1
1505946156,21935636,288.26,2.60983883,1
1505946155,21935635,288.26,0.23000000,0
1505946122,21935631,288.05,0.77322000,1
1505946119,21935630,288.27,1.03119795,1
1505945965,21935612,288.31,2.76669952,0
1505945949,21935611,288.31,0.13870000,0
1505945929,21935606,288.27,0.13840000,1
1505945928,21935599,288.31,0.75464000,0
1505945925,21935597,288.31,0.18000000,1
1505945816,21935571,288.83,0.16777421,0
1505945647,21935512,288.92,2.07617024,0
1505945611,21935506,288.99,9.45963528,0
1505945608,21935504,288.99,0.13840000,0
1505945598,21935503,288.92,0.05000000,0
1505945597,21935502,288.92,0.05000000,0
1505945597,21935501,288.77,0.05000000,0
1505945597,21935500,288.77,0.05000000,0
1505945597,21935499,288.76,1.37000000,0
1505945597,21935498,288.60,0.17352962,0
1505945597,21935497,288.48,0.61890136,0
1505945597,21935496,288.45,0.18951209,0
1505945597,21935495,288.38,9.64182823,0
1505945597,21935494,288.37,0.23000000,0
1505945571,21935484,288.40,0.13910000,1
1505945569,21935482,288.41,0.55000000,0
1505945568,21935479,288.31,0.18000000,0
1505945341,21935423,288.31,0.05000000,0
1505945329,21935420,288.32,0.23000000,0
1505945288,21935406,288.38,0.20000000,0
1505945215,21935393,288.41,0.47965000,0
1505945175,21935386,288.39,1.49845695,1
1505945175,21935385,288.00,0.00129499,0
1505945173,21935384,287.99,0.23000000,0
1505945162,21935377,288.00,0.99870501,0
1505945162,21935376,287.99,0.23000000,0
1505945156,21935372,287.71,5.00000000,0
1505945155,21935371,287.71,3.75765000,1
1505945155,21935369,287.71,1.01574502,1
1505945131,21935358,287.93,2.08383982,1
1505945130,21935354,287.91,0.00000500,0
1505945130,21935352,287.91,0.22999500,0
1505945096,21935334,287.94,4.08000000,0
1505945091,21935331,287.96,2.33035045,0
1505945082,21935330,287.49,0.23000000,1
1505945081,21935328,287.50,0.03313043,0
1505945080,21935327,287.49,5.14138353,0
1505945080,21935326,287.47,0.23000000,0
1505945079,21935325,287.46,0.75690000,0
1505945002,21935293,287.12,7.96372934,0
1505945002,21935292,287.12,5.99000000,0
1505944993,21935288,287.16,3.98757066,0
1505944991,21935286,287.28,1.60870000,1
1505944812,21935193,287.37,0.33561300,1
1505944811,21935189,287.37,3.20931205,0
1505944804,21935186,287.50,0.02086957,0
1505944735,21935178,287.29,0.54927078,1
1505944705,21935164,287.31,2.95000000,1
1505944705,21935163,287.36,0.05000000,1
1505944659,21935130,287.50,0.13910000,0
1505944657,21935129,287.55,0.75690000,1
1505944454,21935061,287.39,0.03930000,0
1505944454,21935060,287.56,0.05000000,1
1505944453,21935059,287.71,0.05000000,1
1505944452,21935058,287.99,2.21447967,0
1505944452,21935057,287.78,1.01687500,0
1505944451,21935056,287.77,0.66691933,0
1505944424,21935043,287.73,1.15301263,0
1505944403,21935033,287.50,1.01598232,0
1505944399,21935029,287.06,1.00000000,1
1505944398,21935028,287.06,5.00000000,1
1505944391,21935012,287.05,0.45000000,1
1505944381,21935006,287.49,7.42827088,0
1505944381,21935005,287.01,1.93373926,0
1505944333,21934993,287.02,1.19473137,0
1505944330,21934986,287.02,0.13930000,0
1505944330,21934985,287.02,1.31039303,0
1505944329,21934983,287.02,0.08520000,0
1505944329,21934982,287.02,0.99839386,0
1505944328,21934981,287.21,0.05000000,1
1505944328,21934980,287.21,0.05000000,1
1505944328,21934979,287.30,0.64928985,1
1505944328,21934978,287.30,0.28624352,1
1505944328,21934977,287.30,0.06446663,1
1505944327,21934976,287.46,0.05000000,1
1505944327,21934975,287.46,0.05000000,1
1505944327,21934974,287.50,1.00000000,1
1505944327,21934973,287.66,0.05000000,1
1505944327,21934972,287.66,0.05000000,1
1505944263,21934968,287.81,0.05000000,1
1505944151,21934949,287.83,0.01908804,0
1505944150,21934948,287.83,0.26000000,0
1505944150,21934947,287.83,0.31000000,0
1505944150,21934946,287.63,0.75671000,0
1505944139,21934918,287.64,0.02098000,0
1505944097,21934909,287.50,6.88000000,0
1505944094,21934907,287.49,0.08504705,0
1505944094,21934906,287.49,0.26000000,0
1505944076,21934901,287.42,0.94992600,1
1505944076,21934899,287.47,0.05000000,1
1505944068,21934875,287.67,0.26000000,1
1505944067,21934872,287.67,0.05000000,1
1505944067,21934871,287.68,0.05000000,1
1505944064,21934863,287.76,2.73999500,1
1505944062,21934852,287.76,2.79951000,1
1505944054,21934845,287.76,2.56169000,1
1505944054,21934844,287.80,3.56160000,1
1505944054,21934843,287.82,0.75671000,1
1505944007,21934825,288.02,0.17352962,0
1505944003,21934820,287.92,3.56000000,0
1505944003,21934819,287.92,5.00000000,0
1505944003,21934818,287.92,1.95000000,0
1505944003,21934817,287.91,0.27700000,0
1505943999,21934813,287.92,5.00000000,0
1505943997,21934812,287.76,0.13880000,1
1505943997,21934809,287.92,1.00000000,1
1505943995,21934805,287.93,0.05000000,1
1505943995,21934804,288.00,7.69796380,1
1505943987,21934797,288.02,0.13880000,0
1505943985,21934787,288.02,0.27700000,1
1505943984,21934786,288.13,0.05000000,1
1505943984,21934785,288.63,0.61890136,1
1505943576,21934685,288.81,1.95985800,0
1505943576,21934684,288.80,0.05000000,0
1505943575,21934683,288.64,0.13850000,1
1505943561,21934681,288.63,0.55000000,1
1505943559,21934680,288.67,2.07498536,1
1505943557,21934679,288.68,0.13850000,0
1505943554,21934677,288.68,2.73220000,1
1505943554,21934676,288.69,0.23000000,1
1505943553,21934673,288.68,1.84000000,1
1505943553,21934672,288.68,4.61000000,1
1505943553,21934671,288.68,0.23000000,1
1505943270,21934531,288.64,0.30913000,1
1505943270,21934530,288.65,0.23000000,1
1505943104,21934497,288.71,0.05000000,1
1505943085,21934494,288.30,0.13860000,1
1505943083,21934493,289.50,2.74991364,0
1505943083,21934492,289.48,0.05000000,0
1505943082,21934491,289.13,0.05000000,0
1505943082,21934490,289.11,0.06329500,0
1505943082,21934489,289.00,2.00000000,0
1505943081,21934488,288.99,8.70815075,1
1505943081,21934487,288.99,0.05000000,0
1505943081,21934486,288.98,2.07626825,0
1505943081,21934485,288.82,1.16812810,0
1505943079,21934484,288.69,0.34048200,0
1505943074,21934482,288.69,0.67400000,0
1505943035,21934468,288.21,0.91385722,0
1505943032,21934467,288.13,1.86998034,0
1505943032,21934466,288.13,5.00000000,0
1505943031,21934464,288.53,1.16812810,1
1505943031,21934463,288.56,5.00000000,1
1505943031,21934462,288.57,6.56110000,1
1505943031,21934461,288.57,0.17079156,1
1505943031,21934459,288.67,0.23000000,1
1505942859,21934419,288.92,1.00000000,0
1505942859,21934418,288.90,0.05198200,0
1505942831,21934411,288.90,0.96128000,0
1505942831,21934410,288.83,0.05000000,0
1505942776,21934398,288.69,0.04077000,1
1505942721,21934382,288.69,0.32495064,1
1505942721,21934378,288.69,0.32488137,1
1505942720,21934377,288.69,0.30939763,1
1505942525,21934291,288.69,0.58992239,0
1505942524,21934290,288.69,1.84007761,0
1505942510,21934283,288.54,0.15748250,1
1505942471,21934271,288.69,0.15992239,0
1505942471,21934270,288.61,0.06329500,0
1505942471,21934269,288.59,0.03900000,0
1505942471,21934268,288.58,0.05000000,0
1505942471,21934267,288.55,0.90000000,0
1505942470,21934266,288.55,0.02456761,0
1505942463,21934262,288.55,0.13860000,0
1505942460,21934261,288.54,1.01369000,0
1505942460,21934260,288.54,1.12908356,0
1505942450,21934257,288.38,0.05000000,0
1505942439,21934255,288.23,0.05000000,0
1505942400,21934249,287.84,0.13870000,1
1505942397,21934248,288.12,2.92220764,1
1505942397,21934247,288.19,1.12908356,1
1505942397,21934246,288.21,2.71240380,1
1505942397,21934245,288.39,0.11630500,1
1505942394,21934244,288.39,0.11369500,1
1505942181,21934186,288.55,1.00249523,0
1505941984,21934150,288.55,1.57075800,0
1505941892,21934125,288.55,0.13870000,0
1505941804,21934070,288.27,0.15700000,1
1505941724,21934047,288.19,0.03900000,1
1505941724,21934046,288.37,0.05000000,1
1505941723,21934044,288.51,0.05000000,1
1505941682,21934037,288.50,0.10000000,1
1505941681,21934036,288.50,0.10000000,1
1505941681,21934035,288.50,0.10000000,1
1505941679,21934034,288.50,0.10000000,1
1505941679,21934033,288.50,0.10000000,1
1505941678,21934032,288.50,0.10000000,1
1505941676,21934031,288.50,0.10000000,1
1505941676,21934030,288.50,0.10000000,1
1505941675,21934029,288.50,0.10000000,1
1505941626,21934019,288.58,3.72000000,0
1505941565,21933999,288.54,1.01352400,0
1505941561,21933998,288.35,0.10000000,0
1505941507,21933967,288.42,0.67508100,0
1505941507,21933965,288.42,0.00000500,0
1505941491,21933955,288.42,4.83999500,0
1505941491,21933954,288.42,0.00000500,0
1505941485,21933950,288.42,1.01375200,0
1505941485,21933948,288.42,0.00000500,0
1505941481,21933944,288.42,2.59730600,0
1505941478,21933941,288.42,2.24268900,0
1505941478,21933940,288.40,0.05000000,0
1505941478,21933939,288.25,2.54730600,0
1505941478,21933937,288.24,0.95546837,0
1505941469,21933935,288.24,0.21240800,0
1505941469,21933934,288.20,0.05000000,0
1505941468,21933933,288.05,0.05000000,0
1505941384,21933893,288.04,0.23000000,0
1505941290,21933842,287.66,0.68073112,1
1505941286,21933840,287.66,0.13900000,0
1505941283,21933833,287.65,0.13870000,1
1505941282,21933832,287.66,10.50000000,0
1505941281,21933831,287.69,1.11000000,1
1505941281,21933830,287.84,0.05000000,1
1505941281,21933829,287.89,0.86090000,1
1505941281,21933828,287.95,1.16787637,1
1505941280,21933827,287.96,6.95000000,1
1505941280,21933826,288.09,0.05000000,1
1505941280,21933825,288.15,5.14492451,1
1505941229,21933814,288.18,1.00000000,0
1505941229,21933813,288.18,0.73000000,0
1505941204,21933805,288.22,0.83000000,0
1505941186,21933797,288.24,4.00576500,0
1505941183,21933795,288.29,0.05000000,1
1505941124,21933766,288.49,0.13889967,0
1505941124,21933765,288.46,0.72899033,0
1505941124,21933764,288.41,0.23000000,0
1505941099,21933724,288.46,4.14999100,0
1505941098,21933723,288.46,0.62101867,0
1505941098,21933722,288.42,1.15026033,0
1505941097,21933718,288.42,0.49899000,0
1505941097,21933716,288.41,0.23000000,0
1505941063,21933709,288.42,3.19074967,0
1505941063,21933708,288.30,0.64928985,0
1505941038,21933700,288.30,0.28624352,0
1505941037,21933699,288.30,0.06446663,0
1505941035,21933697,288.27,0.07423337,0
1505941033,21933693,288.27,0.21369700,0
1505940972,21933681,288.23,8.95000000,0
1505940972,21933680,288.10,0.61071130,0
1505940952,21933671,288.10,0.55655182,0
1505940946,21933670,288.07,10.51000000,0
1505940941,21933668,287.90,1.20260168,0
1505940916,21933662,287.89,0.13910000,1
1505940897,21933655,287.90,0.05000000,0
1505940778,21933615,288.10,0.13901772,1
1505940776,21933611,287.55,0.00008228,0
1505940776,21933610,287.55,0.69312482,0
1505940703,21933592,287.38,4.69285596,0
1505940703,21933591,287.43,0.05000000,1
1505940702,21933590,287.44,0.13900000,1
1505940702,21933589,287.44,0.28031940,1
1505940702,21933588,287.63,0.05000000,1
1505940702,21933587,287.64,0.79954469,1
1505940702,21933586,287.80,1.01404200,1
1505940702,21933585,287.80,0.13890000,1
1505940698,21933583,287.81,0.13890000,1
1505940696,21933579,287.80,26.70981988,1
1505940696,21933578,287.81,0.97000000,1
1505940696,21933577,287.81,1.01401700,1
1505940696,21933575,287.81,0.13890000,1
1505940696,21933574,287.81,1.16726312,1
1505940679,21933567,287.80,4.30711100,1
1505940679,21933566,287.81,0.13890000,1
1505940678,21933565,287.81,1.01398900,1
1505940678,21933564,287.81,1.08000000,1
1505940678,21933563,287.81,3.46000000,1
1505940656,21933557,287.80,6.81110000,1
1505940656,21933556,287.81,0.13890000,1
1505940654,21933555,287.80,5.76000000,1
1505940654,21933554,287.81,1.19000000,1
1505940652,21933551,287.80,1.31000000,1
1505940648,21933550,287.80,0.10000000,1
1505940647,21933549,287.80,0.10000000,1
1505940644,21933547,287.80,0.10000000,1
1505940644,21933546,287.80,0.10000000,1
1505940640,21933545,287.81,1.31000000,0
1505940638,21933544,287.81,1.01403900,1
1505940638,21933543,287.81,0.10000000,1
1505940638,21933542,287.81,1.45000000,1
1505940637,21933541,287.81,0.13890000,1
1505940605,21933528,287.80,0.88327000,1
1505940605,21933527,287.81,0.13890000,1
1505940605,21933526,287.81,1.61000000,1
1505940593,21933523,287.80,4.12598589,1
1505940593,21933522,287.80,1.18861316,1
1505940591,21933517,287.80,12.06207600,1
1505940590,21933515,287.81,1.77000000,1
1505940589,21933514,287.81,0.13890000,1
1505940589,21933513,287.81,1.01402400,1
1505940571,21933511,287.80,24.02294500,1
1505940571,21933510,287.81,1.96000000,1
1505940571,21933509,287.81,1.01401200,1
1505940570,21933508,287.81,0.13890000,1
1505940541,21933499,287.90,0.13890000,0
1505940478,21933458,287.71,0.00000531,0
1505940475,21933456,287.71,1.16766700,0
1505940469,21933452,287.60,2.78806238,0
1505940467,21933446,287.60,1.64130200,0
1505940390,21933400,287.60,0.05403338,0
1505940360,21933382,287.35,0.03910000,1
1505940360,21933381,287.39,0.05000000,1
1505940358,21933380,287.55,0.05000000,1
1505940355,21933377,287.60,0.23000000,0
1505940353,21933376,287.61,1.61927300,1
1505940353,21933375,287.62,0.23000000,1
1505940000,21933180,287.72,0.28031940,1
1505939996,21933179,287.71,6.85930291,1
1505939996,21933178,287.71,0.99069709,1
1505939996,21933177,287.72,2.15000000,1
1505939993,21933174,287.71,0.10428616,1
1505939983,21933170,287.71,0.05000000,0
1505939876,21933135,287.55,0.04174855,1
1505939830,21933112,287.53,6.51267076,0
1505939830,21933111,287.36,0.05000000,0
1505939797,21933101,287.27,1.72296742,1
1505939796,21933099,287.36,0.05000000,1
1505939639,21933052,287.53,0.09023601,0
1505939637,21933047,287.37,0.04886399,0
1505939633,21933046,287.36,0.08910000,1
1505939633,21933045,287.36,0.05000000,1
1505939630,21933044,287.37,0.13910000,0
1505939626,21933037,287.37,0.02103601,1
1505939626,21933035,287.37,0.20896399,1
1505939520,21932972,287.51,0.13600000,0
1505939496,21932969,287.51,1.00000000,0
1505939435,21932939,287.53,0.22300000,0
1505939434,21932936,287.53,0.10071944,0
1505939433,21932935,287.50,0.12128056,0
1505939367,21932907,287.52,0.49710944,0
1505939310,21932886,287.03,0.03909996,1
1505939309,21932885,287.17,0.05000000,1
1505939309,21932884,287.37,0.05000000,1
1505939309,21932883,287.49,0.00000004,1
1505939304,21932881,287.54,0.13910000,0
1505939301,21932880,287.50,0.13910000,0
1505939296,21932879,287.54,0.13910000,0
1505939295,21932876,287.54,0.04000000,0
1505939223,21932853,287.54,0.33800000,0
1505939199,21932845,287.49,0.02264206,1
1505939194,21932840,287.49,0.97735790,1
1505939115,21932823,287.49,0.00003513,1
1505939114,21932822,287.49,0.99996487,1
1505938935,21932751,287.49,0.00212180,1
1505938933,21932748,287.74,0.05000000,1
1505938915,21932731,287.75,0.52949000,1
1505938865,21932706,288.00,4.67000000,0
1505938844,21932699,287.75,0.13890000,1
1505938841,21932697,288.00,0.10000000,0
1505938823,21932682,288.17,4.77291861,0
1505938822,21932681,288.03,1.21000000,0
1505938822,21932680,288.02,1.01394200,0
1505938822,21932679,287.93,0.09110000,0
1505938819,21932678,287.93,0.13890000,0
1505938806,21932676,288.07,0.20120600,0
1505938805,21932674,287.75,0.08910000,1
1505938803,21932672,287.94,0.05000000,1
1505938802,21932671,288.09,0.77000000,0
1505938801,21932670,288.09,0.23000000,0
1505938748,21932624,288.11,2.55606775,0
1505938737,21932622,287.88,2.88064000,0
1505938737,21932621,287.50,0.90561230,0
1505938737,21932620,287.49,0.23000000,0
1505938723,21932615,287.50,9.77000000,0
1505938723,21932614,287.49,0.23000000,0
1505938692,21932600,287.50,29.69910000,0
1505938692,21932599,287.47,0.23000000,0
1505938692,21932598,287.46,0.07090000,0
1505938688,21932597,287.50,1.13978649,0
1505938688,21932596,287.49,1.43000000,0
1505938688,21932595,287.48,0.23000000,0
1505938683,21932592,287.47,6.02579611,0
1505938676,21932589,287.25,1.09490400,1
1505938676,21932588,287.33,0.05000000,1
1505938676,21932587,287.45,4.11173100,1
1505938676,21932586,287.45,2.00000000,1
1505938675,21932585,287.45,3.88826900,1
1505938675,21932584,287.46,1.36836600,1
1505938669,21932578,287.49,0.13910000,0
1505938666,21932577,287.46,0.13910000,1
1505938663,21932574,287.50,8.48550121,0
1505938663,21932573,287.49,1.70000000,0
1505938593,21932554,287.49,0.13910000,0
1505938580,21932552,287.47,0.82674293,0
1505938425,21932492,287.50,0.14806958,1
1505938424,21932491,287.50,0.50193042,1
1505938421,21932483,287.50,1.74000000,0
1505938420,21932482,287.50,4.99000000,0
1505938419,21932481,287.55,0.05000000,1
1505938418,21932480,287.66,0.05000000,1
1505938418,21932479,287.75,0.05000000,1
1505938284,21932445,287.92,4.84000000,0
1505938276,21932444,287.68,0.05000000,0
1505938276,21932443,287.23,0.23000000,1
1505938273,21932442,287.23,0.27770000,0
1505938271,21932441,286.06,12.58183795,0
1505938271,21932440,286.62,7.21800000,1
1505938270,21932439,286.64,0.27770000,0
1505938270,21932438,286.64,0.26000000,0
1505938270,21932437,286.64,1.01395200,0
1505938270,21932436,286.73,0.05000000,1
1505938270,21932435,286.73,2.97913546,0
1505938269,21932434,287.08,0.05000000,1
1505938269,21932433,287.26,1.01378300,1
1505938269,21932432,287.38,0.05000000,1
1505938268,21932431,287.63,0.05000000,1
1505938268,21932430,287.83,0.05000000,1
1505938266,21932429,288.00,0.07245536,1
1505938256,21932425,288.03,4.98885286,0
1505938251,21932423,288.00,0.69754464,1
1505938249,21932420,288.00,0.23000000,0
1505938222,21932414,288.00,0.33208481,0
1505938221,21932413,287.99,29.43791519,0
1505938221,21932412,287.98,0.23000000,0
1505938212,21932407,287.99,0.56208481,0
1505938212,21932406,287.98,0.23000000,0
1505938201,21932402,287.99,0.23000000,0
1505938189,21932398,287.99,3.25371232,0
1505938189,21932397,287.94,0.23000000,0
1505938189,21932396,287.93,0.48403379,0
1505938189,21932395,287.93,0.15235343,0
1505938143,21932362,287.45,0.15235343,1
1505938143,21932361,287.64,0.05000000,1
1505938133,21932356,288.01,4.66580000,1
1505938132,21932354,288.26,2.41348088,1
1505938132,21932353,288.21,1.78392300,1
1505938131,21932352,288.11,0.06329500,0
1505938131,21932351,288.07,0.27760000,0
1505938131,21932349,288.07,5.50000000,0
1505938131,21932348,288.01,4.84000000,0
1505938130,21932347,288.00,4.66598489,1
1505938130,21932346,287.98,2.11000000,0
1505938130,21932345,287.90,0.23000000,0
1505938128,21932344,287.65,3.78258000,0
1505938070,21932329,287.85,0.27305621,0
1505938070,21932328,287.52,0.25900000,0
1505938070,21932327,287.24,0.17255359,0
1505938065,21932321,287.25,0.05744641,1
1505938064,21932320,287.25,4.78255359,0
1505938062,21932319,287.25,4.84000000,0
1505938060,21932316,287.25,1.01353800,0
1505938060,21932315,287.29,5.00000000,1
1505938060,21932314,287.30,0.87180000,1
1505938060,21932313,287.32,0.75709000,1
1505938020,21932295,287.30,3.79418489,1
1505938020,21932294,287.31,0.27760000,1
1505938020,21932293,287.31,0.05668883,1
1505938019,21932290,287.31,0.20231117,1
1505938013,21932286,288.10,14.44079198,0
1505938009,21932283,288.06,0.13900000,1
1505938004,21932243,288.03,4.84000000,0
1505938003,21932242,288.05,2.64265425,0
1505938002,21932239,288.05,0.32795890,0
1505938002,21932237,288.04,0.23000000,0
1505937996,21932233,288.05,1.86938685,0
1505937993,21932231,288.04,3.11729792,0
1505937993,21932230,288.04,25.77091788,0
1505937992,21932228,288.03,0.23000000,0
1505937969,21932201,288.04,1.11178420,0
1505937969,21932200,287.96,0.23000000,0
1505937957,21932198,287.95,5.95400808,0
1505937946,21932196,287.92,0.23000000,0
1505937946,21932195,287.90,4.60852940,0
1505937937,21932192,287.91,0.25810000,0
1505937937,21932191,287.91,0.91000000,0
1505937930,21932182,287.93,2.08261851,0
1505937924,21932177,288.04,3.37056539,0
1505937924,21932176,287.97,1.65477349,0
1505937923,21932173,287.84,0.75571000,0
1505937918,21932167,287.98,1.50581765,0
1505937918,21932166,287.86,0.25800000,0
1505937918,21932165,287.85,0.23000000,0
1505937913,21932159,287.85,2.10140294,0
1505937912,21932158,287.85,0.60553347,0
1505937879,21932131,287.96,1.40820000,0
1505937864,21932120,288.03,0.13900000,0
1505937862,21932110,287.09,0.02474081,0
1505937861,21932109,287.09,0.25800000,1
1505937858,21932107,288.05,1.74007984,1
1505937857,21932106,288.07,1.39800521,0
1505937856,21932105,286.98,0.25900000,0
1505937856,21932104,286.74,0.13900000,1
1505937855,21932103,286.73,12.29076300,0
1505937854,21932100,286.73,5.00000000,1
1505937848,21932095,286.99,1.41000700,0
1505937844,21932092,287.02,1.20725219,1
1505937843,21932091,287.10,9.63520000,1
1505937843,21932090,287.49,0.25900000,1
1505937843,21932089,287.50,0.15570000,1
1505937843,21932088,287.57,1.05362700,1
1505937843,21932087,287.59,0.85000000,1
1505937843,21932086,287.62,0.75571000,1
1505937824,21932076,288.07,0.39564050,0
1505937824,21932075,288.00,0.62413719,0
1505937823,21932074,287.99,0.23000000,0
1505937794,21932057,288.00,0.07570500,0
1505937792,21932055,287.61,0.06329500,0
1505937792,21932054,287.59,0.23000000,1
1505937789,21932053,287.52,0.23000000,0
1505937787,21932050,287.50,0.13930000,0
1505937762,21932034,287.29,0.20235650,1
1505937725,21931988,287.24,1.30648571,1
1505937702,21931968,287.17,0.26080863,1
1505937673,21931933,287.29,0.23000000,0
1505937627,21931916,287.34,0.13395600,0
1505937627,21931915,287.34,0.23000000,0
1505937520,21931858,287.34,1.21000000,1
1505937291,21931708,287.46,2.42966120,0
1505937279,21931705,287.16,0.13930000,1
1505937277,21931704,287.51,2.86966680,1
1505937276,21931703,287.51,2.73703400,1
1505937276,21931702,287.51,2.90100000,1
1505937275,21931701,287.51,2.81100000,1
1505937275,21931700,287.51,2.60840200,1
1505937275,21931699,287.51,2.20323600,1
1505937274,21931698,287.51,1.44000000,1
1505937270,21931697,287.52,8.29456480,0
1505937270,21931696,287.51,1.71000000,0
1505937270,21931695,287.50,6.83800000,0
1505937270,21931694,287.26,4.05774700,0
1505937270,21931693,286.98,0.55878022,0
1505937269,21931692,286.98,0.05933978,0
1505937256,21931684,286.98,0.13930000,0
1505937217,21931629,287.02,0.05212180,0
1505937214,21931628,286.00,0.13980000,1
1505937214,21931627,286.00,3.64278000,0
1505937210,21931621,286.00,0.13980000,0
1505937204,21931609,286.00,0.23000000,0
1505937204,21931608,286.27,0.75742000,1
1505937204,21931607,286.27,0.23000000,1
1505937190,21931582,286.77,13.66802159,1
1505937190,21931580,286.77,1.47696000,1
1505937188,21931578,287.50,0.75530434,0
1505937188,21931577,287.44,0.42000000,0
1505937188,21931575,287.44,0.23000000,1
1505937187,21931574,287.44,3.15583000,1
1505937187,21931573,287.11,0.06329500,0
1505937187,21931572,286.99,4.05909600,0
1505937186,21931569,286.75,2.12000000,0
1505937185,21931564,286.74,13.93383567,0
1505937170,21931540,286.77,1.24845417,0
1505937164,21931519,286.80,1.95578477,0
1505937163,21931518,286.61,0.06329549,0
1505937163,21931517,286.59,3.36000000,0
1505937163,21931516,286.05,1.00000000,0
1505937163,21931514,286.00,1.00000000,0
1505937163,21931513,286.00,0.80004998,0
1505937163,21931511,285.99,9.42839371,0
1505937163,21931509,285.99,0.64091624,0
1505937128,21931450,285.99,0.11724376,0
1505937120,21931432,285.99,0.30015035,0
1505937110,21931412,286.00,0.09995002,0
1505937106,21931403,286.00,0.05000000,0
1505937105,21931402,286.00,0.05000000,0
1505937006,21931285,286.54,0.24360629,0
1505936980,21931265,286.46,0.23000000,0
1505936979,21931264,284.66,5.24765478,0
1505936979,21931263,284.79,0.04599881,1
1505936979,21931262,284.81,0.14000000,1
1505936979,21931261,284.81,10.88636677,0
1505936978,21931260,285.15,0.69984219,1
1505936978,21931259,285.16,0.69000000,1
1505936977,21931258,285.62,0.04586514,1
1505936977,21931256,285.85,0.05000000,1
1505936977,21931255,285.94,0.10000000,1
1505936976,21931254,286.20,0.05000000,1
1505936976,21931253,286.20,0.00011495,1
1505936976,21931252,286.20,0.22988505,1
1505936976,21931251,286.20,0.77000000,1
1505936976,21931250,286.25,0.06308120,1
1505936975,21931248,286.37,0.04574502,1
1505936975,21931247,286.50,0.05000000,1
1505936975,21931246,286.50,3.00000000,1
1505936973,21931245,286.72,0.69754464,1
1505936927,21931214,286.72,0.28793037,1
1505936927,21931213,286.75,0.05000000,1
1505936927,21931212,286.82,0.83387713,1
1505936900,21931176,286.95,0.05000000,1
1505936812,21931128,287.16,0.23000000,1
1505936784,21931085,287.69,0.13950000,0
1505936782,21931081,286.95,0.05000000,1
1505936782,21931080,287.00,0.31905923,1
1505936782,21931079,287.02,0.04564142,1
1505936782,21931077,287.06,0.05000000,1
1505936781,21931076,287.15,0.05000000,1
1505936775,21931048,287.36,0.05000000,1
1505936775,21931047,287.37,0.23000000,1
1505936754,21930982,287.82,0.22997013,1
1505936701,21930926,288.04,5.28150000,0
1505936576,21930868,287.48,3.83083178,1
1505936549,21930852,287.36,3.39798806,0
1505936548,21930851,287.50,0.28866085,1
1505936548,21930849,287.58,0.04555254,1
1505936546,21930847,287.72,0.23000000,1
1505936503,21930828,287.58,1.26898677,0
1505936503,21930827,287.61,0.05000000,1
1505936503,21930826,287.81,0.05000000,1
1505936502,21930825,287.83,0.06522129,1
1505936502,21930824,287.88,0.63776000,1
1505936502,21930823,287.88,5.00000000,0
1505936500,21930821,288.04,0.00003194,1
1505936469,21930788,288.04,0.22996806,1
1505936461,21930783,288.00,3.75930070,0
1505936460,21930782,288.01,0.58379917,1
1505936460,21930781,288.01,0.23000000,1
1505936460,21930780,288.01,0.22986423,1
1505936460,21930779,288.03,2.07703590,1
1505936448,21930750,288.29,0.63684000,1
1505936447,21930748,288.29,0.13890000,1
1505936438,21930742,288.20,0.00011495,0
1505936436,21930739,288.20,0.22988505,0
1505936424,21930730,288.20,0.77000000,0
1505936424,21930729,288.19,0.23000000,0
1505936209,21930686,288.02,1.00000000,1
1505936009,21930619,288.02,0.23000000,1
1505935941,21930591,288.65,2.15389923,0
1505935941,21930590,288.00,0.00270077,0
1505935926,21930585,288.00,1.04715696,0
1505935910,21930580,288.00,0.13890000,0
1505935897,21930578,288.00,2.69075325,0
1505935860,21930544,287.88,2.08427415,0
1505935858,21930539,287.88,3.53778227,0
1505935857,21930538,287.88,2.11358606,0
1505935857,21930537,287.87,2.08427415,0
1505935850,21930527,287.88,1.57784519,0
1505935850,21930526,287.86,1.87081953,0
1505935819,21930516,287.88,3.46420882,1
1505935819,21930515,287.99,0.73492135,1
1505935819,21930514,287.99,3.68390000,1
1505935804,21930505,287.99,0.13880000,1
1505935800,21930502,288.00,0.13880000,0
1505935798,21930501,287.99,0.03850000,1
1505935796,21930500,287.99,0.13880000,1
1505935793,21930497,288.00,0.13880000,0
1505935793,21930496,288.00,0.23000000,0
1505935791,21930494,288.00,0.68000000,1
1505935791,21930493,288.04,0.05000000,1
1505935791,21930492,288.07,0.23000000,1
1505935791,21930491,288.09,1.53288902,1
1505935774,21930486,288.25,0.23000000,0
1505935772,21930484,288.24,0.23000000,1
1505935740,21930459,288.20,0.03850000,1
1505935740,21930458,288.29,0.05000000,1
1505935738,21930457,288.49,0.05000000,1
1505935707,21930438,288.50,0.22991335,1
1505935698,21930401,288.50,0.23000000,1
1505935436,21930320,288.70,0.24114400,0
1505935416,21930305,288.70,0.13850000,0
1505935415,21930304,288.70,0.67991880,0
1505935415,21930303,288.63,0.25700000,0
1505935413,21930302,288.61,0.06308120,0
1505935379,21930273,288.35,0.20000000,1
1505935366,21930267,288.11,6.58477910,1
1505935366,21930266,288.33,0.06522090,1
1505935366,21930265,288.34,0.23000000,1
1505935311,21930229,288.34,3.50274747,0
1505935303,21930224,288.34,0.23000000,1
1505935295,21930211,288.50,0.23000000,1
1505935295,21930209,288.50,4.10998722,1
1505935293,21930206,288.41,0.25700000,1
1505935293,21930205,288.49,0.05000000,1
1505935285,21930197,288.51,0.23000000,1
1505935283,21930196,288.49,0.20053667,1
1505935283,21930195,288.50,0.53258686,1
1505935274,21930193,288.54,5.29300000,1
1505935214,21930170,288.54,0.20700000,1
1505935205,21930167,288.55,0.23000000,0
1505935202,21930163,288.69,0.05000000,1
1505935182,21930155,288.80,1.41770017,1
1505935182,21930154,288.81,0.23000000,1
1505935159,21930137,288.80,1.18757268,0
1505935158,21930135,288.80,0.23000000,0
1505935157,21930132,288.80,1.18759203,0
1505935156,21930129,288.80,22.62960507,1
1505935155,21930127,288.80,11.36795200,1
1505935152,21930119,288.80,8.12501910,1
1505935152,21930118,288.83,0.06522090,1
1505935152,21930117,288.93,0.23000000,1
1505935111,21930090,288.90,3.49410300,1
1505935110,21930087,289.00,1.74504700,1
1505935110,21930085,289.00,3.49410280,1
1505935109,21930084,289.00,10.77762000,1
1505935107,21930081,289.00,0.47373400,1
1505935106,21930079,289.09,0.25700000,1
1505935106,21930078,289.12,1.01431300,1
1505935092,21930057,289.18,0.13820000,1
1505935090,21930056,289.64,0.00011030,1
1505935089,21930053,289.64,1.85692584,1
1505935070,21930043,289.96,4.71000000,0
1505935041,21930040,289.30,0.12540000,0
1505935014,21930033,289.30,0.13820000,0
1505935010,21930032,289.27,0.13820000,1
1505934959,21929973,289.30,0.13820000,0
1505934956,21929971,289.28,6.58092983,1
1505934954,21929970,289.27,0.13820000,1
1505934948,21929969,289.30,0.13820000,0
1505934943,21929968,289.30,0.46000000,0
1505934942,21929967,289.28,0.13820000,1
1505934939,21929965,289.29,0.13820000,0
1505934916,21929963,289.30,0.63820000,1
1505934916,21929962,289.30,5.36180000,1
1505934916,21929961,289.31,2.03640300,0
1505934907,21929960,289.30,0.13820000,1
1505934900,21929956,289.37,0.05578493,0
1505934898,21929955,289.36,0.08241507,0
1505934880,21929944,289.33,1.01405700,1
1505934867,21929938,289.37,1.01407800,1
1505934865,21929934,289.37,4.48592200,1
1505934865,21929933,289.45,1.01407800,1
1505934759,21929896,289.58,5.16000000,1
1505934759,21929895,289.58,4.84000000,1
1505934739,21929882,289.71,1.01383800,1
1505934739,21929881,289.71,1.78935768,1
1505934739,21929880,289.71,0.05000000,1
1505934739,21929879,289.72,0.75724000,1
1505934665,21929831,289.92,4.37410300,1
1505934664,21929830,289.92,0.88000000,1
1505934664,21929829,289.92,0.74589700,1
1505934626,21929816,289.92,5.25410300,1
1505934626,21929814,289.92,0.74589700,1
1505934559,21929807,289.92,0.13780000,1
1505934550,21929803,289.92,4.10630300,1
1505934550,21929802,289.92,1.89369700,1
1505934510,21929796,289.91,4.98630300,0
1505934510,21929795,289.91,1.01369700,1
1505934479,21929766,289.89,1.20000000,1
1505934473,21929761,289.89,0.05000000,1
1505934465,21929758,290.02,0.44000000,1
1505934457,21929755,290.09,10.00000000,1
1505934456,21929753,290.10,3.58232144,1
1505934443,21929748,290.19,0.13780000,0
1505934440,21929747,290.19,0.05458493,0
1505934423,21929740,290.10,0.62629614,1
1505934423,21929739,290.10,1.76540173,1
1505934423,21929738,290.10,1.44604678,1
1505934420,21929735,290.10,0.74701219,1
1505934417,21929733,290.10,0.03454200,1
1505934390,21929727,290.10,1.79837972,1
1505934290,21929705,290.32,0.76584458,0
1505934167,21929645,290.29,1.01966334,0
1505934160,21929643,289.87,4.84000000,1
1505934160,21929642,289.88,1.01358200,1
1505934160,21929641,289.91,0.01768219,1
1505934159,21929639,289.91,1.83392555,1
1505934145,21929633,289.89,0.27480000,1
1505934145,21929632,290.01,0.05000000,1
1505934145,21929631,290.03,1.16767231,1
1505934144,21929630,290.16,2.83083178,1
1505934144,21929629,290.17,10.30000000,1
1505934141,21929627,290.37,0.06870544,0
1505934090,21929613,290.16,1.00000000,1
1505934085,21929612,290.06,0.13832700,1
1505934053,21929603,290.16,9.42143197,1
1505934031,21929594,290.16,5.09415581,1
1505934031,21929593,290.19,10.01900435,1
1505934031,21929592,290.19,4.88680075,1
1505933993,21929569,290.19,1.00000000,1
1505933993,21929568,290.19,0.20800000,1
1505933977,21929562,290.19,5.89620800,1
1505933975,21929561,290.19,2.89230600,1
1505933973,21929560,290.19,0.11668525,1
1505933973,21929559,290.20,0.32881675,1
1505933965,21929557,290.20,0.03707475,1
1505933965,21929556,290.23,0.17220825,1
1505933934,21929545,290.22,0.69036878,1
1505933929,21929543,290.22,0.19900000,1
1505933921,21929540,290.22,0.19900000,1
1505933723,21929478,290.54,5.60100920,0
1505933706,21929474,290.47,5.50000000,1
1505933702,21929466,290.47,1.87202300,1
1505933702,21929462,290.47,3.62797700,1
1505933701,21929459,290.61,1.72000000,0
1505933697,21929454,290.46,0.13780000,1
1505933695,21929452,290.47,3.86000000,0
1505933694,21929450,290.47,5.50000000,0
1505933670,21929432,290.48,4.73686691,1
1505933670,21929431,290.48,0.10313309,1
1505933670,21929430,291.07,1.75631291,1
1505933669,21929428,291.06,0.36177971,0
1505933669,21929427,290.99,0.21000000,0
1505933669,21929426,290.82,4.84000000,0
1505933668,21929425,290.71,4.05227400,0
1505933668,21929424,290.49,1.03000000,0
1505933668,21929422,290.48,0.75526000,0
1505933667,21929420,290.47,2.87188700,0
1505933667,21929419,290.47,6.88000000,0
1505933631,21929412,290.55,0.83265138,0
1505933619,21929405,290.58,0.78867100,1
1505933618,21929403,290.58,4.05132900,0
1505933582,21929384,291.02,2.42966120,0
1505933572,21929381,291.06,7.35183802,0
1505933571,21929380,291.05,4.84000000,1
1505933566,21929379,290.05,0.36177971,1
1505933566,21929378,290.07,0.14642183,1
1505933566,21929377,290.12,0.75526000,1
1505933560,21929375,290.60,0.12825000,0
1505933556,21929374,291.09,0.13780000,0
1505933554,21929373,290.14,2.86326517,1
1505933554,21929372,290.20,0.05000000,1
1505933551,21929368,291.10,6.58219177,0
1505933551,21929367,291.11,4.79266008,0
1505933551,21929366,291.11,0.20733992,0
1505933550,21929365,291.11,0.03607323,0
1505933543,21929361,291.10,0.23000000,0
1505933537,21929360,290.58,0.23000000,0
1505933534,21929358,290.21,0.13790000,0
1505933532,21929354,291.11,0.24344018,1
1505933531,21929353,291.11,0.06522090,0
1505933531,21929352,291.10,1.22000000,0
1505933531,21929351,291.00,11.51478266,0
1505933531,21929350,290.59,5.50000000,0
1505933521,21929342,290.59,1.32800000,0
1505933520,21929340,290.59,4.17200000,1
1505933519,21929339,290.59,5.50000000,0
1505933514,21929338,291.00,3.23067414,0
1505933514,21929336,291.00,4.72032586,0
1505933514,21929335,290.99,6.88000000,0
1505933514,21929333,290.68,9.66900000,0
1505933514,21929332,290.59,5.50000000,0
1505933507,21929330,290.98,1.26367353,0
1505933507,21929329,290.59,1.33100000,0
1505933504,21929327,290.59,4.16900000,0
1505933498,21929326,291.00,3.33116838,0
1505933498,21929325,290.99,5.50000000,1
1505933497,21929323,290.99,24.50000000,0
1505933497,21929322,290.59,5.50000000,0
1505933496,21929321,290.56,0.59026359,0
1505933494,21929318,290.47,5.50000000,0
1505933488,21929311,290.41,0.36026359,0
1505933482,21929309,290.40,0.23000000,0
1505933454,21929258,290.41,3.78936762,0
1505933454,21929257,290.40,2.86063238,0
1505933454,21929256,290.40,0.23000000,0
1505933436,21929247,290.40,17.19651784,0
1505933427,21929242,290.40,6.11286732,0
1505933427,21929241,290.39,0.23000000,0
1505933420,21929234,290.41,0.69036879,0
1505933415,21929231,290.46,29.57562957,1
1505933410,21929226,291.00,2.95303343,0
1505933410,21929225,291.00,0.05000000,0
1505933410,21929224,291.00,8.84861605,0
1505933410,21929223,290.99,1.69000000,1
1505933409,21929222,290.99,0.05000000,0
1505933409,21929221,290.85,0.05000000,0
1505933409,21929219,290.84,0.05000000,0
1505933409,21929218,290.61,0.06522090,0
1505933408,21929217,290.51,5.50000000,0
1505933408,21929216,290.51,9.66916662,1
1505933408,21929215,290.41,4.84000000,0
1505933407,21929214,290.28,0.04594082,0
1505933407,21929213,290.11,0.06522129,0
1505933406,21929212,290.00,18.21446232,0
1505933402,21929209,290.00,0.13790000,0
1505933401,21929208,290.00,8.50230000,0
1505933401,21929207,290.00,0.42437043,0
1505933400,21929206,290.00,2.58000000,0
1505933397,21929205,289.96,0.13790000,1
1505933395,21929203,289.96,1.41082034,0
1505933390,21929200,289.92,1.16686662,0
1505933381,21929197,289.90,0.13820000,0
1505933381,21929196,289.87,0.28617043,0
1505933186,21929121,289.86,0.18375495,1
1505933164,21929097,289.90,0.13790000,0
1505933158,21929094,289.86,0.06000000,1
1505933157,21929093,289.85,0.23000000,0
1505933140,21929087,289.81,0.23000000,0
1505933105,21929072,289.47,0.13820000,1
1505933075,21929060,289.56,0.32445800,0
1505933074,21929055,289.56,0.31901540,0
1505933074,21929054,289.55,9.07448586,0
1505933074,21929053,289.51,4.84000000,0
1505933074,21929052,289.45,6.88000000,0
1505933074,21929050,289.44,8.88649874,0
1505933070,21929048,289.06,0.00965380,1
1505933070,21929047,289.30,2.91268579,1
1505933070,21929046,289.32,2.04027305,1
1505933070,21929045,289.32,1.91734595,1
1505933058,21929028,289.27,3.24230402,0
1505933023,21928974,289.27,2.47027318,0
1505933016,21928970,289.27,5.00000000,0
1505933007,21928954,289.28,0.34608300,0
1505933007,21928953,289.29,0.34571900,0
1505933004,21928951,289.29,6.88000000,0
1505932995,21928949,289.31,0.98951657,0
1505932992,21928948,289.24,0.13820000,0
1505932988,21928946,289.23,0.13820000,1
1505932988,21928945,289.23,5.00000000,1
1505932985,21928942,289.24,0.13820000,0
1505932977,21928937,289.10,5.00000000,0
1505932957,21928927,289.00,3.07000000,0
1505932957,21928926,288.95,5.00000000,0
1505932948,21928923,289.00,1.88000000,0
1505932948,21928922,288.90,5.00000000,0
1505932937,21928917,288.75,2.75172000,0
1505932936,21928916,288.75,1.90000000,0
1505932935,21928914,288.75,0.34828000,0
1505932932,21928906,289.00,0.05000000,0
1505932923,21928898,288.93,0.40077300,0
1505932912,21928878,288.92,1.88000000,0
1505932911,21928876,288.70,5.00000000,0
1505932889,21928815,288.91,0.59280059,0
1505932889,21928814,288.71,1.06021860,0
1505932889,21928813,288.70,0.61130000,0
1505932889,21928812,288.50,4.61568081,0
1505932848,21928762,288.50,0.09961919,0
1505932823,21928752,288.50,0.28470000,0
1505932815,21928733,288.40,0.41045780,0
1505932814,21928729,288.41,0.09145238,1
1505932811,21928717,288.41,0.16635300,0
1505932809,21928715,288.41,0.09148000,0
1505932808,21928711,288.42,0.25783300,0
1505932805,21928707,288.41,2.34000000,0
1505932799,21928694,288.41,3.35140428,0
1505932792,21928681,287.88,4.52673273,1
1505932792,21928680,287.89,0.24100000,1
1505932792,21928679,287.90,0.08269862,1
1505932792,21928678,287.94,0.60970000,1
1505932792,21928677,287.96,5.00000000,1
1505932791,21928676,288.00,0.08269865,1
1505932791,21928675,288.04,0.23000000,1
1505932791,21928674,288.05,0.22717000,1
1505932750,21928650,288.49,0.11341341,0
1505932750,21928649,288.49,0.11341341,0
1505932721,21928601,288.00,2.03537198,0
1505932720,21928600,288.00,5.00000000,0
1505932719,21928599,288.14,2.73462802,1
1505932719,21928598,288.14,0.23000000,1
1505932664,21928589,288.71,0.24016700,0
1505932655,21928588,288.63,2.78000000,0
1505932653,21928587,288.64,1.43255840,0
1505932647,21928577,287.90,6.65147887,0
1505932639,21928576,287.88,0.13840000,1
1505932637,21928575,287.88,0.94607857,1
1505932637,21928574,287.89,5.00000000,1
1505932637,21928573,287.90,0.60970000,1
1505932637,21928572,287.90,0.23000000,1
1505932637,21928571,288.66,0.09422143,1
1505932634,21928570,288.65,0.60810000,0
1505932634,21928568,288.63,0.60810000,0
1505932634,21928567,288.64,0.60808360,0
1505932603,21928552,288.00,13.77000000,0
1505932603,21928551,288.05,0.23000000,1
1505932545,21928505,287.88,11.99893602,1
1505932545,21928504,287.88,28.92564386,1
1505932545,21928503,287.89,0.29000000,1
1505932544,21928502,287.89,0.86160000,1
1505932544,21928501,287.89,0.13840000,1
1505932544,21928500,287.90,0.09722777,1
1505932544,21928498,287.90,0.90277223,1
1505932544,21928497,287.92,1.00000000,1
1505932544,21928496,287.97,1.00000000,1
1505932544,21928495,288.00,0.39997177,1
1505932544,21928494,288.00,0.35168300,1
1505932543,21928493,288.00,0.24834523,1
1505932543,21928492,288.20,1.06021860,1
1505932543,21928491,288.20,1.39664822,1
1505932543,21928490,288.20,1.39595022,1
1505932543,21928489,288.20,1.39664822,1
1505932543,21928488,288.28,12.59379088,1
1505932543,21928487,288.31,0.25700000,1
1505932543,21928486,288.33,6.84600000,1
1505932542,21928485,288.34,0.60810000,1
1505932542,21928484,288.40,0.23000000,1
1505932478,21928460,288.63,0.23578500,0
1505932478,21928459,288.50,0.12360000,0
1505932467,21928455,288.47,4.87625900,0
1505932466,21928454,288.50,4.87640000,0
1505932466,21928453,288.48,0.08081900,0
1505932453,21928446,288.62,0.46360000,0
1505932450,21928445,288.62,0.06318100,0
1505932446,21928444,288.50,5.00000000,0
1505932426,21928433,288.25,0.99820912,0
1505932425,21928432,288.25,0.33817249,1
1505932425,21928431,288.26,3.66361839,1
1505932424,21928428,288.64,0.94120703,0
1505932423,21928426,288.64,0.90607677,0
1505932421,21928423,288.26,4.82292844,1
1505932421,21928422,288.28,0.17707156,1
1505932420,21928421,288.28,0.05292844,1
1505932419,21928420,288.63,0.08547156,1
1505932419,21928419,288.63,0.01902844,0
1505932416,21928414,288.26,4.01545317,1
1505932416,21928413,288.27,0.60760000,1
1505932416,21928412,288.63,0.37694683,1
1505932415,21928410,288.63,0.10450000,0
1505932413,21928408,288.63,0.15250000,0
1505932413,21928407,288.63,0.60690000,0
1505932411,21928405,288.26,4.77000000,1
1505932411,21928403,288.27,0.23000000,1
1505932410,21928400,288.65,0.25687156,0
1505932406,21928395,288.26,5.00000000,1
1505932403,21928392,288.26,4.77000000,1
1505932403,21928391,288.26,0.23000000,1
1505932397,21928383,288.26,5.00000000,1
1505932396,21928381,288.67,1.46427325,0
1505932393,21928378,288.67,3.99064675,0
1505932391,21928377,288.67,0.37377000,1
1505932391,21928376,288.67,0.37377000,1
1505932391,21928375,288.67,0.37377000,1
1505932391,21928374,288.67,0.07377000,1
1505932391,21928373,288.68,0.23000000,1
1505932386,21928368,289.53,2.46505000,0
1505932386,21928367,288.67,0.10000000,1
1505932385,21928366,288.67,0.10000000,1
1505932385,21928365,288.67,0.10000000,1
1505932382,21928361,288.25,0.33834158,0
1505932382,21928360,288.25,1.23908900,0
1505932381,21928356,288.25,0.66369587,0
1505932379,21928355,288.25,0.10000000,0
1505932378,21928354,288.25,7.12887355,0
1505932378,21928353,288.25,0.10000000,1
1505932378,21928352,288.26,0.10000000,1
1505932378,21928351,288.27,0.10000000,1
1505932378,21928350,288.29,0.23000000,1
1505932332,21928340,288.25,6.98914953,0
1505932332,21928339,288.25,0.75165047,1
1505932332,21928338,288.40,0.60690000,1
1505932331,21928337,288.86,0.27590000,1
1505932331,21928336,288.86,0.13000000,1
1505932331,21928335,288.87,0.75940000,1
1505932331,21928334,288.87,0.25700000,1
1505932331,21928332,288.88,0.23000000,1
1505932264,21928311,289.08,0.26919737,1
1505932262,21928306,289.00,0.39997177,0
1505932257,21928300,289.00,0.35168300,0
1505932222,21928283,289.00,0.24834523,0
1505932222,21928282,288.90,0.09722777,0
1505932216,21928275,288.90,0.90277223,0
1505932216,21928274,288.89,0.86160000,0
1505932214,21928271,288.89,0.13840000,0
1505932209,21928268,288.88,0.13850000,1
1505932206,21928264,288.88,6.25560717,0
1505932204,21928262,288.87,0.66289131,0
1505932191,21928249,288.88,0.86359869,0
1505932191,21928248,288.87,0.66289131,0
1505932184,21928240,288.87,1.52478200,0
1505932181,21928238,288.86,2.11674506,1
1505932180,21928237,288.85,0.25700000,0
1505932168,21928221,288.25,8.33056393,0
1505932166,21928219,288.25,0.23000000,0
1505932165,21928218,288.25,1.20943607,1
1505932165,21928217,288.26,0.23000000,1
1505932154,21928206,288.87,4.14962669,0
1505932154,21928205,288.87,0.75940000,0
1505932153,21928203,288.25,0.86063900,0
1505932153,21928202,288.25,3.29975400,0
1505932153,21928201,288.25,5.26843700,0
1505932151,21928199,288.25,0.34117000,1
1505932151,21928198,288.39,0.23000000,1
1505932149,21928197,288.86,0.13850000,0
1505932147,21928196,288.25,0.34117473,0
1505932147,21928195,288.27,0.25700000,1
1505932147,21928194,288.29,6.33730000,1
1505932147,21928193,288.30,2.07512527,1
1505932146,21928192,288.37,0.75940000,1
1505932146,21928191,288.38,0.23000000,1
1505932136,21928188,288.88,2.00553432,0
1505932089,21928171,288.88,1.76888422,0
1505932089,21928170,288.87,0.01917200,0
1505932075,21928160,288.32,0.13840000,1
1505932073,21928159,288.87,1.46204200,0
1505932073,21928158,288.87,3.84031600,0
1505932071,21928155,288.85,0.75812000,0
1505932070,21928152,288.84,1.41067200,0
1505932051,21928142,288.87,0.43510000,0
1505932034,21928133,288.26,5.00000000,1
1505932012,21928117,288.25,4.01188000,0
1505932012,21928115,288.29,0.23000000,1
1505932011,21928114,288.30,0.75812000,1
1505932004,21928113,288.88,2.00327411,0
1505932004,21928112,288.87,2.77760000,0
1505932004,21928111,288.86,0.23000000,0
1505931963,21928057,288.88,7.62416920,0
1505931963,21928055,288.87,2.77760000,0
1505931957,21928050,288.88,6.12087000,0
1505931957,21928049,288.87,0.75663000,0
1505931956,21928048,288.87,6.88000000,0
1505931911,21928014,289.00,4.10987665,0
1505931911,21928013,288.97,1.00000000,0
1505931911,21928012,288.92,1.00000000,0
1505931911,21928011,288.91,2.99012335,0
1505931899,21927996,288.20,1.39664822,0
1505931898,21927991,288.20,1.22107830,0
1505931898,21927990,288.19,0.25700000,0
1505931897,21927988,288.20,14.76362081,0
1505931897,21927987,288.20,0.23000000,0
1505931895,21927986,288.20,4.51074462,1
1505931894,21927985,288.20,1.66525385,1
1505931894,21927984,288.20,2.37830085,1
1505931894,21927983,288.21,0.23000000,1
1505931894,21927982,288.22,0.75663000,1
1505931894,21927981,288.22,2.84772335,1
1505931881,21927964,288.20,2.13469915,0
1505931880,21927961,288.20,2.37830085,0
1505931879,21927959,288.48,0.25700000,1
1505931879,21927958,288.69,0.23000000,1
1505931870,21927946,288.69,0.34240000,1
1505931870,21927945,288.70,4.65760000,1
1505931864,21927943,288.68,5.00000000,1
1505931861,21927942,289.00,2.73263128,0
1505931860,21927941,289.00,3.63168721,0
1505931856,21927937,289.00,0.20000000,0
1505931852,21927936,289.00,2.73830618,0
1505931852,21927935,288.99,0.06761000,0
1505931852,21927934,288.98,0.11760000,0
1505931852,21927933,288.95,2.07648382,0
1505931850,21927931,288.97,0.20000000,0
1505931832,21927926,288.98,0.13840000,0
1505931830,21927924,288.96,0.75469333,1
1505931826,21927918,288.96,7.46420000,0
1505931815,21927913,289.00,1.84148800,0
1505931815,21927912,288.99,9.10000000,0
1505931802,21927903,288.20,1.37625870,0
1505931802,21927902,288.20,0.08269862,1
1505931802,21927901,288.59,0.20856000,1
1505931802,21927900,288.61,3.33248268,1
1505931794,21927892,289.07,0.20819000,1
1505931793,21927890,289.50,0.20819000,0
1505931791,21927887,289.39,0.20819000,1
1505931790,21927884,289.10,0.20819000,0
1505931787,21927878,289.11,0.20819000,0
1505931785,21927872,289.11,0.18638000,0
1505931785,21927871,289.11,0.02181000,0
1505931783,21927864,289.11,0.20819000,0
1505931782,21927861,289.11,0.20819000,0
1505931780,21927857,289.12,0.20819000,0
1505931778,21927849,289.11,0.20819000,0
1505931776,21927842,288.20,0.33764296,0
1505931776,21927839,288.20,0.20819000,0
1505931776,21927838,288.20,0.34698126,0
1505931773,21927836,288.20,0.27580390,0
1505931772,21927835,288.20,0.23000000,0
1505931772,21927834,288.58,3.60138188,1
1505931734,21927818,289.23,1.37466336,0
1505931700,21927807,289.26,3.39487801,0
1505931670,21927793,289.37,0.57065349,0
1505931649,21927783,288.29,49.77000000,1
1505931648,21927782,288.31,0.23000000,1
1505931621,21927771,288.25,40.59000000,1
1505931621,21927770,288.26,1.99000000,1
1505931621,21927769,288.26,7.19000000,1
1505931621,21927768,288.28,0.23000000,1
1505931601,21927763,288.23,50.00000000,1
1505931596,21927751,288.21,9.62969539,1
1505931595,21927749,288.22,0.23000000,1
1505931595,21927747,288.23,0.14030461,1
1505931580,21927741,288.15,5.53601398,1
1505931580,21927740,288.16,4.46398602,1
1505931573,21927736,288.10,10.00000000,1
1505931566,21927733,288.01,3.29031232,1
1505931566,21927731,288.02,0.04548295,1
1505931565,21927729,288.10,1.00000000,1
1505931565,21927727,288.13,0.46000000,1
1505931565,21927725,288.14,2.48000000,1
1505931565,21927724,288.35,0.75726504,1
1505931565,21927723,288.35,0.04132596,1
1505931565,21927722,288.35,0.20140900,1
1505931565,21927721,288.60,0.23000000,1
1505931565,21927719,288.61,1.49420473,1
1505931559,21927714,288.42,6.57631661,1
1505931559,21927713,288.42,0.86180000,1
1505931559,21927712,288.42,0.13820000,1
1505931559,21927711,288.50,0.48198366,1
1505931559,21927710,288.58,0.23000000,1
1505931559,21927709,288.59,1.71169973,1
1505931553,21927703,288.60,10.00000000,1
1505931548,21927698,288.50,0.51801634,1
1505931547,21927696,288.50,0.94998366,1
1505931547,21927695,288.51,8.53200000,1
1505931539,21927679,288.50,0.05001634,1
1505931539,21927678,288.50,1.00000000,1
1505931539,21927677,288.50,1.00000000,1
1505931539,21927676,288.96,6.88000000,1
1505931538,21927675,288.96,0.81398366,1
1505931538,21927674,289.17,0.25600000,1
1505931531,21927671,289.88,4.77000000,0
1505931531,21927669,289.87,0.23000000,0
1505931529,21927668,289.21,0.02030607,1
1505931485,21927654,289.34,2.56009865,1
1505931485,21927653,289.35,0.27580000,1
1505931485,21927652,289.37,0.38119714,1
1505931475,21927648,289.96,2.98030762,0
1505931474,21927647,289.85,0.23000000,1
1505931473,21927646,289.85,0.23000000,0
1505931440,21927640,289.33,0.19412763,1
1505931440,21927639,289.43,0.38378000,1
1505931333,21927589,289.37,0.19788733,1
1505931330,21927588,289.96,10.32352738,0
1505931327,21927587,289.35,0.17265600,1
1505931327,21927586,289.36,0.23000000,1
1505931290,21927562,289.96,0.61574385,0
1505931290,21927561,289.95,7.50644415,0
1505931290,21927560,289.92,0.23000000,0
1505931290,21927559,289.91,0.75298000,0
1505931240,21927530,289.96,8.35861141,0
1505931240,21927529,289.96,0.81398366,0
1505931240,21927528,289.95,2.41000000,0
1505931240,21927527,289.94,1.30005369,0
1505931240,21927526,289.68,0.25600000,0
1505931240,21927525,289.68,3.82000000,0
1505931102,21927454,289.94,3.04135124,0
1505931101,21927453,289.07,0.13820000,1
1505931099,21927452,288.51,6.86500366,1
1505931099,21927451,288.52,0.48000000,1
1505931099,21927450,288.52,0.23000000,0
1505931098,21927449,288.95,1.00000000,1
1505931098,21927448,288.96,0.18601634,1
1505931098,21927447,289.09,0.23000000,1
1505931096,21927446,289.10,0.75298000,1
1505931096,21927445,289.10,0.25600000,1
1505931041,21927423,289.96,0.18601634,0
1505931041,21927422,289.95,1.00000000,0
1505931041,21927421,289.80,1.00000000,0
1505931041,21927420,289.70,1.00000000,0
1505931041,21927419,289.60,1.00000000,0
1505931041,21927418,289.50,1.00000000,0
1505931041,21927417,289.49,10.40000000,0
1505931041,21927416,289.44,0.25600000,0
1505931040,21927415,289.42,0.86180000,0
1505931040,21927414,289.41,3.29614944,0
1505931031,21927409,289.35,0.54278865,1
1505931025,21927406,289.42,0.13820000,0
1505931023,21927405,289.35,0.75726504,0
1505931020,21927402,289.35,0.04132596,0
1505931017,21927401,289.35,0.20140900,0
1505931015,21927399,289.34,0.34534500,0
1505930929,21927359,289.41,0.20951135,0
1505930792,21927316,288.12,3.64149444,0
1505930792,21927315,288.34,0.04543248,1
1505930792,21927314,288.50,2.17477308,1
1505930792,21927313,288.80,1.00000000,1
1505930791,21927312,288.96,1.00000000,1
1505930791,21927311,288.97,1.00000000,1
1505930791,21927310,289.21,0.23000000,1
1505930791,21927309,289.22,0.65230000,0
1505930789,21927308,289.22,0.25600000,1
1505930631,21927237,288.99,0.10000000,1
1505930627,21927235,289.97,3.38172570,0
1505930622,21927234,289.96,1.00000000,0
1505930609,21927229,289.97,1.00000000,0
1505930598,21927222,289.80,1.00000000,0
1505930598,21927221,289.79,0.75075000,0
1505930598,21927219,289.79,0.23087133,0
1505930592,21927215,289.79,0.02412867,0
1505930521,21927195,289.98,0.70582138,0
1505930521,21927194,289.92,1.28694996,0
1505930521,21927193,289.92,0.70443778,0
1505930458,21927147,288.50,31.68153004,1
1505930457,21927138,288.51,2.09000000,1
1505930457,21927137,288.51,6.81000000,1
1505930457,21927136,288.51,0.45000000,1
1505930457,21927135,288.61,0.05890302,1
1505930456,21927134,288.66,0.61256694,1
1505930456,21927133,289.00,0.73200000,1
1505930456,21927132,289.04,0.05000000,1
1505930455,21927131,289.29,0.05000000,1
1505930455,21927130,289.48,0.25500000,1
1505930455,21927129,289.49,0.05000000,1
1505930454,21927127,289.71,0.23000000,1
1505930367,21927089,289.70,0.77052003,0
1505930356,21927086,289.76,6.01502500,0
1505930340,21927082,289.03,54.77000000,1
1505930340,21927081,289.05,0.23000000,1
1505930323,21927078,289.24,0.08000000,0
1505930323,21927077,289.24,0.23000000,1
1505930276,21927049,289.20,0.21073277,1
1505930038,21926955,289.00,0.05000000,1
1505930038,21926954,289.00,0.96267134,1
1505930037,21926953,289.00,2.15725000,1
1505930037,21926952,289.01,2.30000000,1
1505930037,21926951,289.02,44.79200000,1
1505930037,21926950,289.04,0.75075000,1
1505930034,21926949,289.04,0.42928720,1
1505930031,21926946,289.02,32.52000000,1
1505930031,21926945,289.03,10.37000000,1
1505930030,21926944,289.04,6.88000000,1
1505930030,21926943,289.04,0.23000000,1
1505930017,21926934,289.00,3.12000000,0
1505930015,21926933,289.85,6.88000000,1
1505930008,21926932,290.00,0.68757318,0
1505930007,21926928,289.00,1.20351611,0
1505930007,21926927,289.04,0.05000000,1
1505930007,21926926,289.11,0.05880115,1
1505930006,21926925,289.34,0.05000000,1
1505930006,21926924,289.42,0.28511298,1
1505930006,21926923,289.59,0.05000000,1
1505930006,21926922,289.61,0.05869963,1
1505930006,21926921,289.79,0.05000000,1
1505930006,21926920,289.84,0.09966390,1
1505930006,21926919,289.84,0.41463163,1
1505930006,21926918,289.85,0.72948300,1
1505930006,21926917,289.85,6.88000000,1
1505930005,21926916,289.99,0.07009160,1
1505929958,21926898,290.00,0.19000000,0
1505929939,21926891,290.00,6.00000000,0
1505929837,21926867,290.00,6.86110247,0
1505929792,21926846,290.00,1.94613506,0
1505929786,21926838,290.00,0.27521674,0
1505929784,21926837,290.00,1.01277200,1
1505929784,21926836,290.00,1.38012507,1
1505929784,21926835,290.01,0.00115000,1
1505929691,21926766,290.01,0.22885000,1
1505929683,21926747,290.00,2.78700000,1
1505929683,21926746,290.29,0.08000000,0
1505929670,21926740,290.30,0.08000000,0
1505929661,21926732,290.28,5.73604795,0
1505929601,21926707,290.30,2.24000000,0
1505929601,21926706,290.29,0.66000000,0
1505929593,21926701,290.28,0.83546210,0
1505929569,21926690,290.29,0.35000000,0
1505929521,21926656,290.39,6.01193300,0
1505929521,21926654,290.29,0.84000000,0
1505929457,21926618,290.40,1.75321046,0
1505929457,21926617,290.39,1.00000000,0
1505929434,21926595,290.40,1.59700000,0
1505929434,21926594,290.39,1.19000000,0
1505929424,21926586,290.06,0.44360298,0
1505929423,21926585,290.06,0.69427442,0
1505929423,21926584,290.06,1.01271700,0
1505929422,21926583,290.06,5.00000000,1
1505929422,21926582,290.07,0.23000000,1
1505929416,21926580,290.40,0.28326900,0
1505929416,21926579,290.39,1.42000000,0
1505929399,21926563,290.30,3.59367579,0
1505929365,21926553,290.30,6.10819800,0
1505929362,21926551,290.00,0.26708087,1
1505929362,21926550,290.01,0.69402769,1
1505929359,21926549,290.00,11.06579406,1
1505929359,21926548,290.11,0.05000000,1
1505929358,21926547,290.11,0.05859846,1
1505929358,21926546,290.21,1.01266300,1
1505929358,21926545,290.22,5.00000000,1
1505929358,21926544,290.36,0.05000000,1
1505929351,21926543,290.41,1.13408300,1
1505929337,21926537,290.50,9.27810000,0
1505929330,21926531,290.50,2.61408000,0
1505929330,21926530,290.49,1.68000000,0
1505929330,21926529,290.48,0.74702000,0
1505929315,21926517,290.49,0.39248360,1
1505929314,21926515,290.49,0.18390840,0
1505929310,21926513,290.49,0.07009160,1
1505929299,21926506,290.56,0.05000000,1
1505929299,21926505,290.58,6.80400000,1
1505929299,21926504,290.61,0.05849764,1
1505929299,21926503,290.68,6.18000000,1
1505929299,21926502,290.71,1.01215600,1
1505929299,21926501,290.73,1.00605372,1
1505929298,21926500,290.77,0.04116656,1
1505929298,21926499,290.78,2.50705229,1
1505929298,21926498,290.94,0.74702000,1
1505929070,21926396,290.77,0.54133400,0
1505929070,21926394,290.79,0.05000000,1
1505929070,21926393,290.79,0.23000000,0
1505929070,21926389,290.80,0.04000000,1
1505929069,21926387,290.96,0.25400000,1
1505929069,21926386,291.18,0.23000000,1
1505929069,21926385,291.18,3.34194922,0
1505929067,21926384,291.19,3.31271678,1
1505929017,21926376,291.00,0.00000003,0
1505928897,21926317,291.00,29.00870800,0
1505928897,21926316,291.00,2.04302200,0
1505928897,21926315,290.99,0.74689000,0
1505928867,21926309,291.00,0.10989691,0
1505928861,21926307,290.63,3.54446984,1
1505928861,21926306,290.79,0.05000000,1
1505928861,21926305,290.81,0.23000000,1
1505928721,21926238,291.00,0.03424206,0
1505928691,21926212,291.00,10.25006700,0
1505928691,21926211,290.99,10.07000000,0
1505928688,21926210,291.00,10.27406400,0
1505928687,21926209,290.99,0.23000000,0
1505928685,21926207,291.00,0.05000000,1
1505928685,21926206,291.09,0.23000000,1
1505928455,21926100,291.21,1.68733500,1
1505928453,21926099,291.24,1.01166500,1
1505928453,21926098,291.24,7.30100000,1
1505928430,21926082,291.27,9.25311000,0
1505928430,21926081,291.27,0.74689000,1
1505928397,21926027,291.92,7.54513128,0
1505928386,21926019,291.24,3.34560088,1
1505928357,21926009,291.58,2.76063189,1
1505928357,21926008,291.58,0.10000000,0
1505928325,21925998,291.73,4.80000000,1
1505928324,21925997,291.81,2.85840400,0
1505928324,21925996,291.60,0.10000000,0
1505928324,21925995,291.59,0.25400000,0
1505928320,21925994,291.28,0.23100000,1
1505928312,21925989,291.00,0.00000023,0
1505928310,21925987,291.00,2.24612700,0
1505928309,21925986,291.01,8.68964060,1
1505928309,21925985,291.02,0.25400000,1
1505928309,21925984,291.03,2.41000000,1
1505928309,21925983,291.04,3.77770800,1
1505928308,21925982,291.15,1.01155000,1
1505928308,21925981,291.15,6.61097417,1
1505928293,21925977,291.38,25.00000000,1
1505928287,21925972,291.38,25.00000000,1
1505928284,21925970,291.32,18.98855400,1
1505928284,21925969,291.33,5.00000000,1
1505928284,21925967,291.37,1.01144600,1
1505928280,21925966,291.32,24.78608700,1
1505928280,21925965,291.77,0.21391300,1
1505928278,21925963,291.60,0.02608700,0
1505928277,21925962,291.62,0.22691300,1
1505928277,21925961,291.62,0.98700000,0
1505928277,21925960,291.61,0.00000500,0
1505928275,21925959,291.61,0.22999500,0
1505928248,21925949,291.13,8.65236700,1
1505928248,21925948,291.14,2.66000000,1
1505928248,21925947,291.15,7.67600000,1
1505928248,21925946,291.24,1.01163300,1
1505928248,21925945,291.26,5.00000000,1
1505928213,21925935,291.69,1.79557300,0
1505928197,21925932,291.01,16.48117073,1
1505928197,21925931,291.02,2.94000000,1
1505928197,21925930,291.02,3.01000000,1
1505928197,21925929,291.03,0.05000000,1
1505928196,21925928,291.11,0.05908419,1
1505928196,21925927,291.18,0.28339308,1
1505928196,21925925,291.27,0.25300000,1
1505928196,21925924,291.28,0.05000000,1
1505928196,21925923,291.38,1.82335200,1
1505928196,21925922,291.48,0.05000000,1
1505928065,21925850,291.69,1.98213500,1
1505928060,21925843,291.64,1.88000000,1
1505928059,21925840,291.65,5.00000000,1
1505927878,21925803,291.47,1.41074287,1
1505927878,21925802,291.53,0.05000000,1
1505927878,21925801,291.73,1.16686662,1
1505927878,21925800,291.74,5.00000000,1
1505927878,21925799,291.76,2.85840449,1
1505927878,21925798,291.77,14.46398602,1
1505927878,21925797,291.88,0.05000000,1
1505927877,21925796,292.10,0.92000000,0
1505927877,21925795,292.10,0.08000000,0
1505927839,21925789,292.10,0.05000000,0
1505927839,21925788,292.10,0.05000000,0
1505927839,21925787,292.10,0.05000000,0
1505927772,21925779,292.84,0.87559759,0
1505927772,21925778,292.64,0.14641406,0
1505927772,21925777,292.64,1.01682468,0
1505927771,21925775,292.63,0.74541000,0
1505927771,21925774,292.13,1.01061500,0
1505927769,21925771,292.11,0.91700000,0
1505927769,21925770,292.11,0.23000000,0
1505927662,21925734,292.12,0.23000000,1
1505927661,21925733,292.12,1.04400000,1
1505927660,21925731,292.12,1.72715533,1
1505927660,21925730,292.12,1.01093000,0
1505927660,21925729,292.11,2.85495550,0
1505927654,21925725,291.80,0.99300000,1
1505927653,21925722,291.79,0.23000000,1
1505927651,21925721,291.79,0.97500000,0
1505927566,21925618,291.79,1.07400000,0
1505927542,21925605,291.79,1.07100000,0
1505927542,21925603,291.79,0.74557271,0
1505927392,21925543,291.28,5.08815387,0
1505927391,21925542,291.66,2.05689063,0
1505927389,21925541,291.80,2.85495550,1
1505927333,21925518,291.23,0.86323900,0
1505927331,21925516,291.58,4.03788100,0
1505927331,21925515,291.84,0.09888000,1
1505927325,21925514,292.32,0.09871729,0
1505927288,21925496,292.35,0.14641406,1
1505927260,21925484,292.35,1.01100000,1
1505927242,21925479,292.36,0.74541000,1
1505927203,21925438,292.33,1.01100000,1
1505927200,21925434,292.90,8.21741208,1
1505927200,21925433,292.89,0.05000000,0
1505927199,21925432,292.89,0.05000000,0
1505927199,21925431,292.89,0.99200000,1
1505927199,21925430,292.85,0.05000000,0
1505927199,21925429,292.84,0.05000000,0
1505927199,21925428,292.83,0.05000000,0
1505927198,21925427,292.80,0.05000000,0
1505927198,21925426,292.80,0.05000000,0
1505927198,21925425,292.80,0.05000000,0
1505927198,21925424,292.75,3.74714030,0
1505927196,21925423,292.31,1.00953500,0
1505927196,21925422,292.31,1.07800000,0
1505927196,21925421,292.31,0.23000000,0
1505927144,21925392,292.32,0.04162698,0
1505927144,21925391,292.32,0.13000000,0
1505927132,21925386,292.32,0.05000000,0
1505927132,21925385,292.32,0.05000000,0
1505927069,21925329,292.74,1.09058941,0
1505927069,21925328,292.33,1.04000000,0
1505927060,21925307,292.75,4.50300000,0
1505927060,21925306,292.75,1.96849746,1
1505927059,21925305,292.75,6.15558422,1
1505927059,21925304,292.75,1.08384059,1
1505927059,21925303,292.75,7.11789318,1
1505927058,21925301,292.75,0.90300000,1
1505927057,21925298,292.75,0.09966390,0
1505927056,21925289,292.75,0.41463163,0
1505927056,21925288,292.74,0.05000000,0
1505927056,21925286,292.69,0.05000000,0
1505927056,21925285,292.69,0.05000000,0
1505927056,21925283,292.65,0.05000000,0
1505927055,21925282,292.65,0.05000000,0
1505927055,21925281,292.65,0.05000000,0
1505927055,21925280,292.65,0.05000000,0
1505927055,21925279,292.63,0.05000000,0
1505927055,21925278,292.61,0.07009160,0
1505927055,21925277,292.59,0.05000000,0
1505927055,21925276,292.54,0.05000000,0
1505927055,21925275,292.50,0.91920849,0
1505927055,21925274,292.48,0.50145289,0
1505927054,21925273,292.33,0.96200000,0
1505927054,21925272,292.48,0.50787111,0
1505927054,21925271,292.48,0.05000000,0
1505927054,21925270,292.48,0.50000000,0
1505927054,21925269,292.45,0.05000000,0
1505927052,21925268,292.44,0.04950476,0
1505927052,21925267,292.44,0.00049524,0
1505927052,21925266,292.40,1.46550525,0
1505927051,21925262,292.40,0.97407474,0
1505927051,21925260,292.33,0.02975100,0
1505927027,21925215,292.33,1.02124900,0
1505926972,21925188,292.39,0.52340812,0
1505926971,21925187,292.34,2.58260273,0
1505926971,21925186,292.33,0.15704015,0
1505926954,21925178,292.33,0.78695985,0
1505926954,21925177,292.33,0.36623615,0
1505926872,21925121,292.37,2.48313900,0
1505926864,21925112,292.08,3.50852919,1
1505926863,21925111,292.09,0.23000000,1
1505926855,21925103,292.07,4.99994985,1
1505926854,21925102,292.08,0.23000000,1
1505926847,21925096,292.07,4.99994985,1
1505926839,21925087,292.08,4.99992404,1
1505926838,21925084,292.07,2.84937515,1
1505926834,21925080,292.39,0.75398675,0
1505926834,21925079,292.39,1.92704266,0
1505926824,21925063,292.11,0.98579559,0
1505926824,21925062,292.11,2.24631642,0
1505926824,21925059,292.11,3.44703559,0
1505926809,21925025,292.13,0.06017100,0
1505926809,21925022,292.01,5.37142843,1
1505926809,21925018,292.01,0.00007123,1
1505926808,21925014,292.01,4.99992877,1
1505926804,21925005,292.39,0.91923401,0
1505926803,21925004,292.15,1.00000000,0
1505926803,21925003,292.14,1.00000000,0
1505926803,21925002,292.14,3.51940699,0
1505926800,21925000,292.00,2.58260273,1
1505926799,21924996,292.00,3.52000000,0
1505926799,21924995,292.00,0.64126062,0
1505926792,21924981,292.00,3.51873938,1
1505926791,21924976,292.13,4.16048850,0
1505926790,21924975,292.12,0.11313215,0
1505926782,21924946,292.00,1.48126062,1
1505926763,21924919,292.13,1.48059300,0
1505926758,21924906,292.12,1.36683230,1
1505926755,21924890,292.12,1.47944437,1
1505926753,21924881,292.10,1.00000000,1
1505926752,21924876,292.40,7.56688619,0
1505926752,21924873,292.31,0.28394781,0
1505926752,21924870,292.30,0.05000000,0
1505926752,21924868,292.23,1.01012000,0
1505926752,21924867,292.11,0.07009160,0
1505926752,21924866,292.00,1.00000000,0
1505926751,21924863,292.00,4.61884186,0
1505926751,21924860,292.00,1.17253400,0
1505926750,21924859,292.00,5.36105162,0
1505926750,21924858,291.99,3.74992438,0
1505926743,21924828,291.96,0.23038718,0
1505926743,21924827,291.96,2.35095400,0
1505926693,21924724,291.86,0.98418883,1
1505926692,21924723,291.86,4.01578946,1
1505926653,21924718,291.84,1.00000000,1
1505926643,21924714,291.84,1.00000000,1
1505926541,21924673,291.74,0.42999500,1
1505926497,21924631,291.82,3.82664280,1
1505926497,21924629,291.82,1.17335720,1
1505926495,21924623,291.81,1.17334294,1
1505926493,21924616,291.80,2.34679598,0
1505926493,21924614,291.80,0.23455958,1
1505926493,21924612,291.80,1.17339587,1
1505926491,21924607,291.80,1.17338573,1
1505926489,21924603,291.99,5.18790491,1
1505926489,21924602,291.99,1.17212626,1
1505926487,21924599,291.99,3.55000000,0
1505926472,21924559,292.00,9.63697831,0
1505926472,21924558,291.99,0.71335616,0
1505926456,21924529,291.99,0.70817419,0
1505926451,21924526,291.99,0.57846965,0
1505926396,21924479,292.00,3.64105501,0
1505926396,21924478,291.99,0.41839245,0
1505926396,21924477,291.99,0.23000000,0
1505926392,21924472,292.00,0.56953920,0
1505926387,21924466,291.99,2.30392147,0
1505926386,21924465,291.99,1.06502017,0
1505926385,21924462,291.99,0.23000000,1
1505926383,21924455,291.84,0.41839245,1
1505926382,21924449,291.99,0.50285189,0
1505926382,21924448,291.98,1.34227384,0
1505926381,21924445,291.92,1.15911034,0
1505926380,21924440,291.74,1.15852799,0
1505926379,21924438,291.74,6.69566608,0
1505926379,21924437,291.74,0.41823209,0
1505926379,21924436,291.65,2.74276217,0
1505926377,21924431,291.65,0.86103205,0
1505926375,21924427,291.64,0.23000000,0
1505926290,21924379,291.65,2.94067184,0
1505926290,21924378,291.64,0.00010616,0
1505926290,21924377,291.64,2.85088500,0
1505926290,21924376,291.63,0.23000000,0
1505926244,21924364,291.28,4.05840296,0
1505926244,21924363,291.31,2.85099116,1
1505926244,21924362,291.34,0.48620358,1
1505926234,21924359,291.64,0.17168600,0
1505926223,21924356,291.65,5.00000000,0
1505926186,21924342,291.65,11.38219800,0
1505926181,21924335,291.65,11.48429700,0
1505926177,21924327,291.65,7.14867800,0
1505926172,21924310,291.65,4.66654200,0
1505926172,21924308,291.64,0.21000000,0
1505926160,21924279,291.65,15.79936054,0
1505926159,21924277,291.64,0.03141998,0
1505926157,21924272,291.64,0.03142000,1
1505926154,21924271,291.65,9.61470000,0
1505926154,21924270,291.65,0.77881039,0
1505926154,21924268,291.65,0.78649999,0
1505926153,21924266,291.65,2.92770725,0
1505926153,21924265,291.65,3.31793410,0
1505926153,21924264,291.64,0.06799244,0
1505926153,21924263,291.64,0.24200756,0
1505926153,21924262,291.64,2.84775708,0
1505926021,21924121,291.65,0.54880667,0
1505926021,21924120,291.64,2.00000000,0
1505926021,21924119,291.64,1.01126833,0
1505926021,21924118,291.64,0.98873167,0
1505926021,21924117,291.64,0.22541533,0
1505926021,21924116,291.63,1.01126800,0
1505926020,21924115,291.63,2.00000000,0
1505925945,21924054,291.63,0.00582468,1
1505925943,21924050,291.63,1.15911034,1
1505925914,21924044,291.64,0.92682759,0
1505925898,21924034,291.65,0.84775708,1
1505925864,21924018,291.65,2.00000000,1
1505925842,21924012,291.64,2.08021500,0
1505925823,21924000,291.64,1.95482293,0
1505925819,21923997,291.64,0.10250803,1
1505925809,21923991,291.65,0.02270789,0
1505925800,21923989,291.67,3.00000000,0
1505925709,21923958,291.73,2.71487334,0
1505925686,21923949,292.00,15.98134763,0
1505925686,21923948,291.99,0.23000000,0
1505925681,21923942,292.00,0.08411941,0
1505925681,21923941,292.00,8.15524016,0
1505925681,21923940,291.99,0.23000000,0
1505925667,21923920,292.00,5.08177664,0
1505925666,21923919,292.00,0.46267454,0
1505925666,21923917,291.99,0.34324895,0
1505925666,21923916,291.60,0.23000000,0
1505925665,21923915,291.68,0.50000000,0
1505925665,21923913,291.61,0.07009160,0
1505925659,21923909,291.57,0.46475105,0
1505925659,21923908,291.56,8.23000000,0
1505925634,21923879,291.30,0.04000000,0
1505925633,21923878,291.28,0.80800000,1
1505925629,21923873,291.11,0.62309220,0
1505925629,21923872,291.25,0.37990780,1
1505925628,21923871,291.11,0.07009220,0
1505925625,21923862,291.00,1.00300000,1
1505925623,21923860,291.01,0.95000000,1
1505925620,21923858,291.05,9.63490000,1
1505925619,21923856,291.04,0.17238174,0
1505925619,21923855,291.00,52.39166787,0
1505925619,21923853,290.99,0.67000000,0
1505925619,21923852,290.99,0.24000000,0
1505925619,21923851,290.99,0.23000000,0
1505925605,21923820,291.00,13.68446186,0
1505925605,21923819,291.00,1.86280083,0
1505925603,21923817,291.00,1.77000000,0
1505925603,21923816,290.99,0.23000000,0
1505925600,21923815,291.00,1.94135300,0
1505925593,21923803,291.00,3.82446984,0
1505925590,21923800,291.00,1.23086200,0
1505925589,21923798,291.00,2.77866000,0
1505925589,21923797,290.99,1.03500000,0
1505925585,21923794,291.00,4.42146619,0
1505925584,21923790,291.00,1.00000000,0
1505925565,21923776,291.00,0.68556701,0
1505925558,21923773,291.00,9.31110061,0
1505925558,21923772,290.99,2.85288425,0
1505925557,21923770,290.98,1.04000000,0
1505925557,21923769,290.98,2.59023332,0
1505925540,21923759,291.00,0.41137600,0
1505925538,21923757,291.00,0.23153100,0
1505925538,21923756,290.99,0.23000000,0
1505925531,21923749,290.58,1.00000000,0
1505925531,21923748,290.58,1.70000000,0
1505925520,21923735,290.58,0.10000000,0
1505925519,21923731,290.58,0.10000000,0
1505925517,21923729,290.58,0.10000000,1
1505925513,21923727,290.58,1.08500000,1
1505925509,21923723,290.58,1.00200000,1
1505925507,21923715,290.58,0.10000000,1
1505925507,21923714,290.58,0.10000000,1
1505925506,21923711,290.58,0.97900000,0
1505925505,21923709,290.56,0.10000000,0
1505925505,21923708,290.55,0.10000000,0
1505925505,21923707,290.54,0.10000000,0
1505925458,21923682,291.00,1.47179952,0
1505925458,21923681,290.99,0.23000000,0
1505925455,21923677,290.62,1.05800000,0
1505925452,21923676,291.00,2.98288427,0
1505925452,21923675,291.00,3.89711573,0
1505925452,21923674,291.00,0.20060000,0
1505925451,21923673,291.00,5.61190000,0
1505925451,21923672,290.99,0.92800000,0
1505925451,21923671,290.99,0.20010000,0
1505925451,21923670,290.99,0.14000000,0
1505925445,21923666,290.58,3.00000000,0
1505925445,21923665,290.58,0.04616668,0
1505925443,21923664,290.58,1.01483332,1
1505925438,21923663,290.58,1.04800000,1
1505925435,21923662,290.58,0.52740000,0
1505925367,21923649,290.58,0.29400000,0
1505925352,21923642,290.58,0.13760000,0
1505925337,21923638,290.56,0.10000000,1
1505925312,21923631,290.68,0.10000000,0
1505925312,21923630,290.68,0.10000000,0
1505925311,21923629,290.68,0.10000000,0
1505925304,21923625,290.78,0.10010000,1
1505925301,21923624,291.00,20.33800777,0
1505925301,21923623,290.99,0.16000000,0
1505925300,21923622,290.68,0.43512023,0
1505925242,21923604,290.68,0.49687977,0
1505925184,21923552,291.00,3.13766323,0
1505925184,21923551,290.99,0.19000000,1
1505925184,21923550,290.99,0.10010000,0
1505925183,21923549,290.68,0.00111173,0
1505925173,21923545,290.68,1.00988827,0
1505925158,21923536,291.00,14.07005185,0
1505925158,21923535,290.99,0.23000000,0
1505925158,21923534,290.99,0.10010000,0
1505925158,21923533,290.98,0.74889000,0
1505925158,21923532,290.68,0.00112817,0
1505925114,21923507,290.68,1.02487183,0
1505924845,21923377,290.81,0.60389418,0
1505924806,21923348,291.00,4.07457417,0
1505924806,21923347,290.88,2.58756362,0
1505924805,21923346,290.88,0.34674321,0
1505924805,21923345,290.85,1.03300000,0
1505924792,21923340,290.88,0.82119099,0
1505924792,21923339,290.85,0.61985667,0
1505924787,21923338,290.85,0.32814333,0
1505924766,21923321,290.87,3.71682766,0
1505924751,21923313,290.25,0.67500237,0
1505924750,21923312,290.25,1.46940000,0
1505924750,21923311,290.25,4.08396800,0
1505924750,21923310,290.25,7.37100000,0
1505924748,21923308,290.25,19.17218777,1
1505924748,21923307,290.50,16.42553100,1
1505924748,21923306,290.57,0.10000000,1
1505924748,21923305,290.58,0.10000000,1
1505924747,21923304,290.58,0.22988505,1
1505924747,21923303,290.59,1.16793420,1
1505924747,21923302,290.59,0.10000000,1
1505924747,21923301,290.66,1.01102800,1
1505924747,21923300,290.85,8.09406361,1
1505924548,21923213,290.85,0.97690000,1
1505924548,21923212,290.86,0.10010000,1
1505924546,21923210,290.85,0.92800000,1
1505924543,21923208,290.85,0.00103639,0
1505924507,21923153,290.85,1.08796361,0
1505924458,21923131,291.00,5.40000000,0
1505924458,21923130,291.00,1.25000000,0
1505924455,21923127,291.00,3.87231800,0
1505924455,21923126,290.85,1.00600000,0
1505924445,21923124,290.84,1.01112500,1
1505924439,21923123,290.86,0.85200000,0
1505924439,21923122,290.85,0.10000000,0
1505924436,21923121,290.86,0.10000000,0
1505924433,21923119,290.84,0.10000000,0
1505924429,21923117,290.89,0.10000000,1
1505924429,21923116,290.89,0.91700000,0
1505924429,21923115,290.88,0.10000000,0
1505924425,21923114,291.00,3.90974649,0
1505924425,21923113,290.87,0.10000000,0
1505924425,21923112,290.86,0.10000000,0
1505924421,21923111,290.88,0.10000000,0
1505924367,21923100,291.00,1.88615900,0
1505924367,21923099,290.99,0.10000000,0
1505924365,21923098,290.73,0.10000000,0
1505924362,21923095,290.72,0.10000000,0
1505924358,21923094,290.71,0.10000000,0
1505924286,21923078,291.00,9.53440000,0
1505924286,21923077,290.71,0.10000000,0
1505924285,21923076,291.00,22.81746376,0
1505924285,21923075,291.00,40.00000000,0
1505924285,21923074,291.00,16.75941081,0
1505924285,21923072,290.99,0.33000000,0
1505924285,21923071,290.99,1.16634543,0
1505924285,21923069,290.98,5.50000000,0
1505924284,21923068,290.92,4.84000000,0
1505924284,21923067,290.90,6.88000000,0
1505924284,21923066,290.89,1.70678000,0
1505924278,21923060,290.91,0.81081700,0
1505924260,21923058,290.76,2.81756362,0
1505924260,21923057,290.76,4.06243638,0
1505924255,21923055,290.76,2.58756362,1
1505924255,21923054,290.77,0.23000000,1
1505924244,21923038,290.58,0.23000000,0
1505924244,21923037,290.58,0.74889000,0
1505924243,21923035,290.59,0.23000000,1
1505924168,21922982,290.51,2.51759700,1
1505924168,21922981,290.55,0.23000000,1
1505924159,21922944,290.53,1.01113200,1
1505924159,21922942,290.53,0.10520000,1
1505924159,21922941,290.54,1.16634543,1
1505924157,21922930,291.00,6.46639175,0
1505924156,21922921,290.99,0.39000000,0
1505924154,21922911,291.00,15.40139840,0
1505924154,21922910,290.99,9.63134400,0
1505924153,21922909,290.98,0.24722300,0
