date,tid,price,amount,type
1505952012,21939365,1.18505,76.67330,1
1505951985,21939337,1.18505,742.60159,1
1505951954,21939326,1.18505,116.42779,1
1505951951,21939323,1.18505,122.64442,1
1505951894,21939289,1.18505,49.33000,1
1505951891,21939281,1.18505,1622.19000,1
1505951890,21939280,1.18505,526.63601,1
1505951889,21939274,1.18505,55.07785,1
1505951885,21939264,1.18505,96.13000,1
1505951883,21939259,1.18505,861.37968,1
1505951880,21939256,1.18505,30.73019,1
1505951880,21939255,1.18505,716.55981,1
1505951878,21939250,1.18505,52.65886,1
1505951878,21939248,1.18505,1175.12342,1
1505951876,21939243,1.18505,860.76845,1
1505951872,21939234,1.18505,767.79039,1
1505951870,21939229,1.18505,138.81505,1
1505951870,21939226,1.18505,766.62589,1
1505951869,21939224,1.18505,243.83820,1
1505951868,21939223,1.18505,277.81993,1
1505951868,21939222,1.18505,348.75241,1
1505951868,21939219,1.18506,0.00162,1
1505951868,21939218,1.18506,138.53308,1
1505951867,21939214,1.18506,105.30999,1
1505951865,21939206,1.18505,860.07429,1
1505951864,21939201,1.18505,105.11999,1
1505951863,21939192,1.18505,104.91999,1
1505951861,21939185,1.18505,104.71999,1
1505951860,21939181,1.18505,104.54999,1
1505951858,21939169,1.18505,180.75782,1
1505951857,21939165,1.18505,78.93999,1
1505951857,21939160,1.18506,25.47022,1
1505951855,21939151,1.18506,104.26102,1
1505951855,21939149,1.18506,50.66000,1
1505951854,21939143,1.18506,119.90111,1
1505951853,21939140,1.18505,156.27057,1
1505951852,21939137,1.18505,371.64926,1
1505951852,21939131,1.18505,755.93787,1
1505951851,21939127,1.18505,2782.83000,1
1505951850,21939123,1.18505,933.01000,1
1505951850,21939116,1.18505,124.03000,1
1505951850,21939113,1.18505,156.38000,1
1505951849,21939108,1.18505,1067.60249,1
1505951848,21939101,1.18505,18.98692,1
1505951848,21939100,1.18506,0.78139,1
1505951848,21939097,1.18506,155.49720,1
1505951845,21939082,1.18506,224.62568,1
1505951837,21939008,1.18505,203.55221,1
1505951833,21938989,1.18505,329.03254,1
1505951829,21938956,1.18506,166.17075,1
1505951828,21938951,1.18506,254.76330,1
1505951787,21938909,1.18506,292.16243,1
1505951787,21938907,1.18505,1450.94300,1
1505951774,21938898,1.18506,106.66073,0
1505951774,21938897,1.18506,406.24948,0
1505951769,21938894,1.18505,819.25941,1
1505951764,21938883,1.18505,228.97458,1
1505951762,21938869,1.18505,635.60999,1
1505951761,21938865,1.18506,596.39686,1
1505951760,21938859,1.18505,26.81291,1
1505951739,21938830,1.18506,51.01680,1
1505951737,21938826,1.18506,51.01680,1
1505951736,21938824,1.18506,51.01680,1
1505951735,21938821,1.18506,51.01680,1
1505951733,21938816,1.18505,51.01680,1
1505951732,21938813,1.18505,51.01680,1
1505951731,21938809,1.18505,51.01680,1
1505951729,21938805,1.18505,51.01680,1
1505951728,21938804,1.18505,393.21658,1
1505951727,21938803,1.18506,218.15563,1
1505951726,21938800,1.18506,51.01680,1
1505951726,21938799,1.18506,169.02524,1
1505951726,21938798,1.18506,434.68259,1
1505951725,21938792,1.18506,191.81374,1
1505951724,21938790,1.18506,51.01680,1
1505951723,21938786,1.18506,15.17561,1
1505951723,21938784,1.18506,92.31092,1
1505951722,21938778,1.18506,51.01680,1
1505951722,21938777,1.18506,2831.56590,1
1505951721,21938775,1.18506,1057.04906,1
1505951720,21938769,1.18506,15.17573,1
1505951718,21938761,1.18506,1965.31000,1
1505951717,21938756,1.18506,3113.56483,1
1505951715,21938749,1.18506,243.78091,1
1505951715,21938745,1.18506,255.08397,1
1505951715,21938741,1.18506,85.02799,1
1505951712,21938724,1.18506,2831.54038,1
1505951711,21938715,1.18506,243.66063,1
1505951706,21938701,1.18506,79.67562,1
1505951702,21938680,1.18506,41.24999,1
1505951692,21938658,1.18506,55.28729,1
1505951689,21938649,1.18506,0.62788,1
1505951688,21938648,1.18507,300.63221,1
1505951685,21938635,1.18507,296.16445,1
1505951685,21938634,1.18507,665.43276,1
1505951684,21938627,1.18507,1525.85530,1
1505951683,21938626,1.18507,246.56000,1
1505951681,21938616,1.18507,199.05495,1
1505951680,21938610,1.18507,572.84380,1
1505951679,21938606,1.18507,2608.47995,1
1505951678,21938597,1.18507,1535.32003,1
1505951672,21938582,1.18507,2607.96997,1
1505951671,21938577,1.18507,1535.32001,1
1505951648,21938557,1.18507,556.24999,1
1505951638,21938536,1.18507,556.08106,1
1505951632,21938524,1.18507,818.20777,1
1505951624,21938514,1.18508,655.22999,1
1505951566,21938490,1.18508,99.55414,1
1505951566,21938485,1.18508,335.95998,1
1505951538,21938456,1.18508,194.57000,1
1505951331,21938399,1.18508,386.71550,1
1505951318,21938379,1.18508,236.23999,1
1505951013,21938264,1.18508,90.07000,1
1505950951,21938227,1.18508,206.75999,1
1505950881,21938199,1.18508,386.46000,1
1505950829,21938160,1.18508,79.63999,1
1505950822,21938144,1.18508,245.36000,1
1505950815,21938133,1.18508,246.00871,1
1505950811,21938122,1.18508,118.02579,1
1505950809,21938118,1.18508,182.73028,1
1505950806,21938107,1.18508,233.89773,1
1505950805,21938105,1.18508,892.27227,1
1505950804,21938100,1.18508,101.04026,1
1505950804,21938098,1.18508,6.68747,1
1505950803,21938097,1.18508,878.54227,1
1505950784,21938085,1.18508,810.43256,1
1505950698,21938004,1.18508,1245.96000,1
1505950691,21937992,1.18508,978.05149,1
1505950517,21937848,1.18508,69.66619,1
1505950514,21937835,1.18508,176.16999,1
1505950509,21937825,1.18508,288.89330,1
1505950509,21937819,1.18508,2262.89366,1
1505950508,21937817,1.18508,288.50581,1
1505950508,21937814,1.18508,33.80999,1
1505950506,21937807,1.18508,108.26365,1
1505950486,21937749,1.18508,394.10842,1
1505950484,21937746,1.18508,176.05999,1
1505950466,21937723,1.18508,175.99171,1
1505950464,21937721,1.18508,176.72661,1
1505950464,21937716,1.18508,1314.77109,1
1505950450,21937673,1.18508,112.37000,1
1505950446,21937671,1.18508,130.02000,1
1505950437,21937657,1.18508,1.55237,1
1505950436,21937655,1.18509,265.86020,1
1505950422,21937622,1.18508,750.63321,1
1505950415,21937599,1.18508,108.27607,1
1505950412,21937579,1.18508,200.17762,1
1505950412,21937577,1.18508,646.54998,1
1505950410,21937566,1.18508,180.79793,1
1505950395,21937505,1.18508,112.48095,1
1505950395,21937504,1.18509,0.00091,1
1505950394,21937501,1.18509,328.28731,1
1505950341,21937318,1.18509,2.52971,1
1505950341,21937317,1.18510,8.42581,1
1505950341,21937316,1.18510,409.90640,1
1505950293,21937213,1.18510,2333.70180,1
1505950288,21937182,1.18510,573.84055,1
1505949759,21936699,1.18510,435.18716,1
1505949387,21936580,1.18510,553.89000,1
1505949162,21936469,1.18739,1381.48650,1
1505948406,21936322,1.18739,207.43817,1
1505948229,21936294,1.18739,114.27585,1
1505948052,21936256,1.18739,1196.99510,1
1505948049,21936254,1.18739,319.23800,1
1505948049,21936252,1.18739,201.45529,1
1505948047,21936248,1.18739,379.12624,1
1505947992,21936219,1.18739,199.98485,1
1505947990,21936217,1.18742,1159.73401,1
1505947989,21936215,1.18742,1065.94296,1
1505947988,21936211,1.18743,200.00000,1
1505947929,21936173,1.18742,404.75990,1
1505947926,21936170,1.18742,950.38748,1
1505947924,21936166,1.18742,502.12349,1
1505947743,21936120,1.18742,385.42031,1
1505947731,21936112,1.18742,562.17683,1
1505947729,21936108,1.18742,651.78286,1
1505947726,21936106,1.18742,60.00000,1
1505947718,21936100,1.18742,1230.07999,1
1505947648,21936064,1.18742,1.85007,1
1505947648,21936063,1.18743,380.00000,1
1505947644,21936057,1.18743,665.46951,1
1505947608,21936026,1.18743,404.04433,1
1505947391,21935968,1.19250,781.09785,0
1505947390,21935967,1.19250,109.46527,0
1505947390,21935966,1.19250,3230.12234,0
1505947390,21935965,1.19250,1112.51326,0
1505947390,21935964,1.19250,1112.51326,0
1505947389,21935963,1.19250,617.51326,0
1505947389,21935962,1.19250,3.06042,0
1505947389,21935961,1.19239,4000.00000,0
1505947388,21935960,1.19238,1212.00715,0
1505947388,21935959,1.19100,4060.36612,0
1505947388,21935958,1.19100,4000.00000,0
1505947388,21935956,1.19050,5000.00000,0
1505947387,21935955,1.19000,5000.00000,0
1505947387,21935953,1.18997,1000.00000,0
1505947385,21935952,1.18990,1750.00000,0
1505947385,21935951,1.18989,6990.38047,0
1505946115,21935629,1.18511,60.00000,1
1505945902,21935590,1.18510,64.49000,1
1505945902,21935589,1.18512,25.51000,1
1505944333,21934994,1.18510,41.74000,1
1505944331,21934989,1.18511,159.77300,1
1505944330,21934988,1.18512,0.22700,1
1505944329,21934984,1.18512,45.17300,1
1505942538,21934296,1.18513,29.63656,1
1505942538,21934295,1.18530,6.75162,1
1505942538,21934294,1.18565,16.86475,1
1505942538,21934293,1.18570,6.74707,1
1505941957,21934140,1.18600,12.10438,0
1505941329,21933858,1.18591,700.11001,1
1505941327,21933855,1.18591,170.00000,1
1505941327,21933854,1.18591,129.88999,1
1505941326,21933853,1.18602,12.10256,1
1505940765,21933608,1.18752,47.77183,1
1505940594,21933524,1.18750,951.18672,0
1505940593,21933521,1.18750,48.81328,0
1505939796,21933098,1.18600,429.01379,0
1505939626,21933039,1.18600,50.59048,0
1505939626,21933036,1.18600,50.58177,0
1505939357,21932905,1.18599,0.21076,1
1505939356,21932904,1.18599,203.50149,1
1505939356,21932903,1.18599,604.20064,1
1505939356,21932902,1.18599,192.08711,1
1505939226,21932857,1.18600,81.86000,0
1505939199,21932846,1.18600,5.48301,0
1505939194,21932843,1.18600,236.67000,0
1505939115,21932825,1.18600,527.99582,0
1505939075,21932817,1.18600,2675.70513,1
1505938065,21932323,1.18600,44.00000,1
1505937167,21931532,1.18750,947.87007,0
1505937164,21931520,1.18750,7.98789,0
1505937163,21931515,1.18749,72.45363,0
1505937129,21931452,1.18600,28.30607,1
1505937127,21931447,1.18600,24.15683,1
1505937110,21931411,1.18600,24.13285,1
1505937101,21931398,1.18750,43.14264,0
1505937101,21931396,1.18750,13.22280,0
1505937100,21931394,1.18750,41.77720,0
1505936931,21931217,1.18600,201.88999,1
1505936779,21931070,1.18600,1001.80913,1
1505936773,21931041,1.18698,104.65249,1
1505936699,21930923,1.18698,895.34751,1
1505936489,21930806,1.18750,0.00973,1
1505936488,21930804,1.18750,559.13307,1
1505936484,21930801,1.18750,440.85720,1
1505936484,21930799,1.18750,2232.79186,1
1505936440,21930745,1.18750,188.49789,1
1505936438,21930743,1.18750,55.87369,1
1505936437,21930740,1.18750,55.90078,1
1505936133,21930670,1.18750,1424.19840,1
1505936132,21930668,1.18750,1390.53159,1
1505936100,21930649,1.18750,2762.82488,1
1505935860,21930543,1.18750,505.79369,1
1505935857,21930536,1.18750,1877.19579,1
1505935731,21930455,1.18750,119.79999,1
1505935367,21930269,1.18750,128.14215,1
1505935363,21930262,1.18750,128.14215,1
1505935335,21930249,1.18750,100.44960,1
1505935298,21930214,1.18750,999.58999,1
1505935274,21930191,1.18750,170.58999,1
1505935249,21930184,1.18750,199.85999,1
1505935185,21930159,1.18750,345.20999,1
1505935164,21930144,1.18750,121.09187,1
1505935161,21930140,1.18750,289.14730,1
1505935159,21930138,1.18750,288.08366,1
1505935158,21930134,1.18750,119.36148,1
1505935153,21930121,1.18750,2051.98999,1
1505935129,21930108,1.18750,3259.74547,1
1505935119,21930102,1.18750,109.46527,1
1505935115,21930094,1.18750,3230.12234,1
1505935110,21930086,1.18750,1112.51326,1
1505935106,21930077,1.18750,1112.51326,1
1505935104,21930071,1.18750,617.51326,1
1505935103,21930070,1.18751,495.00000,1
1505935098,21930065,1.18750,3.06042,1
1505935097,21930064,1.18751,547.01920,1
1505935097,21930063,1.18751,210.73993,1
1505934881,21929946,1.18751,351.13999,1
1505934832,21929918,1.18751,1191.38799,1
1505934675,21929843,1.18751,272.39285,1
1505934489,21929793,1.18751,656.83421,1
1505934484,21929772,1.18751,619.34793,1
1505934484,21929771,1.18752,37.48628,1
1505933667,21929421,1.18751,208.28562,1
1505933622,21929407,1.18751,656.16345,1
1505933615,21929397,1.18751,0.20905,1
1505933615,21929395,1.18752,59.60320,1
1505933533,21929357,1.19121,118.27290,0
1505933155,21929092,1.18751,655.94701,1
1505933126,21929084,1.18751,50.00000,1
1505932966,21928934,1.18751,8.96902,1
1505932962,21928929,1.18751,200.01030,1
1505932926,21928903,1.18751,197.27097,1
1505932919,21928891,1.18751,326.39934,1
1505932910,21928874,1.18751,110.15259,1
1505932906,21928868,1.18751,38.42139,1
1505932906,21928867,1.18752,533.29861,1
1505932905,21928865,1.18751,537.96951,1
1505932904,21928864,1.18751,571.72000,1
1505932903,21928863,1.18822,579.15220,0
1505932903,21928862,1.18821,999.43613,0
1505932903,21928861,1.18819,7.31858,0
1505932902,21928859,1.18821,999.43935,1
1505932899,21928851,1.18821,17.86712,1
1505932898,21928846,1.18821,403.83348,1
1505932896,21928839,1.18822,2466.20155,1
1505932894,21928832,1.18821,2196.10700,1
1505932893,21928824,1.18821,100.00000,1
1505932891,21928821,1.18821,282.75305,1
1505932886,21928809,1.18826,516.59687,1
1505932886,21928808,1.18826,3373.40313,1
1505932886,21928807,1.18829,343.82699,1
1505932885,21928804,1.18829,1730.63554,1
1505932880,21928786,1.18829,1730.63554,1
1505932869,21928775,1.18829,194.90193,1
1505932822,21928751,1.18930,999.18108,1
1505932817,21928747,1.18930,191.95193,1
1505932817,21928743,1.18930,62.58999,1
1505932815,21928735,1.18930,148.43186,1
1505932814,21928732,1.18930,148.39745,1
1505932813,21928721,1.18930,191.94563,1
1505932809,21928714,1.18930,1483.05563,1
1505932808,21928710,1.18930,62.59145,1
1505932806,21928708,1.18930,568.03162,1
1505932804,21928702,1.18930,1145.76891,1
1505932802,21928699,1.18930,1354.25992,1
1505932801,21928698,1.18931,891.23667,1
1505932799,21928696,1.18931,813.98424,1
1505932799,21928692,1.18931,472.07516,1
1505932799,21928691,1.18931,58.84497,1
1505932779,21928665,1.18931,467.98852,1
1505932757,21928657,1.18931,501.41627,1
1505932753,21928653,1.18931,501.41627,1
1505932725,21928604,1.18931,493.75999,1
1505932723,21928602,1.18931,20.04688,1
1505932694,21928593,1.18931,876.94999,1
1505932650,21928584,1.18931,1613.11999,1
1505932648,21928580,1.18931,20.04604,1
1505932634,21928569,1.18931,466.11998,1
1505932604,21928555,1.19000,3393.58414,1
1505932604,21928554,1.19000,5000.00000,1
1505932603,21928553,1.19000,5000.00000,1
1505932602,21928549,1.19000,5000.00000,1
1505932602,21928548,1.19000,5000.00000,1
1505932574,21928538,1.19000,3980.37177,1
1505932570,21928534,1.19000,4358.11070,1
1505932566,21928530,1.19000,0.20305,1
1505932565,21928528,1.19001,64.25992,1
1505932519,21928480,1.19000,0.36911,1
1505932519,21928479,1.19001,78.37899,1
1505932477,21928458,1.19000,0.05395,1
1505932477,21928457,1.19001,86.61605,1
1505932464,21928452,1.19001,95.71349,1
1505932441,21928440,1.19001,763.18938,1
1505932441,21928439,1.19001,105.77811,1
1505932424,21928427,1.19003,228.52750,1
1505932423,21928424,1.19002,219.99631,1
1505932418,21928417,1.19000,25.37816,1
1505932417,21928416,1.19001,25.37222,1
1505932417,21928415,1.19001,0.00572,1
1505932415,21928409,1.19001,116.88978,1
1505932411,21928406,1.19006,62.39182,0
1505932410,21928402,1.19003,62.39116,0
1505932404,21928394,1.19002,149.09748,1
1505932399,21928386,1.19001,435.95021,0
1505932398,21928385,1.19001,297.88363,0
1505932398,21928384,1.19001,59.09364,1
1505932396,21928382,1.19001,78.31867,0
1505932394,21928380,1.19000,1167.94822,1
1505932394,21928379,1.19001,78.32069,1
1505932385,21928364,1.19001,82.16864,1
1505932381,21928359,1.19000,0.77450,1
1505932381,21928357,1.19001,160.48933,1
1505932298,21928325,1.19000,692.64458,1
1505932298,21928324,1.19001,177.35542,1
1505932262,21928308,1.19000,291.88817,1
1505932259,21928305,1.19000,0.57674,1
1505932258,21928304,1.19001,195.99458,1
1505932217,21928278,1.19001,61.69000,1
1505932208,21928267,1.19001,154.94000,1
1505932198,21928257,1.19000,0.16151,1
1505932197,21928256,1.19001,239.35849,1
1505932169,21928223,1.19000,0.64386,1
1505932169,21928222,1.19001,181.67551,1
1505932159,21928212,1.19001,82.83722,1
1505932157,21928210,1.19000,208.95999,1
1505932155,21928209,1.19000,1.19331,1
1505932154,21928207,1.19001,292.31101,1
1505931917,21928022,1.19000,724.57998,1
1505931916,21928019,1.19001,323.02954,1
1505931902,21928008,1.19000,338.85104,1
1505931902,21928004,1.19000,338.58824,1
1505931900,21927999,1.19000,404.68999,1
1505931899,21927997,1.19000,621.66999,1
1505931898,21927993,1.19000,1.76511,1
1505931898,21927992,1.19001,356.97727,1
1505931891,21927979,1.19000,1096.48739,1
1505931884,21927968,1.19000,778.23533,1
1505931883,21927967,1.19001,317.37291,1
1505931882,21927966,1.19001,77.11978,1
1505931880,21927960,1.19000,1077.11765,1
1505931877,21927954,1.19000,280.76397,1
1505931876,21927952,1.19001,435.95021,1
1505931876,21927950,1.19028,0.00580,1
1505931829,21927923,1.19028,761.35028,1
1505931816,21927915,1.19028,74.70359,1
1505931809,21927906,1.19028,809.82999,1
1505931796,21927895,1.19028,50.63181,1
1505931793,21927891,1.19028,50.62973,1
1505931792,21927888,1.19028,50.62973,1
1505931790,21927885,1.19028,50.62973,1
1505931789,21927883,1.19028,50.62973,1
1505931787,21927876,1.19029,50.62973,1
1505931784,21927866,1.19028,50.62973,1
1505931783,21927863,1.19028,50.62973,1
1505931781,21927859,1.19028,50.62973,1
1505931779,21927854,1.19028,50.62973,1
1505931779,21927851,1.19028,503.95454,1
1505931777,21927847,1.19028,20.10142,1
1505931777,21927845,1.19028,50.62973,1
1505931777,21927844,1.19028,875.84999,1
1505931776,21927840,1.19028,84.36502,1
1505931598,21927761,1.19030,34.12999,1
1505931569,21927735,1.19028,363.53999,1
1505931565,21927728,1.19038,391.64251,1
1505931565,21927726,1.19039,570.00000,1
1505931562,21927716,1.19039,416.45999,1
1505931551,21927702,1.19039,226.53921,1
1505931541,21927687,1.19040,749.50001,1
1505931539,21927681,1.19039,990.49999,1
1505931516,21927663,1.19039,89.15566,1
1505929786,21926839,1.19037,70.00000,1
1505928660,21926189,1.19600,9.30783,0
1505928455,21926101,1.19599,12.47527,1
1505928432,21926087,1.19599,30.00000,1
1505928431,21926086,1.19600,59.90374,0
1505928431,21926084,1.19599,60.00000,0
1505928429,21926078,1.19599,119.90374,0
1505928417,21926073,1.19600,78.00419,0
1505928417,21926072,1.19600,578.54720,0
1505928416,21926071,1.19600,763.71801,0
1505928416,21926070,1.19600,578.54720,0
1505928416,21926068,1.19600,578.54720,0
1505928416,21926067,1.19600,99.38434,0
1505928412,21926064,1.19600,661.34584,0
1505928412,21926063,1.19600,578.54720,0
1505928412,21926062,1.19600,760.11750,0
1505928412,21926061,1.19600,578.54720,0
1505928412,21926060,1.19600,154.13708,0
1505928411,21926059,1.19600,328.00147,0
1505928408,21926056,1.19600,250.54745,0
1505928408,21926055,1.19600,578.54720,0
1505928408,21926054,1.19600,709.96999,0
1505928408,21926053,1.19600,709.37999,0
1505928408,21926051,1.19600,410.34997,0
1505928408,21926050,1.19600,14.13002,0
1505928407,21926049,1.19600,284.29998,0
1505928407,21926046,1.19600,100.86756,0
1505927582,21925664,1.19327,1.50664,1
1505927582,21925662,1.19327,535.11000,1
1505927237,21925476,1.19600,182.03000,0
1505927207,21925449,1.19600,127.12244,0
1505927207,21925448,1.19600,14.12001,0
1505927207,21925447,1.19600,44.16999,0
1505927206,21925446,1.19600,182.64317,0
1505927206,21925445,1.19600,14.67100,0
1505927206,21925444,1.19600,91.82071,0
1505927206,21925443,1.19600,10.23928,0
1505927206,21925442,1.19600,822.52432,0
1505927205,21925441,1.19600,822.52432,0
1505927205,21925440,1.19600,101.92072,0
1505927205,21925439,1.19600,48.10817,0
1505927202,21925436,1.19600,244.61318,0
1505927173,21925404,1.19600,166.07000,0
1505927065,21925327,1.19600,363.73297,0
1505927065,21925326,1.19600,822.52432,0
1505927065,21925325,1.19600,797.62482,0
1505927065,21925324,1.19600,700.33661,0
1505927065,21925323,1.19600,1311.92047,0
1505927062,21925317,1.19600,916.28693,0
1505927061,21925316,1.19600,348.25657,0
1505927061,21925315,1.19600,111.81000,0
1505927061,21925313,1.19600,1615.95000,0
1505927060,21925311,1.19600,249.56587,0
1505927060,21925310,1.19600,24.98468,0
1505927060,21925308,1.19600,1160.22288,0
1505927047,21925255,1.19600,28.07098,0
1505927047,21925254,1.19600,178.07287,0
1505927046,21925251,1.19600,138.53993,0
1505927046,21925248,1.19600,257.16131,0
1505927046,21925247,1.19600,143.81723,0
1505927045,21925244,1.19600,178.97012,0
1505927044,21925237,1.19600,157.66000,0
1505927042,21925228,1.19598,52.06720,0
1505926899,21925143,1.19071,50.00000,1
1505926898,21925141,1.19599,82.54584,0
1505926897,21925140,1.19529,0.00416,0
1505926865,21925113,1.19529,856.45000,0
1505926863,21925109,1.19529,56.14000,0
1505926856,21925104,1.19529,1220.52000,0
1505926854,21925100,1.19529,56.14000,0
1505926848,21925097,1.19529,1220.52000,0
1505926841,21925090,1.19529,150.33622,0
1505926841,21925088,1.19528,535.11378,0
1505926839,21925086,1.19528,695.55000,0
1505926832,21925076,1.19528,769.55236,0
1505926828,21925069,1.19528,769.55236,0
1505926823,21925058,1.19528,863.94548,0
1505926818,21925056,1.19528,366.28602,0
1505926816,21925052,1.19529,37.06837,0
1505926816,21925051,1.19529,36.53576,0
1505926814,21925043,1.19529,366.28549,0
1505926814,21925042,1.19500,0.00052,0
1505926810,21925027,1.19500,56.23343,0
1505926809,21925026,1.19500,32.10729,0
1505926809,21925024,1.19500,423.47641,0
1505926809,21925021,1.19500,243.16542,0
1505926808,21925017,1.19500,97.26314,0
1505926808,21925016,1.19500,1679.53431,0
1505926784,21924954,1.19500,83.98000,0
1505926783,21924951,1.19500,19.90586,0
1505926783,21924948,1.19500,341.67414,0
1505926769,21924936,1.19500,48.31510,0
1505926769,21924935,1.19500,313.26490,0
1505926766,21924930,1.19500,665.78749,0
1505926766,21924928,1.19500,193.73733,0
1505926759,21924909,1.19500,186.47431,0
1505926759,21924908,1.19500,174.93569,0
1505926757,21924902,1.19500,18.29772,0
1505926756,21924899,1.19500,242.64706,0
1505926756,21924896,1.19500,100.31522,0
1505926748,21924853,1.19500,284.51485,0
1505926745,21924835,1.19500,362.74256,0
1505926742,21924826,1.19500,575.23605,0
1505926741,21924822,1.19500,361.16684,0
1505926694,21924726,1.19500,240.13000,0
1505926692,21924722,1.19499,979.81432,0
1505926540,21924671,1.19499,104.87000,0
1505926502,21924634,1.19499,933.53000,0
1505926497,21924630,1.19500,286.18903,0
1505926497,21924627,1.19499,629.69000,0
1505926497,21924626,1.19499,223.38000,0
1505926496,21924624,1.19500,286.18140,0
1505926494,21924617,1.19500,1266.35000,0
1505926493,21924615,1.19500,286.19195,0
1505926492,21924611,1.19500,285.61552,0
1505926491,21924608,1.19500,915.35255,0
1505926489,21924604,1.19500,15.03346,0
1505926449,21924525,1.19500,84.38000,0
1505926447,21924523,1.19499,314.24634,0
1505926447,21924521,1.19499,141.10000,0
1505926430,21924502,1.19499,381.36000,0
1505926424,21924499,1.19500,44.19000,0
1505926422,21924495,1.19499,375.53000,0
1505926411,21924490,1.19499,234.95000,0
1505926409,21924488,1.19498,91.05000,0
1505926407,21924486,1.19499,371.32000,0
1505926393,21924474,1.19499,168.45000,0
1505926391,21924470,1.19499,512.35000,0
1505926391,21924468,1.19498,310.00000,0
1505926385,21924461,1.19498,83.27048,1
1505926384,21924458,1.19499,102.07000,0
1505926381,21924444,1.19499,606.81430,0
1505926381,21924443,1.19498,620.00000,0
1505926377,21924430,1.19498,1207.56899,0
1505926372,21924422,1.19498,83.35389,0
1505926371,21924415,1.19498,206.26984,0
1505926174,21924320,1.19496,676.57868,1
1505926174,21924319,1.19496,137.99399,1
1505926159,21924274,1.19498,7.66045,0
1505926158,21924273,1.19499,357.72353,0
1505926148,21924257,1.19496,860.10138,0
1505926145,21924244,1.19496,139.89862,0
1505925946,21924056,1.19488,490.00000,0
1505925831,21924008,1.19464,364.49000,0
1505925777,21923978,1.19001,74.50782,1
1505925777,21923977,1.19034,5.49218,1
1505925656,21923903,1.19427,38.23163,0
1505924247,21923047,1.19000,56.23395,1
1505924246,21923044,1.19000,32.10729,1
1505924191,21923000,1.19000,423.47641,1
1505924164,21922971,1.19000,243.16542,1
1505924161,21922955,1.19000,97.26314,1
1505924161,21922953,1.19001,7.01560,1
1505924158,21922938,1.19000,1783.42017,1
1505924158,21922937,1.19000,389.98924,1
1505924157,21922936,1.19242,8.74177,1
1505924157,21922929,1.19000,979.05239,1
1505924156,21922925,1.19001,13.15005,1
1505924152,21922899,1.19027,744.81479,0
1505924151,21922898,1.19000,380.21164,1
1505924150,21922890,1.19000,193.23341,1
1505924150,21922884,1.19000,242.64706,1
1505924148,21922876,1.19000,5393.58943,1
1505924148,21922873,1.19000,404.28417,1
1505924148,21922871,1.19001,388.54840,1
1505924147,21922862,1.19029,1990.07207,1
1505924146,21922855,1.19029,410.79802,1
1505924145,21922846,1.19029,312.76762,1
1505924144,21922844,1.19029,312.91534,1
1505924144,21922841,1.19029,118.07231,1
1505924144,21922840,1.19030,8.79090,1
1505924142,21922827,1.19029,253.56339,1
1505924140,21922807,1.19029,382.66021,1
1505924140,21922803,1.19029,219.15104,1
1505924140,21922799,1.19030,10.41289,1
1505924138,21922780,1.19150,8.53110,1
1505924129,21922723,1.19150,235.27803,1
1505924124,21922714,1.19150,179.08959,1
1505924120,21922705,1.19150,306.40946,1
1505924115,21922695,1.19150,306.41037,1
1505924114,21922690,1.19150,60.16786,1
1505924106,21922678,1.19150,205.45516,1
1505924103,21922671,1.19150,60.73857,1
1505924103,21922668,1.19150,205.45516,1
1505924097,21922655,1.19150,205.45516,1
1505924092,21922649,1.19150,364.52967,1
1505924087,21922641,1.19150,578.54720,1
1505924084,21922636,1.19150,578.54720,1
1505924082,21922631,1.19150,31.22000,1
1505924078,21922621,1.19150,578.54720,1
1505924073,21922603,1.19150,578.54720,1
1505924070,21922591,1.19150,763.71801,1
1505924066,21922582,1.19150,578.54720,1
1505924061,21922574,1.19150,578.54720,1
1505924060,21922569,1.19150,760.73018,1
1505924058,21922563,1.19150,578.54720,1
1505924057,21922559,1.19150,760.11750,1
1505924052,21922553,1.19150,578.54720,1
1505924046,21922535,1.19150,154.13708,1
1505924046,21922528,1.19150,578.54892,1
1505924041,21922519,1.19150,578.54720,1
1505924039,21922516,1.19150,709.96999,1
1505924034,21922509,1.19150,709.37999,1
1505924012,21922477,1.19150,410.34997,1
1505924011,21922472,1.19150,14.13002,1
1505924011,21922468,1.19150,284.29998,1
1505924010,21922467,1.19150,410.02000,1
1505924009,21922463,1.19150,14.12001,1
1505924002,21922456,1.19150,44.16999,1
1505923999,21922451,1.19150,182.64317,1
1505923996,21922436,1.19150,14.67100,1
1505923985,21922414,1.19150,91.82071,1
1505923984,21922412,1.19150,10.23928,1
1505923984,21922409,1.19150,822.52432,1
1505923980,21922398,1.19150,822.52432,1
1505923976,21922390,1.19150,101.92072,1
1505923973,21922373,1.19150,822.52432,1
1505923963,21922347,1.19150,822.52432,1
1505923961,21922335,1.19150,797.62482,1
1505923961,21922332,1.19151,7.45056,1
1505923956,21922314,1.19150,700.33661,1
1505923956,21922311,1.19151,6.35338,1
1505923952,21922296,1.19151,189.93185,1
1505923952,21922294,1.19152,7.45717,1
1505923947,21922273,1.19150,2576.46397,1
1505923946,21922271,1.19150,111.81000,1
1505923943,21922261,1.19150,1615.95000,1
1505923942,21922257,1.19150,249.56587,1
1505923942,21922255,1.19151,7.52758,1
1505923939,21922240,1.19150,24.98468,1
1505923939,21922238,1.19151,216.91334,1
1505923938,21922237,1.19151,12.50339,1
1505923937,21922234,1.19229,8.33559,0
1505923937,21922227,1.19276,15.22585,1
1505923934,21922216,1.19276,241.54765,1
1505923933,21922206,1.19150,1504.90666,1
1505923933,21922203,1.19150,257.16131,1
1505923931,21922196,1.19150,480.44735,1
1505923931,21922192,1.19151,16.38211,1
1505923931,21922187,1.19151,223.32645,1
1505923930,21922184,1.19223,0.02446,1
1505923930,21922182,1.19224,16.33655,1
1505923929,21922165,1.19229,2886.33330,0
1505923928,21922160,1.19223,3585.80141,1
1505923926,21922143,1.19223,414.17413,1
1505923926,21922140,1.19229,59.76200,1
1505923926,21922135,1.19229,13.06957,1
1505923925,21922132,1.19229,1566.95134,1
1505923925,21922124,1.19230,16.76154,1
1505923924,21922114,1.19229,1306.32559,1
1505923921,21922105,1.19229,386.56699,1
1505923920,21922103,1.19256,16.76154,1
1505923709,21921979,1.19229,272.08875,1
1505923709,21921978,1.19232,16.83430,1
1505923511,21921882,1.19229,1.75487,1
1505923511,21921881,1.19242,16.88101,1
1505923465,21921829,1.19229,391.97755,1
1505923465,21921828,1.19231,17.30996,1
1505923461,21921806,1.19229,1.50334,1
1505923461,21921805,1.19230,281.74115,1
1505923458,21921783,1.19423,3308.34855,1
1505923456,21921777,1.19423,407.09814,1
1505923456,21921773,1.19423,284.55331,1
1505923454,21921762,1.19429,3822.29823,1
1505923452,21921748,1.19430,0.44035,1
1505923451,21921742,1.19430,24.57400,1
1505923446,21921716,1.19431,24.32589,1
1505923436,21921680,1.19431,27.80756,0
1505923432,21921652,1.19429,160.84115,1
1505923432,21921648,1.19430,305.32202,1
1505923432,21921646,1.19469,18.63588,1
1505923431,21921635,1.19468,9.69000,0
1505923430,21921621,1.19430,4830.99932,1
1505923430,21921620,1.19431,480.00000,1
1505923430,21921618,1.19468,28.76588,1
1505923277,21921526,1.19431,50.91622,1
1505923277,21921525,1.19446,29.08378,1
1505923216,21921496,1.19431,57.06924,1
1505923215,21921495,1.19491,29.36571,1
1505922994,21921361,1.19431,220.21450,1
1505922994,21921360,1.19454,0.15388,1
1505922994,21921359,1.19455,280.00000,1
1505922991,21921352,1.19454,30.62158,1
1505922928,21921321,1.19429,16.86062,1
1505922911,21921309,1.19431,26.85790,1
1505922889,21921275,1.19430,222.44830,1
1505922888,21921264,1.19430,222.12175,1
1505922886,21921260,1.19430,646.60321,1
1505922885,21921259,1.19431,26.85790,1
1505922881,21921220,1.19430,16.49517,1
1505922881,21921218,1.19431,570.00000,1
1505922881,21921215,1.19470,26.85790,1
1505922874,21921170,1.19468,382.65830,1
1505922132,21920795,1.19472,135.43711,1
1505922130,21920789,1.19472,283.88230,1
1505922080,21920769,1.19449,204.15925,1
1505921374,21920227,1.19431,189.96362,1
1505920908,21920023,1.19430,50.00000,0
1505920827,21919927,1.19436,101.94801,1
1505920822,21919923,1.19430,101.94801,0
1505920756,21919867,1.19428,589.50821,1
1505920756,21919866,1.19502,220.78259,1
1505920756,21919865,1.19528,176.70280,1
1505920755,21919864,1.19772,13.00640,1
1505919945,21919121,1.19772,0.35020,1
1505919945,21919119,1.19773,156.79000,1
1505919810,21919045,1.19989,12.14063,0
1505919715,21918994,1.19990,440.77973,0
1505919715,21918993,1.19989,206.61740,0
1505919714,21918981,1.19989,647.33000,0
1505919658,21918941,1.19926,452.58439,0
1505919657,21918938,1.19926,114.53094,0
1505919656,21918937,1.19926,468.73000,0
1505919653,21918927,1.19926,114.35723,0
1505919649,21918923,1.19926,721.03455,0
1505919649,21918922,1.19924,200.00000,0
1505919649,21918921,1.19923,753.77103,0
1505919649,21918916,1.19923,114.18379,0
1505919645,21918903,1.19923,907.69759,0
1505919645,21918899,1.19923,462.71000,0
1505919643,21918889,1.19923,853.94000,0
1505919642,21918885,1.19923,907.69759,0
1505919421,21918739,1.19822,102.01077,1
1505919095,21918503,1.19820,0.00586,0
1505919094,21918499,1.19820,3151.30000,0
1505919073,21918484,1.19820,909.56485,0
1505919071,21918481,1.19820,1328.81000,0
1505919056,21918469,1.19820,612.20486,0
1505919052,21918465,1.19820,170.06274,0
1505919050,21918463,1.19820,151.32698,0
1505919049,21918459,1.19820,2256.81021,0
1505919039,21918444,1.19820,479.33000,0
1505919038,21918440,1.19820,940.58450,0
1505919037,21918439,1.19808,77.42403,0
1505919037,21918438,1.19780,6.68058,0
1505919037,21918436,1.19770,6.68058,0
1505919037,21918434,1.19760,6.68058,0
1505919037,21918432,1.19750,0.00973,0
1505919006,21918401,1.19750,999.99027,0
1505919005,21918400,1.19750,6.68058,0
1505919005,21918399,1.19750,0.00149,0
1505919005,21918398,1.19750,284.11766,0
1505918817,21918299,1.19528,37.81682,1
1505918817,21918298,1.19531,12.18318,1
1505918588,21918071,1.19549,24.06534,0
1505918105,21917588,1.19529,12.18318,0
1505918012,21917520,1.19750,130.27228,0
1505918012,21917518,1.19750,43.64886,0
1505918012,21917517,1.19750,43.64886,0
1505918009,21917513,1.19750,43.64886,0
1505918009,21917512,1.19750,34.59216,0
1505918008,21917510,1.19750,164.82084,0
1505918008,21917509,1.19750,12.99916,0
1505917903,21917411,1.19750,179.38203,0
1505917897,21917406,1.19750,61.29435,0
1505917892,21917396,1.19750,244.67567,0
1505917892,21917395,1.19750,2415.66433,0
1505917548,21917082,1.19750,83.21000,0
1505917543,21917074,1.19750,83.15000,0
1505917508,21917053,1.19528,50.00000,1
1505917027,21916641,1.19750,435.76617,0
1505916992,21916597,1.19750,724.72645,0
1505916985,21916585,1.19750,63.99000,0
1505916983,21916580,1.19750,63.97000,0
1505916974,21916569,1.19750,458.71399,0
1505916974,21916568,1.19750,164.69000,0
1505916974,21916566,1.19750,109.99055,0
1505916973,21916564,1.19750,12.21283,0
1505916962,21916543,1.19750,50.23994,0
1505916929,21916477,1.19750,771.83000,0
1505916917,21916461,1.19750,85.52458,0
1505916912,21916439,1.19750,141.48000,0
1505916911,21916438,1.19750,323.61633,0
1505916911,21916437,1.19750,147.62367,0
1505916911,21916435,1.19750,242.95751,0
1505916911,21916433,1.19750,50.51119,0
1505916910,21916432,1.19750,60.51154,0
1505916910,21916430,1.19750,100.00000,0
1505916910,21916427,1.19750,10.65141,0
1505916910,21916425,1.19750,6.88001,0
1505916842,21916212,1.19750,242.56857,0
1505916841,21916211,1.19750,1416.54142,0
1505916841,21916210,1.19750,249.44857,0
1505916841,21916208,1.19750,890.51573,0
1505916840,21916207,1.19750,489.22091,0
1505916823,21916173,1.19750,83.54000,0
1505916803,21916137,1.19750,83.17393,0
1505916802,21916134,1.19749,0.28607,0
1505916796,21916103,1.19749,273.58753,0
1505916791,21916083,1.19750,48.99086,0
1505916791,21916082,1.19750,249.44429,0
1505916790,21916081,1.19750,890.51573,0
1505916790,21916080,1.19750,540.59000,0
1505916790,21916079,1.19750,1109.38998,0
1505916790,21916078,1.19750,249.44001,0
1505916790,21916076,1.19750,59.37999,0
1505916790,21916075,1.19750,112.96000,0
1505916789,21916074,1.19750,26.52995,0
1505916789,21916067,1.19750,137.67005,0
1505916789,21916063,1.19750,353.30000,0
1505916788,21916062,1.19750,122.54000,0
1505916788,21916060,1.19750,174.43401,0
1505916788,21916059,1.19747,0.03594,0
1505916784,21916039,1.19749,37.83720,1
1505916781,21916028,1.19750,120.31540,0
1505916781,21916026,1.19749,157.94460,0
1505916780,21916021,1.19749,142.54040,1
1505916770,21915944,1.19749,135.91960,0
1505916768,21915929,1.19749,180.02000,0
1505916762,21915897,1.19749,333.20502,0
1505916741,21915789,1.19749,325.90150,0
1505916706,21915677,1.19750,187.91198,0
1505916706,21915676,1.19750,1900.75415,0
1505916706,21915674,1.19750,931.47962,0
1505916701,21915653,1.19749,360.45280,1
1505916699,21915642,1.19750,397.48306,0
1505916699,21915638,1.19750,887.92965,0
1505916699,21915636,1.19749,398.29035,0
1505916677,21915605,1.19749,375.97330,0
1505916661,21915573,1.19749,105.13728,1
1505916657,21915565,1.19750,148.96106,0
1505916650,21915546,1.19750,901.55213,0
1505916650,21915544,1.19750,751.27540,0
1505916650,21915541,1.19750,125.62747,0
1505916650,21915540,1.19749,465.64060,0
1505916648,21915533,1.19750,29.45253,0
1505916647,21915530,1.19750,549.12000,0
1505916647,21915529,1.19750,94.37195,0
1505916647,21915525,1.19750,16.87551,0
1505916647,21915523,1.19750,349.76186,0
1505916647,21915520,1.19750,87.95808,0
1505916646,21915517,1.19750,690.84192,0
1505916646,21915516,1.19750,177.25000,0
1505916646,21915514,1.19750,365.77152,0
1505916646,21915511,1.19750,904.09999,0
1505916645,21915509,1.19749,0.52793,0
1505916637,21915487,1.19749,513.99207,0
1505916625,21915472,1.19749,567.43817,0
1505916624,21915470,1.19749,387.98941,0
1505916618,21915450,1.19749,50.93988,0
1505916614,21915442,1.19749,577.14774,0
1505916614,21915441,1.19748,47.92071,0
1505916614,21915440,1.19726,3.02030,0
1505916606,21915419,1.19726,1091.85045,0
1505916601,21915409,1.19726,184.18972,0
1505916512,21915263,1.19726,2720.93953,0
1505916512,21915262,1.19723,0.50261,0
1505916509,21915255,1.19723,626.15744,0
1505916499,21915243,1.19723,3014.27537,0
1505916490,21915229,1.19723,153.81786,0
1505916486,21915219,1.19723,205.24672,0
1505916478,21915206,1.19526,961.67473,0
1505916477,21915202,1.19526,266.39665,0
1505916476,21915198,1.19526,266.39442,0
1505916475,21915192,1.19526,267.24638,0
1505916440,21915169,1.19526,127.60230,0
1505916434,21915165,1.19526,127.60230,0
1505916352,21915085,1.19526,471.42495,0
1505916348,21915082,1.19526,471.17894,0
1505916344,21915077,1.19526,470.93306,0
1505916339,21915068,1.19526,569.54627,0
1505916335,21915062,1.19500,1104.02536,0
1505916335,21915061,1.19500,739.93561,0
1505916334,21915060,1.19500,1235.27792,0
1505916333,21915057,1.19500,416.30124,0
1505916332,21915055,1.19500,80.47804,0
1505916313,21914972,1.19500,234.74464,0
1505916311,21914969,1.19500,3701.62039,0
1505916311,21914967,1.19500,953.19132,0
1505916310,21914965,1.19500,258.87029,0
1505916309,21914958,1.19500,567.65733,0
1505916308,21914955,1.19500,177.97000,0
1505916307,21914952,1.19500,596.73298,0
1505916286,21914916,1.19500,477.59527,0
1505916238,21914842,1.19500,49.54811,0
1505916188,21914789,1.19500,91.57322,0
1505916105,21914649,1.19500,7.19027,0
1505916102,21914644,1.19500,379.57848,0
1505916069,21914600,1.19500,622.13062,0
1505916069,21914599,1.19500,247.58938,0
1505916068,21914596,1.19023,80.00000,1
1505916067,21914594,1.19500,21.94979,0
1505916049,21914579,1.19500,178.14877,0
1505916047,21914575,1.19500,132.00836,0
1505916047,21914574,1.19500,66.37961,0
1505916047,21914573,1.19500,190.33675,0
1505916046,21914571,1.19500,24.73133,0
1505916045,21914569,1.19500,287.42362,0
1505916045,21914564,1.19500,501.58158,0
1505916028,21914525,1.19500,229.26454,0
1505916027,21914523,1.19500,18.33486,0
1505916024,21914509,1.19500,208.67160,0
1505916022,21914505,1.19500,49.53705,0
1505916003,21914478,1.19500,75.90829,0
1505915981,21914434,1.19500,486.28000,0
1505915973,21914420,1.19500,84.53000,0
1505915972,21914412,1.19500,112.74000,0
1505915969,21914408,1.19500,1266.62236,0
1505915969,21914406,1.19500,77.42255,0
1505915969,21914405,1.19500,3575.93134,0
1505915968,21914404,1.19500,84.84000,0
1505915960,21914388,1.19500,61.86534,0
1505915957,21914377,1.19500,184.27615,0
1505915954,21914368,1.19500,254.56247,0
1505915954,21914365,1.19500,2606.44165,0
1505915948,21914346,1.19500,488.46050,0
1505915947,21914336,1.19500,1087.13574,0
1505915947,21914333,1.19500,878.72938,0
1505915946,21914329,1.19500,537.23948,0
1505915945,21914322,1.19500,2746.92269,0
1505915945,21914317,1.19500,2160.19430,0
1505915944,21914314,1.19500,12.93723,0
1505915943,21914309,1.19500,466.52395,0
1505915940,21914287,1.19500,84.57000,0
1505915939,21914286,1.19500,1457.81241,0
1505915939,21914285,1.19500,1403.19171,0
1505915936,21914267,1.19500,165.85774,0
1505915934,21914262,1.19500,451.77625,0
1505915934,21914261,1.19499,138.65747,0
1505915933,21914256,1.19499,452.29288,0
1505915930,21914247,1.19500,268.24267,0
1505915928,21914242,1.19500,266.77647,0
1505915926,21914235,1.19500,265.95159,0
1505915920,21914206,1.19500,957.08966,0
1505915919,21914201,1.19500,403.15180,0
1505915919,21914199,1.19500,40.47820,0
1505915918,21914198,1.19500,134.72000,0
1505915912,21914185,1.19500,348.30759,0
1505915912,21914183,1.19499,577.41579,0
1505915910,21914176,1.19499,77.70611,0
1505915910,21914175,1.19499,271.55940,0
1505915908,21914167,1.19500,1963.26657,0
1505915908,21914162,1.19500,20.24133,0
1505915908,21914160,1.19499,0.10182,0
1505915907,21914151,1.19499,20.26239,0
1505915903,21914130,1.19499,452.98188,0
1505915902,21914115,1.19499,209.67636,0
1505915857,21913870,1.19499,78.12000,0
1505915849,21913843,1.19499,623.16000,0
1505915830,21913773,1.19499,209.13191,0
1505915830,21913770,1.19496,0.97809,0
1505915814,21913696,1.19496,933.11716,0
1505915811,21913675,1.19495,129.86385,0
1505915805,21913657,1.19496,65.90475,0
1505915804,21913653,1.19495,193.82232,0
1505915803,21913649,1.19495,66.17768,0
1505915628,21913112,1.19003,70.00000,1
1505915563,21913005,1.19003,404.28416,1
1505915487,21912854,1.19409,21.68677,1
1505915487,21912852,1.19409,78.31323,1
1505915485,21912847,1.19200,100.00000,0
1505913750,21912026,1.19100,930.00000,1
1505913749,21912025,1.19103,297.04339,1
1505913728,21912009,1.19103,80.00000,1
1505912738,21911510,1.19100,70.00000,1
1505912505,21911364,1.19498,61.00000,0
1505911948,21911018,1.19498,429.74000,0
1505911719,21910864,1.19102,31.00962,1
1505911488,21910695,1.19001,60.00000,1
1505911097,21910495,1.19499,699.41710,0
1505911092,21910484,1.19499,27.77176,0
1505911087,21910468,1.19499,83.02000,0
1505911087,21910467,1.19499,27.77176,0
1505911086,21910460,1.19499,27.68522,0
1505911053,21910412,1.19500,1167.28117,0
1505911053,21910410,1.19500,50.45366,0
1505911053,21910409,1.19500,873.70079,0
1505911053,21910408,1.19500,3286.83996,0
1505911052,21910407,1.19500,414.19197,0
1505911052,21910406,1.19499,806.14245,0
1505911051,21910401,1.19500,379.24720,0
1505911051,21910399,1.19499,0.00280,0
1505911050,21910395,1.19499,783.01000,0
1505910959,21910327,1.19499,335.52475,1
1505910957,21910326,1.19499,670.51525,0
1505910957,21910323,1.19499,335.53000,0
1505910936,21910301,1.19498,86.09000,0
1505910915,21910276,1.19500,626.87000,0
1505910909,21910261,1.19500,434.43000,0
1505910908,21910259,1.19500,559.36003,0
1505910908,21910257,1.19500,423.75046,0
1505910908,21910256,1.19500,382.25829,0
1505910906,21910250,1.19499,1159.98800,1
1505910902,21910244,1.19500,228.92000,0
1505910901,21910239,1.19500,257.32089,0
1505910900,21910234,1.19500,420.96000,0
1505910899,21910228,1.19500,420.94780,0
1505910897,21910220,1.19500,4.07947,0
1505910896,21910218,1.19500,524.94273,0
1505910894,21910211,1.19499,1281.75425,0
1505910894,21910210,1.19499,178.99697,0
1505910894,21910207,1.19499,2647.13000,0
1505910893,21910204,1.19497,589.99000,0
1505910889,21910174,1.19498,744.75000,0
1505910886,21910164,1.19498,405.24000,0
1505910883,21910146,1.19495,83.00000,1
1505910882,21910139,1.19500,213.06984,0
1505910881,21910138,1.19499,1394.64845,0
1505910881,21910135,1.19495,531.83000,1
1505910881,21910133,1.19496,1072.78000,1
1505910879,21910125,1.19496,56.42000,0
1505910874,21910102,1.19495,240.75198,0
1505910856,21910067,1.19496,69.00533,0
1505910850,21910048,1.19496,654.97000,0
1505910850,21910043,1.19496,1269.99000,0
1505910837,21910008,1.19499,88.74000,0
1505910835,21910001,1.19498,121.67000,0
1505910831,21909995,1.19498,121.67000,0
1505910779,21909927,1.19496,32.95793,0
1505910778,21909925,1.19497,115.50000,0
1505910777,21909923,1.19498,115.04000,0
1505910776,21909919,1.19484,402.89470,0
1505910775,21909913,1.19488,83.00000,1
1505910773,21909904,1.19486,32.96124,0
1505910772,21909895,1.19400,0.00624,0
1505910718,21909839,1.19400,3717.17000,0
1505910707,21909829,1.19400,95.43000,0
1505910697,21909814,1.19400,112.12000,0
1505910688,21909801,1.19400,265.76376,0
1505910686,21909797,1.19400,740.45000,0
1505910686,21909792,1.19400,69.06000,0
1505910455,21909585,1.19395,18.10423,0
1505910454,21909584,1.19395,103.38000,0
1505910452,21909578,1.19395,103.38000,0
1505910431,21909564,1.19394,360.12000,0
1505910423,21909550,1.19394,66.72000,0
1505910410,21909527,1.19350,1889.66388,0
1505910410,21909521,1.19350,279.98217,0
1505910043,21909271,1.19294,11.93925,1
1505910041,21909266,1.19291,0.00005,1
1505910040,21909265,1.19293,13.08702,1
1505910023,21909246,1.18998,404.74905,0
1505910021,21909241,1.18998,702.98388,0
1505910021,21909239,1.18954,27.24303,0
1505909994,21909202,1.18948,1997.25630,0
1505909911,21909173,1.18940,67.36000,0
1505909758,21909104,1.18930,48.37300,1
1505909758,21909103,1.18930,3460.79138,1
1505909758,21909102,1.18932,14.95742,1
1505909523,21909022,1.18930,231.82511,1
1505909523,21909020,1.18931,22.41672,1
1505909523,21909019,1.18938,14.91816,1
1505909366,21908960,1.18930,127.13530,1
1505909364,21908955,1.18930,863.46431,1
1505909363,21908954,1.18942,125.61447,1
1505909356,21908945,1.18948,67.03927,0
1505909350,21908935,1.18948,11.91472,0
1505909339,21908921,1.18948,249.53642,0
1505909337,21908915,1.18940,54.49902,0
1505909335,21908912,1.18940,50.16543,0
1505909307,21908872,1.18930,55.84134,1
1505909306,21908863,1.18930,290.28545,1
1505909297,21908785,1.18930,198.95057,1
1505909234,21908752,1.18930,85.00000,1
1505909050,21908707,1.18930,599.25119,1
1505908877,21908630,1.18930,4502.81422,1
1505908871,21908623,1.18930,4496.13078,1
1505908868,21908618,1.18930,2662.88916,1
1505908865,21908617,1.18930,2420.37333,1
1505908863,21908614,1.18930,3357.68940,1
1505908862,21908610,1.18930,242.97999,1
1505908859,21908602,1.18940,694.26318,1
1505908859,21908600,1.18940,937.16999,1
1505908857,21908595,1.18940,270.22336,1
1505908856,21908590,1.18940,2838.23753,1
1505908856,21908587,1.18950,0.02546,1
1505908855,21908585,1.18950,2324.55654,1
1505908854,21908584,1.18950,105.16999,1
1505908853,21908580,1.18956,5162.84211,1
1505908853,21908579,1.18957,27.90948,1
1505908846,21908573,1.19000,1104.02536,1
1505908843,21908571,1.19000,739.93561,1
1505908842,21908569,1.19000,5668.42223,1
1505908829,21908551,1.19000,4182.03789,1
1505908825,21908548,1.19000,4182.03789,1
1505908813,21908545,1.19000,77.42255,1
1505908296,21908414,1.19000,4161.47530,1
1505908296,21908413,1.19001,20.56259,1
1505908292,21908408,1.19000,4182.03789,1
1505908288,21908403,1.19000,4162.89155,1
1505908288,21908402,1.19001,19.14634,1
1505908287,21908398,1.19393,449.95030,0
1505908283,21908395,1.19001,372.91227,1
1505908283,21908394,1.19002,20.63049,1
1505908279,21908392,1.19000,4182.03789,1
1505908274,21908360,1.19000,4182.03789,1
1505908267,21908355,1.19000,3674.29486,1
1505908267,21908354,1.19001,455.73895,1
1505908267,21908353,1.19001,31.20245,1
1505908267,21908352,1.19001,20.80163,1
1505908264,21908347,1.19000,50.45366,1
1505908261,21908345,1.19000,873.70079,1
1505908260,21908341,1.19000,3286.83996,1
1505908260,21908340,1.19000,2414.09920,1
1505908259,21908338,1.19000,423.75046,1
1505908258,21908331,1.19000,1714.48645,1
1505908257,21908330,1.19001,25.65894,1
1505908257,21908329,1.19001,449.95034,1
1505908257,21908328,1.19397,224.00380,1
1505908256,21908323,1.19397,224.00380,1
1505908256,21908322,1.19397,224.00380,1
1505908255,21908320,1.19397,138.89507,1
1505908254,21908319,1.19397,85.10873,1
1505908254,21908318,1.19000,738.01257,1
1505908253,21908317,1.19001,44.27936,1
1505908253,21908316,1.19397,7.68806,1
1505908253,21908315,1.19026,216.31574,0
1505908253,21908314,1.19026,47.51250,1
1505908253,21908313,1.19026,216.31574,1
1505908252,21908312,1.19397,224.00380,1
1505908252,21908311,1.19397,53.91016,1
1505908252,21908308,1.19397,170.09364,1
1505908252,21908307,1.19397,94.56543,1
1505908251,21908304,1.19397,84.09155,0
1505908251,21908303,1.19397,45.34682,0
1505908251,21908302,1.19397,83.88380,0
1505908250,21908301,1.19397,10.79585,0
1505908250,21908300,1.19397,16.85175,0
1505908250,21908298,1.19395,56.23620,0
1505908250,21908297,1.19395,0.08412,0
1505908250,21908296,1.19395,27.56348,0
1505908250,21908292,1.19242,56.23620,0
1505908250,21908291,1.19242,83.88380,0
1505908247,21908285,1.19398,28.83504,1
1505908246,21908280,1.19397,28.00530,1
1505908246,21908277,1.19397,28.00530,1
1505908245,21908274,1.19397,28.00530,1
1505908245,21908271,1.19397,28.00530,1
1505908245,21908264,1.19397,27.73919,1
1505908244,21908261,1.19059,0.00003,0
1505908243,21908260,1.19059,28.00530,0
1505908243,21908259,1.19026,0.34714,1
1505908243,21908258,1.19027,50.00000,1
1505908240,21908252,1.19061,28.93118,1
1505908238,21908244,1.19026,0.90226,1
1505908238,21908243,1.19027,110.00000,1
1505908238,21908241,1.19060,28.93118,1
1505908100,21908199,1.19026,797.50463,1
1505908097,21908195,1.19026,1602.73633,1
1505908097,21908193,1.19028,0.00593,1
1505908096,21908188,1.19028,178.65545,1
1505908095,21908178,1.19028,1.50741,1
1505908095,21908177,1.19029,220.00000,1
1505907984,21908086,1.19437,1805.71610,1
1505907983,21908084,1.19437,2349.56750,1
1505907983,21908082,1.19437,1830.62398,1
1505907982,21908075,1.19437,518.94352,1
1505907982,21908074,1.19437,2095.73851,1
1505907981,21908072,1.19437,253.82899,1
1505907981,21908071,1.19437,0.00440,1
1505907980,21908068,1.19437,29.86512,1
1505907979,21908065,1.19437,220.63929,1
1505907979,21908064,1.19437,153.32859,1
1505907979,21908063,1.19437,70.00000,1
1505907978,21908058,1.19437,244.55052,1
1505907977,21908056,1.19437,65.36389,1
1505907976,21908053,1.19437,204.19134,0
1505907976,21908052,1.19435,716.90172,0
1505907975,21908051,1.19435,644.72263,0
1505907975,21908049,1.19028,239.90044,0
1505907974,21908045,1.19028,543.85134,0
1505907971,21908039,1.19435,73.56722,0
1505907970,21908032,1.19437,102.10580,1
1505907970,21908031,1.19437,62.81005,1
1505907969,21908026,1.19437,39.29575,1
1505907969,21908025,1.19437,63.32034,1
1505907969,21908023,1.19437,38.78546,1
1505907968,21908021,1.19437,102.10580,1
1505907968,21908020,1.19437,102.10580,1
1505907968,21908019,1.19437,102.10580,1
1505907968,21908018,1.19437,102.10580,1
1505907968,21908016,1.19437,102.10580,1
1505907968,21908014,1.19437,102.10580,1
1505907968,21908013,1.19437,63.29964,1
1505907967,21908010,1.19437,38.80616,1
1505907967,21908008,1.19437,82.38127,1
1505907967,21908007,1.19437,19.72451,1
1505907966,21908004,1.19044,0.00002,0
1505907965,21908002,1.19044,102.10580,0
1505907963,21907997,1.19047,74.26942,1
1505907959,21907990,1.19046,74.74458,1
1505907954,21907988,1.19039,348.14025,0
1505907953,21907987,1.19042,74.53635,1
1505907919,21907977,1.19157,74.56347,1
1505907628,21907863,1.19716,100.00000,0
1505907592,21907843,1.19718,657.64277,0
1505907477,21907752,1.19128,3.00468,0
1505906891,21907523,1.19071,87.82154,1
1505906891,21907522,1.19071,233.15000,1
1505906849,21907487,1.19057,0.73401,0
1505906847,21907485,1.19057,88.92749,0
1505906717,21907388,1.19128,90.96349,0
1505906293,21906983,1.19414,10.89376,1
1505906290,21906974,1.19413,16.55800,1
1505906290,21906973,1.19413,112.58205,1
1505906289,21906971,1.19413,5.49315,1
1505906289,21906970,1.19413,118.07520,1
1505906289,21906969,1.19413,118.07520,1
1505906289,21906968,1.19413,0.00003,1
1505906288,21906966,1.19030,11.06564,0
1505906288,21906965,1.19028,90.00000,0
1505906288,21906964,1.19027,17.00953,0
1505906286,21906957,1.19026,1235.40046,1
1505906286,21906955,1.19027,17.00953,1
1505906286,21906953,1.19028,90.00000,1
1505906285,21906950,1.19033,10.99565,1
1505906266,21906935,1.19121,0.06137,0
1505906265,21906931,1.19123,11.03610,1
1505905558,21906558,1.19028,152.80774,1
1505905558,21906557,1.19085,11.38329,1
1505904808,21906139,1.19711,236.99352,0
1505903910,21905657,1.19026,99.28094,1
1505903910,21905656,1.19027,7.54225,1
1505903883,21905650,1.19225,5.41640,1
1505903883,21905649,1.19225,13.36680,1
1505903823,21905617,1.19225,2101.98000,1
1505903797,21905593,1.19225,71.89999,1
1505903721,21905539,1.19225,114.53813,1
1505903721,21905538,1.19226,5.08187,1
1505903715,21905528,1.19225,118.69155,1
1505903711,21905525,1.19225,119.80709,1
1505903711,21905524,1.19225,190.16888,1
1505903711,21905523,1.19226,0.00097,1
1505903710,21905522,1.19226,7.66776,1
1505903710,21905520,1.19226,112.13833,1
1505903239,21905342,1.19226,179.23943,1
1505903232,21905336,1.19226,947.72953,1
1505903138,21905270,1.19226,201.36548,1
1505903131,21905268,1.19226,240.61421,1
1505903130,21905267,1.19227,5.29408,1
1505903122,21905259,1.19226,5.35536,1
1505903121,21905257,1.19230,5.29408,1
1505903120,21905254,1.19226,232.39468,1
1505903120,21905253,1.19227,7.94380,1
1505903120,21905252,1.19229,5.29587,1
1505903047,21905213,1.19226,91.71658,1
1505902970,21905184,1.19226,340.99106,1
1505902943,21905170,1.19226,120.75786,1
1505902943,21905166,1.19226,249.44663,1
1505902942,21905165,1.19226,352.00842,1
1505902942,21905164,1.19227,9.67444,1
1505902935,21905161,1.19227,7.20136,0
1505902935,21905158,1.19227,11.46386,1
1505902935,21905157,1.19227,98.16235,1
1505902934,21905156,1.19227,11.83765,1
1505902929,21905146,1.19226,90.96793,1
1505902929,21905145,1.19227,19.57682,1
1505902929,21905143,1.19250,0.00149,1
1505902836,21905067,1.19250,414.38994,1
1505902832,21905063,1.19250,43.64886,1
1505902827,21905061,1.19250,43.64886,1
1505902822,21905056,1.19250,43.64886,1
1505902777,21905044,1.19250,199.41300,1
1505902736,21905015,1.19250,498.35121,1
1505902699,21904971,1.19250,4329.19094,1
1505902695,21904959,1.19250,164.69000,1
1505902693,21904955,1.19250,1494.89423,1
1505902657,21904926,1.19250,390.58118,1
1505902655,21904924,1.19250,50.51119,1
1505902644,21904885,1.19250,60.51154,1
1505902606,21904859,1.19250,100.00000,1
1505902562,21904846,1.19250,10.65141,1
1505902561,21904844,1.19250,249.44858,1
1505902555,21904838,1.19250,1416.54142,1
1505902554,21904836,1.19250,249.44857,1
1505902543,21904828,1.19250,890.51573,1
1505902539,21904825,1.19250,704.92570,1
1505902538,21904823,1.19250,249.44429,1
1505902537,21904818,1.19250,890.51573,1
1505902508,21904797,1.19250,540.59000,1
1505902496,21904739,1.19250,1109.38998,1
1505902495,21904737,1.19250,249.44001,1
1505902477,21904724,1.19250,59.37999,1
1505902458,21904689,1.19250,112.96000,1
1505902455,21904683,1.19250,164.20000,1
1505902451,21904680,1.19250,353.30000,1
1505902446,21904668,1.19250,122.54000,1
1505902440,21904654,1.19250,482.66139,1
1505902440,21904653,1.19251,15.68981,1
1505902375,21904595,1.19250,1900.75415,1
1505902375,21904594,1.19251,24.71365,1
1505902375,21904592,1.19253,15.84550,1
1505902317,21904489,1.19250,3267.40552,1
1505902315,21904478,1.19250,751.27540,1
1505902308,21904430,1.19250,155.08000,1
1505902306,21904414,1.19250,549.12000,1
1505902299,21904368,1.19250,94.37195,1
1505902299,21904365,1.19250,16.87551,1
1505901712,21904048,1.19250,349.76186,1
1505901679,21904037,1.19250,87.95808,1
1505901679,21904036,1.19250,690.84192,1
1505901459,21903851,1.19250,177.25000,1
1505901027,21903585,1.19250,365.77152,1
1505901025,21903583,1.19251,134.22848,1
1505900867,21903458,1.19251,1191.49999,1
1505900847,21903454,1.19251,29.17655,1
1505900844,21903452,1.19252,471.46345,1
1505900843,21903449,1.19251,29.17654,1
1505900837,21903448,1.19251,143.94233,0
1505900837,21903447,1.19251,424.92114,1
1505900837,21903446,1.19251,173.11999,1
1505900836,21903443,1.19252,29.17766,1
1505900817,21903431,1.19251,327.82153,0
1505900816,21903424,1.19251,97.15081,1
1505900815,21903416,1.19251,29.17900,1
1505900811,21903414,1.19251,510.63100,1
1505900810,21903411,1.19251,29.17999,1
1505900807,21903407,1.19251,49.96099,1
1505900794,21903391,1.19250,904.09999,1
1505900793,21903390,1.19251,284.21108,1
1505900792,21903386,1.19251,287.13658,1
1505900788,21903385,1.19251,82.39919,1
1505900784,21903379,1.19252,239.39422,1
1505900784,21903377,1.19252,178.73999,1
1505900783,21903375,1.19251,82.39919,1
1505900782,21903372,1.19251,82.42349,1
1505900776,21903365,1.19251,96.40171,1
1505900756,21903344,1.19251,222.51386,1
1505900744,21903338,1.19251,286.86079,1
1505900648,21903253,1.19251,540.37001,1
1505900648,21903252,1.19251,244.22999,1
1505900611,21903232,1.19251,2205.37245,1
1505900610,21903230,1.19251,221.37164,1
1505900579,21903213,1.19252,29.42701,1
1505900570,21903203,1.19251,768.72826,1
1505900569,21903199,1.19253,187.02102,1
1505900568,21903197,1.19252,52.03918,1
1505900475,21903149,1.19251,46.72002,1
1505900436,21903124,1.19254,138.31000,1
1505900426,21903114,1.19252,54.97000,1
1505900408,21903107,1.19251,255.12887,0
1505900407,21903105,1.19251,645.74113,1
1505900405,21903101,1.19251,255.13212,1
1505900396,21903092,1.19252,67.06974,1
1505900396,21903090,1.19253,650.00000,1
1505900242,21902979,1.19300,203.69657,1
1505900138,21902943,1.19300,178.59160,1
1505900138,21902942,1.19300,234.01144,1
1505900137,21902940,1.19300,233.69657,1
1505899964,21902858,1.19301,355.77001,1
1505899964,21902857,1.19301,134.22999,1
1505898929,21902293,1.19747,409.53389,0
1505898481,21901920,1.19253,0.00003,0
1505898480,21901919,1.19253,7.43580,0
1505898475,21901917,1.19253,1360.00000,1
1505898314,21901819,1.19498,432.25785,0
1505898259,21901753,1.19252,120.00000,1
1505898200,21901731,1.19270,29.41723,1
1505898191,21901707,1.19500,816.56585,1
1505898189,21901686,1.19500,779.92000,1
1505898188,21901684,1.19500,282.71644,1
1505898188,21901681,1.19500,6508.97710,1
1505898187,21901680,1.19500,4629.77480,1
1505898187,21901677,1.19500,84.05001,1
1505898130,21901560,1.19500,20.52118,1
1505898128,21901557,1.19500,146.96243,1
1505898042,21901484,1.19500,1013.05179,1
1505898038,21901480,1.19500,1013.31516,1
1505898035,21901474,1.19500,658.67494,1
1505898031,21901472,1.19500,658.67494,1
1505897968,21901291,1.19500,577.76999,1
1505897967,21901289,1.19500,284.95819,1
1505897810,21901222,1.19500,842.39549,1
1505897789,21901218,1.19500,175.35000,1
1505897760,21901192,1.19500,1115.21036,1
1505897757,21901186,1.19500,1223.78243,1
1505897756,21901183,1.19500,1297.83999,1
1505897754,21901181,1.19500,1115.21036,1
1505897752,21901176,1.19500,208.21000,1
1505897752,21901174,1.19500,660.13390,1
1505897751,21901173,1.19500,175.35000,1
1505897751,21901170,1.19500,1115.21036,1
1505897750,21901168,1.19500,530.73000,1
1505897748,21901165,1.19500,1115.21036,1
1505897746,21901162,1.19500,1115.21036,1
1505897741,21901156,1.19500,201.73810,1
1505897738,21901153,1.19500,1282.92101,1
1505897734,21901147,1.19500,5416.95595,1
1505897733,21901144,1.19500,9051.52397,1
1505897732,21901137,1.19500,285.85742,1
1505897731,21901134,1.19500,2798.49071,1
1505897730,21901130,1.19500,2796.73641,1
1505897705,21901125,1.19226,805.94276,1
1505897705,21901124,1.19227,6.02503,1
1505897701,21901104,1.19226,29.33174,1
1505897699,21901094,1.19225,1264.13116,1
1505897696,21901083,1.19750,1715.41558,1
1505897696,21901081,1.19750,249.79000,1
1505897695,21901078,1.19750,388.66102,1
1505897694,21901076,1.19750,659.37654,1
1505897693,21901072,1.19750,666.93509,1
1505897693,21901061,1.19750,19.72781,1
1505897692,21901054,1.19750,5.24829,1
1505897691,21901046,1.19750,3626.69729,1
1505897690,21901045,1.19750,414.93448,1
1505897690,21901044,1.19726,4000.00000,0
1505897689,21901043,1.19725,4000.00000,0
1505897689,21901042,1.19724,300.00000,0
1505897689,21901041,1.19723,899.36785,0
1505897689,21901040,1.19669,5993.36708,0
1505897689,21901039,1.19600,10.00000,0
1505897689,21901038,1.19600,168.07226,0
1505897688,21901037,1.19591,1000.00000,0
1505897688,21901034,1.19591,12.40671,0
1505897688,21901033,1.19590,870.00000,0
1505895625,21899909,1.19593,115.14880,1
1505895625,21899907,1.19593,54.42627,1
1505895624,21899904,1.19593,271.75054,1
1505895623,21899899,1.19593,139.79640,1
1505895623,21899896,1.19593,6.87607,1
1505895622,21899891,1.19593,93.60271,1
1505895622,21899890,1.19593,24.58516,1
1505895622,21899888,1.19595,54.60627,1
1505895614,21899880,1.19600,274.85774,0
1505895613,21899878,1.19600,357.07000,0
1505895611,21899863,1.19598,48.32254,0
1505895608,21899858,1.19594,920.93385,0
1505895608,21899857,1.19500,30.00000,0
1505894775,21899446,1.19499,109.32000,0
1505894742,21899436,1.19499,105.45246,0
1505894742,21899435,1.19301,0.82754,0
1505894315,21899130,1.19300,10.08580,0
1505894315,21899129,1.18958,5.15930,0
1505894133,21899038,1.18956,37.36330,1
1505894133,21899037,1.18957,5554.23448,1
1505894130,21899034,1.18958,768.89250,1
1505894125,21899028,1.19009,75.44601,1
1505893645,21898743,1.19301,999.17246,0
1505893644,21898742,1.19301,31.74977,0
1505893637,21898731,1.19009,25.12000,1
1505893637,21898730,1.19010,172.77000,1
1505893464,21898665,1.19301,26.35100,0
1505893345,21898633,1.19128,176.61336,1
1505893307,21898604,1.19301,302.31478,1
1505893307,21898599,1.19301,5.13522,1
1505893306,21898598,1.19301,32.35818,1
1505893306,21898596,1.19301,281.91759,1
1505893305,21898593,1.19301,1.24423,1
1505893305,21898591,1.19301,315.52000,1
1505893303,21898584,1.19659,37.30447,1
1505893301,21898580,1.19699,532.44227,0
1505893301,21898579,1.19657,37.37183,0
1505893299,21898567,1.19657,37.37184,0
1505893299,21898566,1.19656,221.33708,0
1505893299,21898564,1.19009,1581.97014,0
1505893298,21898560,1.19009,166.97970,0
1505893223,21898523,1.19009,1105.25000,0
1505893050,21898468,1.19009,29.38013,0
1505893041,21898462,1.19009,852.26893,0
1505893040,21898459,1.19009,852.26326,0
1505893025,21898443,1.19009,97.86000,0
1505893009,21898435,1.19009,84.09000,0
1505892973,21898414,1.19009,3175.64713,0
1505892955,21898390,1.19009,2141.87719,0
1505892951,21898386,1.19009,5624.16625,0
1505892893,21898350,1.19009,1260.10356,0
1505892799,21898308,1.19009,2152.53780,0
1505892794,21898297,1.19009,2150.81661,0
1505892790,21898292,1.19009,2149.09545,0
1505892785,21898285,1.19009,2147.38265,0
1505892785,21898283,1.19009,586.29178,0
1505892781,21898282,1.19009,2143.65105,0
1505892778,21898275,1.19009,5615.39062,0
1505892774,21898272,1.19009,6611.69000,0
1505892772,21898267,1.19009,2358.98964,0
1505892772,21898264,1.19009,5612.96411,0
1505892770,21898259,1.19009,1483.22025,0
1505892768,21898255,1.19009,1937.84502,0
1505892764,21898246,1.19009,2357.98000,0
1505892764,21898244,1.19009,2653.75637,0
1505892762,21898240,1.19009,6521.90000,0
1505892760,21898235,1.19009,1481.10000,0
1505892756,21898224,1.19009,5613.05023,0
1505892752,21898212,1.19009,36.20570,0
1505892751,21898207,1.19009,1483.22025,0
1505892749,21898203,1.19009,9767.56000,0
1505892477,21898092,1.19009,2959.51610,0
1505892470,21898078,1.19009,1029.92000,0
1505892416,21898049,1.19009,925.98000,0
1505892377,21898034,1.19009,443.15000,0
1505892359,21898020,1.19009,561.93639,0
1505892270,21897979,1.19009,1425.91080,0
1505892216,21897960,1.19009,2067.77984,0
1505892213,21897956,1.19009,2114.52323,0
1505892175,21897919,1.19020,6.77982,1
1505891316,21897345,1.18995,1405.98544,1
1505891316,21897344,1.18997,31.66473,0
1505891315,21897343,1.19093,21.10982,0
1505891315,21897342,1.19093,460.00000,0
1505891314,21897341,1.19093,52.57000,1
1505890879,21896977,1.19297,52.53221,0
1505890875,21896966,1.19297,52.24238,1
1505890790,21896915,1.19527,25.98004,1
1505890790,21896914,1.19527,109.04197,1
1505890789,21896912,1.19527,25.50723,1
1505890789,21896909,1.19527,109.38897,1
1505890788,21896905,1.19527,25.16023,1
1505890788,21896903,1.19527,134.54920,1
1505890788,21896902,1.19527,134.54920,1
1505890786,21896901,1.19302,25.16023,0
1505890786,21896900,1.19301,109.38897,0
1505890779,21896878,1.19302,25.04030,1
1505890678,21896807,1.19298,25.43648,1
1505890678,21896805,1.19572,27.10384,1
1505890678,21896803,1.19572,82.28516,1
1505890674,21896798,1.19300,171.17292,1
1505890674,21896797,1.19300,52.24238,1
1505890673,21896795,1.19300,57.14659,1
1505890673,21896793,1.19301,26.57340,1
1505890670,21896784,1.19423,26.18779,1
1505890397,21896534,1.19722,197.89568,0
1505890291,21896445,1.19335,200.00000,1
1505890291,21896443,1.19722,83.00000,0
1505890016,21896240,1.19301,20.79000,1
1505889887,21896069,1.19530,0.06185,1
1505889885,21896064,1.19530,33.12361,1
1505889870,21896047,1.19723,20.89245,0
1505889868,21896044,1.19526,0.00259,0
1505889392,21895614,1.19526,446.78000,0
1505889389,21895606,1.19526,629.30000,0
1505889366,21895587,1.19295,10.74000,0
1505889365,21895580,1.19295,62.94000,0
1505889361,21895572,1.19526,758.16521,0
1505889360,21895569,1.19508,993.31253,0
1505889360,21895567,1.19506,0.00226,0
1505889359,21895565,1.19506,6949.09000,0
1505889359,21895563,1.19501,1510.00000,0
1505889357,21895558,1.19502,391.15412,0
1505887900,21894600,1.18826,110.00000,1
1505887900,21894599,1.18827,190.00000,1
1505887671,21894497,1.18827,222.58999,1
1505887666,21894489,1.19021,222.59367,1
1505887661,21894483,1.19021,101.56660,1
1505887655,21894474,1.19021,334.45999,1
1505887651,21894467,1.19021,117.96931,1
1505887650,21894462,1.19021,118.03193,1
1505887650,21894459,1.19021,275.53752,1
1505887643,21894442,1.19021,995.18999,1
1505887621,21894433,1.19021,113.42999,1
1505887518,21894377,1.19022,97.30999,1
1505886509,21893971,1.19508,6.68747,0
1505886507,21893965,1.19507,130.49017,0
1505886495,21893927,1.19507,287.91184,0
1505885845,21893422,1.19022,280.00000,1
1505885173,21892955,1.19502,81.62206,0
1505884670,21892775,1.19502,12.54840,0
1505884419,21892662,1.19021,40.00000,1
1505884419,21892661,1.19022,460.00000,1
1505884224,21892568,1.19502,20.21460,0
1505884224,21892567,1.19502,20.21460,0
1505884224,21892566,1.19502,20.21460,0
1505884224,21892565,1.19502,20.21460,0
1505884223,21892564,1.19502,20.21460,0
1505884223,21892562,1.19502,20.21460,0
1505884223,21892561,1.19502,20.21460,0
1505884223,21892560,1.19502,20.21460,0
1505884223,21892559,1.19502,20.21460,0
1505884222,21892558,1.19502,20.21460,0
1505884222,21892557,1.19502,20.21460,0
1505884222,21892556,1.19502,20.21460,0
1505884222,21892555,1.19502,20.21460,0
1505884222,21892554,1.19502,20.21460,0
1505884222,21892553,1.19502,20.21460,0
1505884221,21892552,1.19502,20.21460,0
1505884221,21892551,1.19502,20.21460,0
1505884221,21892550,1.19502,20.21460,0
1505884220,21892549,1.19502,20.21460,0
1505883869,21892451,1.19508,351.99850,0
1505883840,21892422,1.19021,0.12000,1
1505883840,21892421,1.19022,180.00000,1
1505883130,21892028,1.19511,27.91160,0
1505882763,21891784,1.19512,250.46470,0
1505882674,21891708,1.19021,1680.81100,1
1505882674,21891707,1.19022,1219.18900,1
1505882672,21891705,1.19023,100.00000,1
1505882369,21891476,1.19523,464.03800,0
1505881956,21891202,1.19525,82.76000,0
1505881905,21891157,1.19526,299.30000,0
1505881881,21891124,1.19526,588.54140,0
1505881881,21891123,1.19526,588.54140,0
1505881881,21891122,1.19526,588.54140,0
1505881880,21891121,1.19506,588.54140,0
1505881865,21891094,1.19526,20.16560,0
1505881865,21891093,1.19526,20.16560,0
1505881864,21891092,1.19518,20.16560,0
1505881864,21891091,1.19518,20.16560,0
1505881863,21891090,1.19518,20.16560,0
1505881863,21891089,1.19526,20.16560,0
1505881863,21891087,1.19526,20.16560,0
1505881862,21891086,1.19526,20.16560,0
1505881862,21891085,1.19522,20.16560,0
1505881862,21891084,1.19522,20.16560,0
1505881861,21891083,1.19518,20.16560,0
1505881842,21891059,1.19222,0.01776,0
1505881842,21891055,1.19222,11.12392,0
1505881611,21890825,1.19021,0.29000,1
1505881611,21890824,1.19026,425.76000,1
1505881410,21890518,1.19026,111.16000,1
1505881407,21890513,1.19026,605.02000,1
1505881391,21890492,1.19026,592.83000,1
1505881390,21890491,1.19026,592.83000,1
1505881386,21890487,1.19026,537.31001,1
1505881386,21890486,1.19027,55.51999,1
1505881376,21890477,1.19224,820.25210,1
1505881376,21890475,1.19224,1242.02265,1
1505881374,21890469,1.19224,8.78958,1
1505881374,21890468,1.19225,1637.10478,1
1505881370,21890460,1.19225,3376.26426,1
1505881366,21890443,1.19225,178.70000,1
1505881364,21890433,1.19225,447.11000,1
1505881364,21890432,1.19227,140.00000,1
1505881360,21890425,1.19225,339.04949,1
1505881356,21890409,1.19225,1.59450,1
1505881356,21890408,1.19226,290.00000,1
1505881349,21890383,1.19227,213.09000,1
1505881347,21890376,1.19226,182.72000,1
1505881341,21890326,1.19226,84.33000,1
1505881262,21890245,1.19226,104.91999,1
1505881198,21890172,1.19229,173.93234,1
1505880936,21889885,1.19257,5.80360,0
1505880900,21889855,1.19261,1290.00000,1
1505880883,21889822,1.19256,546.82753,0
1505880881,21889819,1.19224,55.57638,1
1505880880,21889812,1.19224,820.25211,0
1505880879,21889803,1.19224,3004.41816,0
1505880879,21889801,1.19224,5.13053,0
1505880745,21889621,1.19026,1135.08999,1
1505880730,21889602,1.19221,664.15700,1
1505880727,21889599,1.19221,3335.46986,1
1505880725,21889595,1.19221,0.37314,1
1505880725,21889594,1.19222,344.68328,1
1505880719,21889583,1.19226,3820.43795,1
1505880717,21889576,1.19227,299.45408,1
1505880714,21889573,1.19226,0.42834,1
1505880714,21889572,1.19228,380.88684,1
1505880710,21889561,1.19229,381.40151,1
1505880682,21889513,1.19256,22.09070,0
1505880681,21889509,1.19256,22.09070,0
1505880681,21889507,1.19256,22.09070,0
1505880673,21889496,1.19257,613.09963,1
1505880652,21889455,1.19250,377.42558,0
1505880633,21889433,1.19240,196.17839,0
1505880587,21889393,1.19232,258.97980,1
1505880434,21889237,1.19288,6.65000,0
1505880262,21889166,1.19227,479.33457,1
1505880148,21889043,1.19807,227.42400,0
1505880148,21889041,1.19807,15.33873,0
1505880148,21889039,1.19807,12.57528,0
1505880147,21889037,1.19807,49.50999,0
1505880147,21889036,1.19807,150.00000,0
1505880126,21889019,1.19232,103.75200,1
1505880124,21889009,1.19808,12.12418,0
1505880123,21889008,1.19810,519.51000,1
1505880123,21889005,1.19810,134.23922,1
1505880123,21889003,1.19810,332.75786,1
1505880122,21888997,1.19810,52.51292,1
1505880121,21888993,1.19810,49.51000,1
1505880121,21888989,1.19810,0.01793,1
1505880120,21888988,1.19810,36.91679,1
1505880119,21888987,1.19422,12.57528,0
1505880112,21888980,1.19423,12.57528,1
1505879632,21888853,1.19282,224.06540,1
1505879631,21888851,1.19281,16.03582,1
1505879582,21888829,1.19316,20.80717,1
1505877423,21888184,1.19241,6.70000,1
1505877131,21888149,1.19552,8.20974,1
1505877102,21888137,1.19545,8.27267,1
1505875393,21887524,1.19926,1672.94830,0
1505874716,21887385,1.19926,117.73092,0
1505874715,21887381,1.19926,117.73823,0
1505874306,21887333,1.19926,81.55861,0
1505873876,21887195,1.19926,138.78683,0
1505873876,21887194,1.19925,0.00317,0
1505873875,21887193,1.19925,760.82000,0
1505873848,21887179,1.19925,199.67512,0
1505873844,21887177,1.19924,80.00000,1
1505873842,21887175,1.19924,149.86898,0
1505873814,21887148,1.19925,125.46000,0
1505873814,21887147,1.19924,290.00000,0
1505873809,21887145,1.19924,317.53597,0
1505873809,21887144,1.19924,262.46403,0
1505872884,21886663,1.19304,852.81276,1
1505872878,21886654,1.19925,199.66080,0
1505872878,21886653,1.19924,170.00000,0
1505872860,21886624,1.19290,150.16920,1
1505872860,21886622,1.19291,8.31079,1
1505872474,21886311,1.19918,254.64982,1
1505872473,21886310,1.19918,66.43453,1
1505872470,21886307,1.19918,66.43453,1
1505872470,21886302,1.19918,280.38044,1
1505872469,21886301,1.19918,320.00000,1
1505872456,21886287,1.19920,0.00002,1
1505872455,21886286,1.19698,1000.00000,0
1505872455,21886285,1.19698,578.86638,0
1505872271,21886235,1.19698,196.96466,0
1505872270,21886233,1.19698,623.99896,0
1505872181,21886204,1.19698,1700.40430,0
1505872180,21886203,1.19698,1700.40430,0
1505872180,21886202,1.19698,1700.40430,0
1505871355,21886002,1.19698,89.37920,0
1505871355,21886001,1.19698,89.37920,0
1505871354,21886000,1.19698,89.37920,0
1505871354,21885999,1.19698,89.37920,0
1505871354,21885998,1.19698,89.37920,0
1505871354,21885997,1.19698,89.37920,0
1505871354,21885996,1.19698,89.37920,0
1505871353,21885995,1.19698,89.37920,0
1505871353,21885994,1.19698,89.37920,0
1505871353,21885993,1.19698,89.37920,0
1505871353,21885992,1.19698,89.37920,0
1505871353,21885991,1.19698,89.37920,0
1505871352,21885990,1.19698,89.37920,0
1505871352,21885989,1.19698,89.37920,0
1505871352,21885988,1.19698,89.37920,0
1505871352,21885987,1.19697,89.37920,0
1505871352,21885986,1.19697,89.37920,0
1505871351,21885985,1.19697,89.37920,0
1505871351,21885984,1.19697,89.37920,0
1505871351,21885983,1.19697,89.37920,0
1505871351,21885982,1.19697,89.37920,0
1505871350,21885981,1.19697,89.37920,0
1505871204,21885935,1.19697,754.46000,0
1505870722,21885817,1.19698,158.26910,0
1505870719,21885807,1.19599,0.21076,0
1505870715,21885798,1.19599,203.50149,0
1505870712,21885790,1.19599,604.20064,0
1505870711,21885789,1.19599,192.08711,0
1505870710,21885787,1.19599,9.43289,0
1505870709,21885782,1.19599,198.89519,0
1505870626,21885759,1.19599,79.91000,0
1505870612,21885754,1.19599,234.74275,0
1505870557,21885716,1.19599,741.87190,0
1505870456,21885679,1.19599,99.53259,0
1505870289,21885637,1.19599,50.81000,0
1505869967,21885570,1.19599,235.26724,0
1505869958,21885565,1.19599,235.03214,0
1505869957,21885563,1.19599,234.65000,0
1505869957,21885561,1.19599,81.23758,0
1505869880,21885548,1.19599,243.82740,0
1505869587,21885480,1.19599,246.68490,0
1505869587,21885479,1.19599,246.68490,0
1505869587,21885478,1.19599,246.68490,0
1505869404,21885447,1.19599,355.45260,0
1505869383,21885443,1.19599,50.53000,0
1505869378,21885438,1.19599,49.94000,0
1505869374,21885435,1.19599,49.64000,0
1505869371,21885433,1.19599,49.64000,0
1505869352,21885425,1.19599,48.49000,0
1505869350,21885423,1.19599,48.49000,0
1505869347,21885420,1.19599,48.49000,0
1505869347,21885419,1.19599,48.49000,0
1505869166,21885373,1.19599,4527.40480,0
1505869139,21885370,1.19227,7.53250,1
1505869139,21885369,1.19227,36.45750,1
1505868454,21885238,1.19467,36.70604,1
1505867795,21885117,1.19599,4903.71756,0
1505865978,21884640,1.19227,630.84903,0
1505865975,21884626,1.19227,50.50220,1
1505865975,21884621,1.19227,490.00000,1
1505865975,21884617,1.19228,37.87665,1
1505865975,21884612,1.19229,1070.00000,1
1505865975,21884606,1.19230,25.25110,1
1505865828,21884547,1.19700,167.51834,0
1505865828,21884546,1.19699,460.00000,0
1505865828,21884545,1.19398,100.47706,0
1505865779,21884536,1.19226,179.13371,1
1505865779,21884535,1.19227,9.51705,1
1505865779,21884534,1.19227,13.39313,1
1505865779,21884533,1.19234,6.28850,1
1505865746,21884505,1.19393,6.34470,1
1505865737,21884490,1.19391,32.23429,1
1505865737,21884489,1.19400,0.73829,1
1505865736,21884487,1.19400,98.62353,1
1505865736,21884486,1.19421,0.74377,1
1505865734,21884477,1.19421,148.01006,1
1505865724,21884466,1.19421,514.91344,1
1505865724,21884465,1.19422,6.69656,1
1505865721,21884462,1.19421,521.61000,1
1505865720,21884461,1.19421,521.61000,1
1505865720,21884459,1.19421,1093.77893,1
1505865720,21884457,1.19435,6.69656,1
