date,tid,price,amount,type
1505951985,21939336,43.40,17.11063572,1
1505951949,21939319,43.50,1.43998295,0
1505951921,21939296,43.37,5.84453536,1
1505951890,21939275,43.40,1.27000000,1
1505951888,21939271,43.46,0.90000000,0
1505951883,21939260,43.47,0.97578106,0
1505951879,21939252,43.50,20.00000000,1
1505951879,21939251,43.50,70.14618373,1
1505951878,21939249,43.50,4.79952742,1
1505951878,21939246,43.53,0.22806424,0
1505951877,21939245,43.50,25.05428885,1
1505951877,21939244,43.50,1.96004265,1
1505951876,21939241,43.50,19.80163205,1
1505951873,21939239,43.51,0.75781053,0
1505951872,21939235,43.50,17.67716300,1
1505951870,21939231,43.50,17.65032500,1
1505951870,21939227,43.50,3.19338442,1
1505951868,21939220,43.50,23.22908300,1
1505951868,21939217,43.51,0.28589760,0
1505951866,21939213,43.50,2.42091932,1
1505951865,21939207,43.50,19.78566306,1
1505951865,21939204,43.50,9.28178750,1
1505951864,21939203,43.50,8.43051650,1
1505951864,21939200,43.50,2.41655150,1
1505951863,21939191,43.50,2.41195380,1
1505951862,21939190,43.51,2.57307834,0
1505951861,21939186,43.50,2.40735610,1
1505951860,21939180,43.50,2.40344805,1
1505951859,21939171,43.50,4.15826113,1
1505951857,21939164,43.50,2.40023472,1
1505951856,21939156,43.50,3.31084552,1
1505951850,21939118,43.50,3.61263000,1
1505951849,21939112,43.50,18.44820268,1
1505951849,21939110,43.50,3.00000000,1
1505951849,21939107,43.51,0.00022032,1
1505951848,21939102,43.51,22.27336039,1
1505951847,21939093,43.51,4.45006867,1
1505951846,21939086,43.51,1.73471862,1
1505951845,21939084,43.51,3.49048235,1
1505951843,21939061,43.51,0.50000000,1
1505951840,21939036,43.51,0.30000000,1
1505951836,21939005,43.54,0.35907145,1
1505951830,21938967,43.54,6.32270199,1
1505951803,21938915,43.54,0.50000000,1
1505951786,21938905,43.59,33.28614362,1
1505951776,21938900,43.59,9.32595900,1
1505951753,21938836,43.60,3.00369000,1
1505951705,21938694,43.55,0.50000000,1
1505951664,21938576,43.63,0.50000000,1
1505951571,21938495,43.76,1.92198000,1
1505951543,21938460,43.77,0.50000000,1
1505951537,21938455,43.81,11.10000000,1
1505951482,21938448,43.91,3.07821356,0
1505951480,21938447,43.82,0.50000000,1
1505951423,21938429,43.88,0.50000000,1
1505951138,21938321,43.85,4.93067275,1
1505951135,21938318,43.86,5.86890105,1
1505951127,21938303,43.86,4.41600000,1
1505951126,21938301,43.85,4.41600000,1
1505950707,21938008,43.76,30.00000000,1
1505950697,21938003,43.76,0.50000000,1
1505950635,21937963,43.95,1.87794248,0
1505950631,21937958,43.80,0.10980190,0
1505950497,21937759,43.73,6.07354524,0
1505950492,21937755,43.73,9.00000000,0
1505950486,21937750,43.79,0.00003608,1
1505950482,21937744,43.79,8.99996392,0
1505950477,21937733,43.79,9.00000000,0
1505950457,21937691,43.80,0.98821701,0
1505950433,21937651,43.75,1.38038087,0
1505950433,21937649,43.75,2.47661415,0
1505950433,21937648,43.74,0.86642498,0
1505950432,21937645,43.74,1.13357502,1
1505950423,21937623,43.74,17.17326611,1
1505950414,21937596,43.73,12.30551087,0
1505950413,21937594,43.72,41.06773000,1
1505950413,21937593,43.72,50.00000000,1
1505950413,21937589,43.72,50.00000000,1
1505950413,21937587,43.72,50.00000000,1
1505950412,21937585,43.73,20.32000000,1
1505950412,21937582,43.76,30.61227000,1
1505950411,21937574,43.75,0.82610000,1
1505950411,21937573,43.75,0.82610000,1
1505950411,21937571,43.75,0.82610000,1
1505950411,21937570,43.75,0.00004793,1
1505950408,21937553,43.77,0.82610000,0
1505950408,21937552,43.77,0.82610000,0
1505950407,21937548,43.77,0.82610000,0
1505950407,21937547,43.77,0.82610000,0
1505950406,21937543,43.77,0.82610000,0
1505950406,21937540,43.77,0.82610000,0
1505950406,21937539,43.77,0.82610000,0
1505950405,21937536,43.73,0.82605207,0
1505950403,21937528,43.73,59.71707793,0
1505950403,21937526,43.73,30.45687000,0
1505950395,21937509,43.77,0.00017959,1
1505950394,21937496,43.77,10.07012041,1
1505950393,21937487,43.84,10.99999996,0
1505950393,21937484,43.64,0.00000004,0
1505950392,21937477,43.64,26.62712700,0
1505950392,21937476,43.64,61.28485800,0
1505950389,21937460,43.67,17.53333396,1
1505950389,21937456,43.80,5.55468100,1
1505950382,21937421,43.80,94.44531900,1
1505950382,21937419,43.81,30.55468100,1
1505950189,21937041,43.99,9.00000000,0
1505950180,21937030,44.00,9.00000000,1
1505950173,21937021,44.00,9.00000000,0
1505950168,21937016,43.99,9.00000000,0
1505950166,21937015,44.00,4.43774108,1
1505950166,21937014,44.00,11.46985892,1
1505950157,21937003,44.00,18.00000000,1
1505950106,21936979,44.00,0.53014108,1
1505950106,21936978,44.00,1.00000000,1
1505950105,21936976,44.00,31.90265892,1
1505950079,21936929,44.00,0.45499000,1
1505950054,21936918,44.00,4.00000000,1
1505950054,21936917,44.00,13.64235108,1
1505950054,21936916,44.00,0.35764892,1
1505950054,21936915,44.00,4.00000000,1
1505949947,21936863,44.02,8.34575974,1
1505949943,21936861,44.02,18.00000000,1
1505949922,21936860,44.14,0.00067965,1
1505949921,21936856,44.14,19.99932035,1
1505949797,21936775,44.12,28.13000000,1
1505949797,21936773,44.15,0.00062273,1
1505949795,21936769,44.15,4.66070216,1
1505949690,21936673,44.15,3.87403000,1
1505949685,21936666,44.15,4.66403000,1
1505949665,21936655,44.15,1.95020000,1
1505949663,21936653,44.15,7.64538000,1
1505949663,21936652,44.20,0.15780000,1
1505949388,21936581,44.20,12.54220000,1
1505949160,21936468,44.21,1.41253592,1
1505949160,21936467,44.21,30.09000000,1
1505949160,21936466,44.30,0.00806408,1
1505949001,21936427,44.35,0.63000000,1
1505948996,21936424,44.38,27.74763406,0
1505948726,21936387,44.40,2.26846300,0
1505948630,21936355,44.38,1.87674628,0
1505948627,21936354,44.38,1.15975100,0
1505948113,21936266,44.56,5.81889587,0
1505948112,21936265,44.55,8.19000000,0
1505948112,21936264,44.54,33.01496900,0
1505948010,21936226,44.53,7.84010779,0
1505947762,21936131,44.37,27.72323620,0
1505947762,21936130,44.37,14.69137400,0
1505947743,21936121,44.36,8.71686182,1
1505947730,21936110,44.37,12.67020127,1
1505947729,21936107,44.37,14.68971964,1
1505947718,21936099,44.37,27.72315100,1
1505947536,21936006,44.51,9.33900000,0
1505946490,21935740,44.48,3.74482914,1
1505946424,21935696,44.47,11.00000000,0
1505946424,21935693,44.45,10.33775658,0
1505946422,21935692,44.48,29.88000000,1
1505946346,21935674,44.48,16.61951300,0
1505946345,21935673,44.47,14.32805200,1
1505946303,21935665,44.47,5.00247200,1
1505946249,21935657,44.48,18.00000000,1
1505945161,21935375,44.38,33.90440700,0
1505945155,21935370,44.34,5.82083900,1
1505945155,21935366,44.40,50.00000000,0
1505945155,21935365,44.40,50.00000000,0
1505945149,21935364,44.41,34.36404600,0
1505945092,21935332,44.35,1.16000000,0
1505945053,21935316,44.30,6.43066200,1
1505945023,21935298,44.30,0.55363000,1
1505944859,21935217,44.30,2.93957752,1
1505944614,21935103,44.37,0.39000000,0
1505944590,21935099,44.31,8.99977432,1
1505944035,21934837,44.50,11.66752026,1
1505944026,21934833,44.50,5.00000000,1
1505943842,21934751,44.57,0.11173435,0
1505943463,21934641,44.65,75.94686268,0
1505943463,21934640,44.63,0.70000000,0
1505943462,21934639,44.57,0.27313732,0
1505943462,21934638,44.56,23.08000000,0
1505943435,21934631,44.50,2.03053000,1
1505943326,21934563,44.50,12.00000000,1
1505942843,21934416,44.50,2.07048000,1
1505942842,21934414,44.50,1.89899000,1
1505942633,21934356,44.51,15.53900000,1
1505942126,21934181,44.50,2.00000000,1
1505941326,21933852,44.57,7.00000000,1
1505941275,21933824,44.67,1.61755623,1
1505941181,21933794,44.60,2.51768973,1
1505941170,21933784,44.60,2.31294400,1
1505941049,21933703,44.60,10.42420500,1
1505941026,21933691,44.60,1.03703200,1
1505941025,21933689,44.60,2.63701200,1
1505940883,21933652,44.69,17.65906698,0
1505940883,21933651,44.68,5.85000000,0
1505940883,21933650,44.63,21.49093302,0
1505940764,21933606,44.60,1.07111727,1
1505940255,21933287,44.36,6.28769207,0
1505940254,21933286,44.36,9.22175000,0
1505940250,21933281,44.36,18.00000000,0
1505940249,21933280,44.36,14.99962491,0
1505940247,21933279,44.38,21.49093302,1
1505939435,21932938,44.61,1.79499779,0
1505939435,21932937,44.55,1.20500221,0
1505938910,21932724,44.33,4.98000000,1
1505938900,21932722,44.54,1.63506462,0
1505938776,21932638,44.34,7.48514827,1
1505938765,21932628,44.33,2.71073724,0
1505937867,21932127,44.59,9.51000000,0
1505937818,21932072,44.23,1.80507398,1
1505937818,21932071,44.24,1.09992602,1
1505937818,21932070,44.27,2.50500000,1
1505937818,21932069,44.28,4.08000000,1
1505937817,21932068,44.63,9.14086619,0
1505937815,21932064,44.50,1.75581484,0
1505937775,21932039,44.50,1.12067416,0
1505937720,21931985,44.50,1.24410100,0
1505937719,21931983,44.50,5.87941000,0
1505937115,21931415,44.30,27.00000000,0
1505936757,21930984,44.61,50.05267500,0
1505936663,21930895,44.60,0.15000000,0
1505936555,21930858,44.60,8.54000000,0
1505936553,21930857,44.51,0.00004632,0
1505936552,21930856,44.51,24.46740000,0
1505936550,21930855,44.51,21.49093302,1
1505936550,21930854,44.51,1.85387366,1
1505936549,21930853,44.52,21.18774700,1
1505936544,21930845,44.61,1.00023000,0
1505936438,21930744,44.61,1.84972629,1
1505936074,21930638,44.70,2.16775374,0
1505936074,21930637,44.70,0.00008927,0
1505935731,21930456,44.70,2.68000000,1
1505935357,21930260,44.69,8.13000000,0
1505935343,21930251,44.70,10.00000000,0
1505935285,21930200,44.70,9.62379700,0
1505935285,21930199,44.69,16.99000000,0
1505935285,21930198,44.69,9.66000000,0
1505935226,21930172,44.70,9.06222736,1
1505935223,21930171,44.84,5.00023000,0
1505934704,21929858,44.87,2.22331179,0
1505934624,21929813,44.87,2.23334076,0
1505934263,21929698,44.88,2.10023000,0
1505933817,21929502,44.67,1.97000000,1
1505933807,21929498,44.86,4.02452073,0
1505933675,21929438,44.94,1.98286604,0
1505933491,21929312,44.73,2.16908602,1
1505933314,21929178,44.86,25.00000000,0
1505933119,21929080,44.77,0.02960000,1
1505933119,21929079,44.78,42.35000000,1
1505933084,21929067,44.96,1.79000000,0
1505933083,21929066,44.92,12.21000000,0
1505933047,21928998,44.94,27.14372830,0
1505933047,21928997,44.91,1.84848570,0
1505933046,21928996,44.90,0.00778600,0
1505933042,21928992,44.90,8.00000000,0
1505933042,21928991,44.90,12.00000000,0
1505933031,21928982,44.88,0.49000000,0
1505933030,21928981,44.87,3.01000000,0
1505933030,21928980,44.82,1.50000000,0
1505932962,21928930,44.89,0.20000000,1
1505932960,21928928,44.89,0.80000000,0
1505932912,21928880,44.89,1.00000000,0
1505932898,21928845,44.87,1.77560002,0
1505932898,21928844,44.82,0.22439998,0
1505932894,21928827,44.82,1.62781250,0
1505932894,21928826,44.80,0.17218750,0
1505932893,21928825,44.79,6.20000000,0
1505932550,21928511,44.75,10.80000000,0
1505932486,21928466,44.64,10.00000000,0
1505932441,21928438,44.65,19.46175790,1
1505932337,21928343,44.74,3.34421100,0
1505932193,21928252,44.59,2.41000000,1
1505931989,21928069,44.60,0.40985505,0
1505931918,21928024,44.60,2.00000000,0
1505931917,21928021,44.60,18.66973083,1
1505931916,21928020,44.60,2.40995717,1
1505931893,21927980,44.60,4.00000000,1
1505931879,21927957,44.60,23.56053006,1
1505931879,21927956,44.61,0.59008990,1
1505931878,21927955,44.61,2.40991010,0
1505931877,21927953,44.61,21.02004283,1
1505931876,21927951,44.61,2.40995717,1
1505931709,21927811,44.65,1.00000000,0
1505931702,21927810,44.65,3.00000000,0
1505931701,21927809,44.64,7.81624474,0
1505931690,21927804,44.64,3.00000000,0
1505931685,21927798,44.72,19.00000000,0
1505931671,21927795,44.73,11.00000000,0
1505931565,21927720,44.57,21.57600427,1
1505931549,21927699,44.57,5.99999960,1
1505931548,21927697,44.57,0.00000040,0
1505931547,21927694,44.57,5.08277300,0
1505931540,21927683,44.57,22.22337113,1
1505931540,21927682,44.58,0.00009735,1
1505931516,21927662,44.58,1.99990265,1
1505931480,21927650,44.55,1.00000000,1
1505931460,21927643,44.55,1.00000000,1
1505931376,21927616,44.63,5.43747119,0
1505931312,21927573,44.64,2.17172136,0
1505931234,21927524,44.53,1.00000000,1
1505930971,21927373,44.69,2.00000000,0
1505930967,21927372,44.69,13.00000000,0
1505930848,21927331,44.61,35.62857143,1
1505930668,21927267,44.50,10.98000000,1
1505930612,21927232,44.57,29.75778400,1
1505930612,21927231,44.58,6.67000000,1
1505930599,21927223,44.41,1.33077885,1
1505930590,21927212,44.62,17.14000000,0
1505930411,21927111,44.63,4.46908602,0
1505930008,21926931,44.65,2.18768197,0
1505929671,21926743,44.32,19.99365710,1
1505929670,21926742,44.37,61.00000000,1
1505929670,21926741,44.50,10.00000000,1
1505929670,21926739,44.51,20.00000000,1
1505929668,21926738,44.52,2.46000000,0
1505929668,21926737,44.52,31.24000000,1
1505929481,21926624,44.61,31.30777852,0
1505928905,21926323,44.60,1.78377000,1
1505928850,21926299,44.69,0.66950101,0
1505928811,21926275,44.65,1.00000000,1
1505928741,21926257,44.60,0.99500000,1
1505928740,21926255,44.60,2.22123000,1
1505928738,21926254,44.61,1.00000000,1
1505928719,21926236,44.78,0.11121036,0
1505928341,21926002,44.66,2.19818965,1
1505928119,21925877,44.80,29.82781250,0
1505928119,21925876,44.80,7.99218750,0
1505928114,21925874,44.78,10.69000000,0
1505928114,21925873,44.78,7.00000000,0
1505928110,21925872,44.78,0.31000000,0
1505928110,21925871,44.78,6.69000000,0
1505928109,21925870,44.78,11.00000000,0
1505927465,21925590,44.80,4.00781250,0
1505927373,21925533,44.79,1.00023000,0
1505927083,21925341,44.71,0.00139141,0
1505927079,21925339,44.77,1.99154859,1
1505927076,21925334,44.75,0.66845141,0
1505927020,21925213,44.73,11.44000000,0
1505927018,21925211,44.72,43.67000000,0
1505926905,21925145,44.72,2.00023000,0
1505926888,21925131,44.74,2.66000000,0
1505926819,21925057,44.69,1.90409000,1
1505926810,21925028,44.72,13.60000000,0
1505926798,21924994,44.70,4.79068948,0
1505926787,21924972,44.63,25.49557300,1
1505926787,21924970,44.65,8.82000000,1
1505926787,21924968,44.65,8.85000000,1
1505926787,21924966,44.65,0.01400000,1
1505926761,21924916,44.65,8.81200000,1
1505926759,21924911,44.65,8.86400000,1
1505926517,21924656,44.67,24.27300000,0
1505926499,21924633,44.63,22.85200000,1
1505926484,21924591,44.69,98.56000000,0
1505926462,21924534,44.63,1.41700000,1
1505926423,21924496,44.70,4.46308725,0
1505926366,21924408,44.63,73.74950000,1
1505926366,21924407,44.64,11.31000000,1
1505926350,21924402,44.59,2.32574000,1
1505926308,21924389,44.70,0.87172663,0
1505926087,21924213,44.59,10.54936300,1
1505926086,21924212,44.59,1.33899200,1
1505926081,21924206,44.59,6.69287500,1
1505926058,21924182,44.65,2.66000000,1
1505925666,21923918,44.70,1.87449664,0
1505925553,21923768,44.65,19.78560000,1
1505925528,21923746,44.58,31.83470000,1
1505925217,21923562,44.58,3.00000000,1
1505925118,21923513,44.54,5.18413682,0
1505925117,21923512,44.55,1.85221248,1
1505925117,21923510,44.60,12.01295070,1
1505925113,21923505,44.60,12.94594000,1
1505925113,21923504,44.60,6.10426000,1
1505925089,21923489,44.72,1.55590339,0
1505925087,21923475,44.71,1.88000000,0
1505925072,21923466,44.61,1.88145000,1
1505924993,21923435,44.60,17.87960000,1
1505924980,21923427,44.60,1.01614000,1
1505924910,21923405,44.72,17.51000000,0
1505924910,21923404,44.72,10.70000000,0
1505924910,21923402,44.72,0.94868329,0
1505924802,21923342,44.63,0.04110930,1
1505924802,21923341,44.64,1.84569070,1
1505924594,21923237,44.62,2.15430430,0
1505924592,21923236,44.64,1.84848570,1
1505924142,21922825,44.64,10.70000000,1
1505924141,21922814,44.90,36.33157600,0
1505924141,21922811,44.84,5.00000000,0
1505924139,21922790,44.90,63.69000000,0
1505924139,21922788,44.85,30.00000000,0
1505924139,21922785,44.84,10.31000000,0
1505924081,21922628,44.79,17.06497754,0
1505924074,21922605,44.75,0.36000000,1
1505924052,21922550,44.84,1.40647300,0
1505924051,21922545,44.84,8.45413300,0
1505924051,21922544,44.79,105.32310000,0
1505924028,21922500,44.79,0.67690000,0
1505923971,21922367,44.84,0.67770000,0
1505923946,21922270,44.79,1.39317300,0
1505923930,21922175,44.78,10.45000000,0
1505923927,21922148,44.78,91.55000000,0
1505923927,21922146,44.77,10.45000000,0
1505923926,21922134,44.72,12.41000000,0
1505923881,21922080,44.71,14.42215046,1
1505923873,21922079,44.71,2.47351417,1
1505923873,21922078,44.72,1.29986583,1
1505923794,21922047,44.71,3.10433537,1
1505923780,21922012,44.78,3.25164924,0
1505923744,21921994,44.77,2.00156354,1
1505923618,21921920,44.77,1.96315319,0
1505923605,21921914,44.74,10.84629347,0
1505923465,21921826,44.71,16.51804700,1
1505923464,21921824,44.85,39.05364354,0
1505923463,21921814,44.85,20.38550724,0
1505923462,21921810,44.71,1.59933100,1
1505923460,21921800,44.85,1.59933110,0
1505923458,21921788,44.85,0.91291206,0
1505923458,21921786,44.83,0.12253944,0
1505923457,21921779,44.83,3.86746056,0
1505923453,21921758,44.85,21.54138300,0
1505923453,21921757,44.85,17.38428799,0
1505923453,21921755,44.84,13.87000000,0
1505923453,21921752,44.84,3.89000000,0
1505923452,21921749,44.84,1.85138301,0
1505923431,21921637,44.79,38.11502400,0
1505923431,21921634,44.79,18.68064700,0
1505923430,21921629,44.79,44.20432900,0
1505923430,21921623,44.70,4.00000000,0
1505923386,21921572,44.64,2.03803000,1
1505923383,21921570,44.64,1.85971132,0
1505923302,21921543,44.58,16.29147800,0
1505923299,21921541,44.58,0.83939500,0
1505922886,21921261,44.58,23.00000000,1
1505922885,21921258,44.58,15.35000000,1
1505922885,21921257,44.63,11.31778700,0
1505922885,21921256,44.58,1.91088200,0
1505922885,21921255,44.58,66.24921700,0
1505922884,21921253,44.58,1.85971100,0
1505922884,21921250,44.58,19.39009800,0
1505922884,21921248,44.58,13.34797800,0
1505922883,21921247,44.58,3.07000000,0
1505922883,21921245,44.58,3.17211400,0
1505922883,21921244,44.57,15.35000000,0
1505922882,21921239,44.55,99.93546922,0
1505922882,21921235,44.55,1.51629778,0
1505922880,21921208,44.55,19.97463524,0
1505922879,21921202,44.54,46.89958906,0
1505922850,21921158,44.50,0.24032918,0
1505922285,21920915,44.35,15.00000000,1
1505922248,21920865,44.31,3.74000000,1
1505921991,21920715,44.60,1.18520179,0
1505921887,21920633,44.31,90.32973874,1
1505921887,21920632,44.32,48.32000000,1
1505921886,21920631,44.34,1.49054994,1
1505921886,21920630,44.37,1.85971132,1
1505921886,21920629,44.37,15.00000000,0
1505921881,21920624,44.39,20.00000000,1
1505921881,21920623,44.40,15.00000000,0
1505921879,21920622,44.42,15.00000000,1
1505921438,21920277,44.64,2.12275986,0
1505921293,21920169,44.50,1.01000000,1
1505920959,21920033,44.70,1.88023000,1
1505920957,21920032,44.69,0.12000000,0
1505920692,21919777,44.68,2.18671777,0
1505920671,21919759,44.69,0.21475050,0
1505920671,21919758,44.69,0.12000000,0
1505920383,21919564,44.60,7.00000000,0
1505920361,21919530,44.61,49.00000000,0
1505920341,21919508,44.63,15.00000000,0
1505920339,21919506,44.63,0.17000000,0
1505920339,21919505,44.62,15.83000000,0
1505920231,21919373,44.64,15.83000000,1
1505920230,21919369,44.58,44.30843600,1
1505920230,21919367,44.58,35.62839000,1
1505920230,21919363,44.58,1.06317400,1
1505920229,21919362,44.63,0.57000000,1
1505920228,21919361,44.63,37.43000000,0
1505920161,21919291,44.51,11.25864500,1
1505920155,21919276,44.51,1.85138300,1
1505920154,21919275,44.51,0.04978499,1
1505920154,21919274,44.51,2.54000000,1
1505920154,21919273,44.57,1.85138301,1
1505920153,21919270,44.58,33.44455200,0
1505920123,21919242,44.62,0.00000019,1
1505920121,21919241,44.62,1.59231200,1
1505920083,21919224,44.67,4.15800000,0
1505920067,21919219,44.62,20.84100000,1
1505919898,21919097,44.72,0.00381932,1
1505919897,21919095,44.72,15.61000000,0
1505919887,21919093,44.72,2.23054562,0
1505919756,21919024,44.73,83.81600000,0
1505919756,21919023,44.72,15.54000000,0
1505919751,21919015,44.71,20.49661553,0
1505919721,21918997,44.71,0.11138447,0
1505919714,21918978,44.64,1.10000000,1
1505919710,21918969,44.62,2.56668781,1
1505919512,21918800,44.75,15.00000000,0
1505919434,21918752,44.69,0.12000000,0
1505919418,21918731,44.69,0.12000000,0
1505919245,21918601,44.69,0.12000000,0
1505919142,21918552,44.70,0.20000000,1
1505919141,21918550,44.70,1.55962500,1
1505919140,21918549,44.70,1.55962500,1
1505919137,21918547,44.71,1.50000000,1
1505919137,21918541,44.71,48.00049000,1
1505919136,21918540,44.71,0.20000000,1
1505919134,21918537,44.71,0.20000000,1
1505919132,21918535,44.71,1.49951000,1
1505919089,21918496,44.70,1.00000000,1
1505919046,21918452,44.72,38.99538200,1
1505919041,21918449,44.72,5.91086800,1
1505919033,21918418,44.66,22.00000000,1
1505919029,21918415,44.72,33.08913200,1
1505918893,21918340,44.76,1.87455000,0
1505918820,21918306,44.75,28.98618358,1
1505918794,21918283,44.75,33.66381200,1
1505918601,21918090,44.76,3.98936900,1
1505918543,21917980,44.84,5.53424985,0
1505918515,21917949,44.85,0.55585284,0
1505918411,21917876,44.87,1.00000000,0
1505918403,21917867,44.75,1.45202100,1
1505918353,21917824,44.96,12.79287970,0
1505918353,21917823,44.95,31.25159400,1
1505918351,21917819,44.95,20.53000000,0
1505918313,21917783,44.96,12.74114022,0
1505918312,21917782,44.96,31.63185800,0
1505918230,21917694,44.94,10.00000000,1
1505918224,21917687,45.10,1.56115299,0
1505918224,21917685,45.09,0.12000000,0
1505918199,21917658,44.89,33.26887789,1
1505918199,21917657,44.91,1.83739478,1
1505918199,21917656,44.97,0.60000000,1
1505918197,21917654,45.00,1.83372733,1
1505918149,21917631,45.01,1.58921902,1
1505918139,21917625,45.01,0.24410172,1
1505918116,21917601,45.09,0.88000000,0
1505918116,21917599,45.09,0.12000000,0
1505918012,21917519,45.09,0.12000000,0
1505917752,21917223,45.15,1.82764733,1
1505917681,21917174,45.44,6.46698943,0
1505917680,21917173,45.39,0.12000000,0
1505917680,21917171,45.29,0.12000000,0
1505917680,21917170,45.19,6.71294345,0
1505917678,21917169,45.18,0.12000000,0
1505917548,21917081,45.19,1.84133657,0
1505917540,21917071,45.19,1.40201814,0
1505917540,21917070,45.18,0.12000000,0
1505917436,21917008,45.19,0.04370184,1
1505917379,21916960,45.19,4.33954500,1
1505917345,21916947,45.19,17.69000000,0
1505917121,21916780,45.29,10.00000000,0
1505917117,21916773,45.25,2.48662962,1
1505917031,21916651,45.00,7.63199225,0
1505917031,21916650,45.06,2.45000000,1
1505917030,21916649,45.19,1.17000000,1
1505917030,21916648,45.19,22.89086600,0
1505917030,21916647,45.20,0.98714175,1
1505917028,21916644,45.24,5.87000000,1
1505916830,21916187,45.23,1.00000000,0
1505916808,21916157,45.25,10.00000000,0
1505916805,21916147,45.25,6.81000000,0
1505916805,21916145,45.25,1.19000000,0
1505916788,21916058,45.26,8.00000000,0
1505916785,21916040,45.20,0.83848787,1
1505916784,21916038,45.27,1.82281979,0
1505916780,21916020,45.29,0.52340239,1
1505916779,21916014,45.29,0.12000000,0
1505916779,21916013,45.29,1.83291433,0
1505916779,21916011,45.27,1.83368328,0
1505916778,21916009,45.26,0.45000000,0
1505916778,21916005,45.19,0.12000000,0
1505916778,21916003,45.09,0.12000000,0
1505916773,21915962,45.08,1.84133780,0
1505916770,21915946,45.00,2.18803705,0
1505916769,21915938,45.00,4.00000000,0
1505916760,21915885,44.97,0.58000000,1
1505916757,21915877,45.00,1.15266667,0
1505916757,21915876,45.00,2.65929628,0
1505916756,21915875,45.00,1.00000000,0
1505916756,21915874,45.00,6.10538672,0
1505916753,21915861,45.00,1.83368328,0
1505916753,21915858,45.00,1.85866667,0
1505916752,21915854,45.00,0.20226333,0
1505916752,21915851,44.99,0.12000000,0
1505916752,21915849,44.98,2.67907000,0
1505916751,21915842,44.98,1.80093000,0
1505916751,21915841,44.97,0.90000000,0
1505916751,21915839,44.97,1.77907000,0
1505916749,21915829,44.94,0.49721924,0
1505916748,21915828,44.94,1.35000000,0
1505916748,21915826,44.94,0.00000367,0
1505916742,21915794,44.90,0.55027371,1
1505916741,21915788,44.89,0.12000000,0
1505916741,21915787,44.88,1.84972629,0
1505916647,21915522,44.75,19.00394164,0
1505916647,21915521,44.70,5.32000000,0
1505916618,21915451,44.73,51.53697700,0
1505916611,21915432,44.65,7.09184716,0
1505916580,21915368,44.65,18.95098900,0
1505916580,21915366,44.64,52.04901100,0
1505916136,21914711,44.68,2.61000000,1
1505916045,21914566,44.83,30.07090000,0
1505916039,21914550,44.84,6.15069000,0
1505916037,21914542,44.83,30.07584207,0
1505915941,21914293,44.81,0.90108900,1
1505915940,21914290,44.81,1.97000000,0
1505915940,21914289,44.80,37.12891100,0
1505915930,21914248,44.80,11.00000000,0
1505915892,21914028,44.70,1.77907000,1
1505915891,21914023,44.80,66.00000000,0
1505915887,21913977,44.74,3.00000000,1
1505915880,21913930,44.80,3.00000000,1
1505915879,21913928,44.80,87.66025200,1
1505915877,21913920,44.80,1.88384000,1
1505915873,21913910,44.80,3.00000000,1
1505915867,21913897,44.79,3.00000000,1
1505915860,21913879,44.74,3.00000000,1
1505915842,21913817,44.80,35.62857143,0
1505915831,21913790,44.68,22.00000000,1
1505915831,21913788,44.68,50.00000000,1
1505915779,21913528,44.68,0.49721924,1
1505915760,21913464,44.68,1.35000000,1
1505915758,21913456,44.68,0.00000367,0
1505915746,21913404,44.68,0.68472633,1
1505915745,21913397,44.68,1.85803967,0
1505915745,21913393,44.62,1.86051100,0
1505915744,21913391,44.61,39.59672300,0
1505915722,21913317,44.52,5.76442000,1
1505915579,21913017,44.29,24.93682004,0
1505915570,21913007,44.27,1.33149000,1
1505914950,21912562,44.28,1.51100000,0
1505914949,21912561,44.26,18.48900000,0
1505914797,21912422,44.25,4.05762712,0
1505914288,21912270,44.16,1.45674819,0
1505914231,21912252,44.12,1.00135993,0
1505914225,21912247,44.12,3.64338000,0
1505914225,21912246,44.10,0.43000000,0
1505914222,21912245,44.10,2.57000000,1
1505914198,21912226,44.16,1.00000000,0
1505914159,21912198,44.11,1.00000000,1
1505913989,21912109,44.29,0.45044028,0
1505913904,21912085,44.30,11.25846501,0
1505913711,21912002,44.29,5.96680289,0
1505913710,21912001,44.29,3.07000000,0
1505913281,21911763,44.12,2.16445394,0
1505913225,21911739,44.35,1.00023000,0
1505913090,21911685,44.11,0.78000000,1
1505913040,21911666,44.13,0.00038308,0
1505913039,21911665,44.14,4.25347113,0
1505913038,21911664,44.14,0.74614579,1
1505913000,21911648,44.36,1.14066727,0
1505912849,21911591,44.25,1.46892677,1
1505912839,21911582,44.25,8.53107323,1
1505911586,21910819,44.45,0.11203600,0
1505911233,21910577,44.46,8.35780000,1
1505911207,21910565,44.47,3.48355600,1
1505911204,21910564,44.48,1.50000000,1
1505911203,21910563,44.48,2.32981500,1
1505911145,21910531,44.47,0.22981970,1
1505911097,21910496,44.60,15.67102803,0
1505911094,21910486,44.51,0.56115703,1
1505911091,21910483,44.42,10.28893000,1
1505911088,21910479,44.42,0.94281586,1
1505911088,21910478,44.51,0.62350782,1
1505911087,21910470,44.56,1.86306366,0
1505911086,21910465,44.51,0.62200000,0
1505911057,21910420,44.48,9.30852300,1
1505911055,21910417,44.48,1.85929300,1
1505911054,21910415,44.49,104.01887500,0
1505911054,21910414,44.48,33.14000000,0
1505911052,21910404,44.47,11.17510595,1
1505911050,21910397,44.48,3.78217821,0
1505911050,21910396,44.47,11.17510595,0
1505911044,21910366,44.47,5.47489405,0
1505910944,21910309,44.40,26.32213100,1
1505910944,21910308,44.48,22.62000000,1
1505910923,21910283,44.51,9.00000000,1
1505910917,21910278,44.47,33.67632400,1
1505910912,21910271,44.41,10.36841000,1
1505910901,21910242,44.41,11.96194550,1
1505910901,21910240,44.41,1.85803967,1
1505910900,21910231,44.52,7.77780616,0
1505910897,21910223,44.52,32.81109613,0
1505910896,21910214,44.52,59.45934411,0
1505910894,21910209,44.52,13.25224618,0
1505910893,21910203,44.52,22.89083557,0
1505910888,21910168,44.53,9.09839400,0
1505910886,21910167,44.53,1.86326300,0
1505910884,21910159,44.35,48.09000000,1
1505910883,21910154,44.50,8.49999500,1
1505910883,21910152,44.54,4.63160099,0
1505910883,21910150,44.50,5.00000000,0
1505910883,21910149,44.50,3.50000000,0
1505910883,21910147,44.46,0.59839401,0
1505910882,21910143,44.46,1.26845551,0
1505910882,21910141,44.42,0.59838849,0
1505910879,21910123,44.42,1.27014858,0
1505910875,21910106,44.33,3.61875160,1
1505910875,21910105,44.40,5.42967940,1
1505910874,21910096,44.34,1.26622860,0
1505910870,21910093,44.36,0.17078843,1
1505910868,21910091,44.36,38.19900000,0
1505910865,21910086,44.33,1.53709582,1
1505910858,21910072,44.32,9.00000000,1
1505910854,21910064,44.30,11.95490000,0
1505910854,21910062,44.25,4.22196600,1
1505910853,21910061,44.29,1.86306366,1
1505910851,21910057,44.40,14.12999500,0
1505910851,21910055,44.40,1.86853200,0
1505910851,21910054,44.40,1.86684400,0
1505910851,21910053,44.40,2.82999500,0
1505910851,21910052,44.40,7.87797200,0
1505910843,21910015,44.26,9.00000000,0
1505910786,21909943,44.21,0.26069800,1
1505910782,21909933,44.39,43.93512052,0
1505910781,21909931,44.38,32.72531400,1
1505910780,21909930,44.38,28.53000000,0
1505910780,21909928,44.21,2.34628200,1
1505910776,21909921,44.16,1.86722995,0
1505910776,21909920,44.16,0.73792741,0
1505910774,21909909,44.15,1.88000800,0
1505910773,21909907,44.14,0.74497989,0
1505910687,21909798,44.08,5.76992004,0
1505910686,21909796,44.08,9.46133156,0
1505910685,21909791,44.08,1.56669691,0
1505910545,21909700,43.91,17.11000000,1
1505910498,21909650,43.89,1.88000800,1
1505910487,21909639,43.99,0.50000000,0
1505910395,21909500,43.91,1.00000000,1
1505910321,21909440,43.97,2.26859222,0
1505909735,21909091,43.96,0.11328480,0
1505909640,21909057,43.95,0.40357735,1
1505909477,21909001,43.98,12.86157100,0
1505909475,21909000,43.99,1.10353000,0
1505909474,21908998,44.00,3.00023000,0
1505909305,21908852,44.06,8.08363500,0
1505909304,21908846,44.01,14.65623550,0
1505909304,21908844,44.01,3.57376450,0
1505909304,21908842,44.00,1.09957750,0
1505908991,21908665,43.97,14.42824653,0
1505908841,21908566,44.08,43.01961000,1
1505908734,21908516,44.11,0.11312628,0
1505908331,21908424,44.15,2.75089236,0
1505908288,21908399,44.08,4.55971000,0
1505908010,21908108,44.15,6.77802945,0
1505907969,21908028,44.16,1.12930254,0
1505907911,21907971,44.13,0.65482834,0
1505906956,21907555,43.97,2.16445394,0
1505906748,21907392,43.82,9.99900000,1
1505906523,21907248,44.06,4.67907399,0
1505906523,21907247,44.05,39.77401800,1
1505906523,21907246,44.05,23.78522300,1
1505906523,21907245,44.05,6.13689200,1
1505906523,21907244,44.05,5.16079700,1
1505906522,21907243,43.95,7.25310900,1
1505906522,21907242,43.95,9.78997900,1
1505906520,21907241,43.95,17.02500000,0
1505904987,21906209,43.86,5.36752500,0
1505904642,21906049,43.54,3.17729801,1
1505904640,21906045,43.61,1.00000000,1
1505904496,21905994,43.82,0.00025405,1
1505904479,21905985,43.83,16.93000000,0
1505904477,21905983,43.83,31.29660051,0
1505904475,21905982,43.82,9.40369695,1
1505904446,21905961,43.82,27.13042800,1
1505904441,21905958,43.82,4.06167000,1
1505904432,21905950,43.82,7.24869100,1
1505904432,21905949,43.82,2.15526000,1
1505904323,21905903,43.84,1.00023000,0
1505904286,21905808,43.63,8.06000000,1
1505904103,21905724,43.70,15.00000000,1
1505903974,21905685,44.03,33.20213490,0
1505903974,21905684,44.02,31.14000000,1
1505903973,21905683,43.96,2.40000000,0
1505903973,21905682,43.96,12.00000000,0
1505903973,21905681,43.85,9.97500000,0
1505903971,21905680,43.71,0.99930048,0
1505903971,21905679,43.71,0.99860096,0
1505903758,21905571,43.69,12.06763271,0
1505903651,21905501,43.58,15.00000000,1
1505903613,21905491,43.61,13.18137300,1
1505903613,21905490,43.61,1.00000000,1
1505903613,21905489,43.65,1.00000000,1
1505902966,21905183,43.63,7.81551823,0
1505902957,21905180,43.62,11.26442298,1
1505902943,21905167,43.63,8.48509031,1
1505902940,21905163,43.63,8.29000000,0
1505902836,21905064,43.68,9.48694918,1
1505902827,21905062,43.71,0.00069952,1
1505902822,21905058,43.71,0.99930048,1
1505902708,21904988,43.81,1.00000000,1
1505902104,21904202,43.97,0.22674551,0
1505901860,21904141,43.99,2.00000000,0
1505901678,21904035,43.98,23.66079719,0
1505901677,21904034,43.98,0.00004365,1
1505901661,21904026,44.01,0.61190638,0
1505901643,21904017,43.98,1.99995635,1
1505901495,21903873,43.91,1.00000000,1
1505901307,21903757,44.01,1.00000000,1
1505901039,21903590,44.10,2.00294785,0
1505900783,21903374,44.16,1.86853707,1
1505900775,21903363,44.40,2.31711496,1
1505900774,21903361,44.25,2.18327900,1
1505900472,21903143,44.14,2.03511554,1
1505900470,21903142,44.13,5.43838614,0
1505900417,21903111,44.18,2.03191489,0
1505900415,21903109,44.10,0.00009907,0
1505899964,21902856,44.10,14.15477600,1
1505899794,21902782,44.10,5.84522400,1
1505899440,21902599,44.29,0.11266652,0
1505899363,21902571,44.15,0.42187668,0
1505899331,21902549,44.15,1.53522000,0
1505899329,21902548,44.15,1.64085000,0
1505899310,21902531,44.15,0.25023000,0
1505899296,21902524,44.14,5.01676484,0
1505899169,21902410,44.08,1.13135209,0
1505899093,21902360,44.15,5.13182332,0
1505899091,21902359,44.05,6.18000000,0
1505899036,21902342,43.91,1.00000000,1
1505898982,21902317,44.04,0.35923000,0
1505898887,21902255,44.11,16.77250602,1
1505898886,21902254,44.11,51.61221400,0
1505898780,21902088,44.15,0.11302378,0
1505898730,21902029,44.06,9.00000000,0
1505898707,21902016,44.06,0.56581934,0
1505898588,21901952,44.21,0.11287039,0
1505898535,21901939,44.14,0.11304939,0
1505898372,21901839,44.09,10.00000000,0
1505898337,21901826,44.09,10.00000000,0
1505898250,21901748,44.17,14.08423000,0
1505898237,21901738,44.10,10.00000000,0
1505898100,21901549,44.15,11.29671574,0
1505898027,21901468,44.01,1.00000000,1
1505898007,21901323,44.17,0.11294703,0
1505897910,21901262,43.92,7.77393865,1
1505897853,21901245,44.17,2.43440000,1
1505897757,21901187,43.99,0.00006866,0
1505897756,21901184,43.99,29.50300000,1
1505897753,21901177,44.00,10.90000000,0
1505897751,21901169,44.00,47.83000000,1
1505897747,21901163,44.01,14.99982400,0
1505897733,21901143,43.98,18.50545202,1
1505897733,21901142,44.01,0.00454798,1
1505897732,21901141,44.01,0.99545202,1
1505897732,21901138,44.03,0.00454798,1
1505897731,21901136,44.03,6.49687770,1
1505897693,21901069,44.03,14.98950734,1
1505897466,21900910,44.25,0.26375602,0
1505897164,21900695,44.18,1.01561439,0
1505896937,21900600,44.13,1.00023000,0
1505896793,21900549,44.16,3.73923939,0
1505896497,21900418,44.46,19.34265856,1
1505896497,21900417,44.46,2.49000000,1
1505896497,21900416,44.20,10.00000000,0
1505896496,21900415,44.17,3.20000000,0
1505896496,21900414,44.17,9.00000000,1
1505896496,21900413,44.06,15.99000000,0
1505896494,21900412,44.05,52.92753300,0
1505896452,21900391,44.01,10.00000000,0
1505896370,21900372,44.01,11.33833220,0
1505896324,21900339,44.01,2.26653033,0
1505896184,21900228,44.01,0.11338332,0
1505895970,21900087,43.93,31.17937629,1
1505895725,21899948,44.01,0.11338332,0
1505895716,21899943,43.74,1.50000000,1
1505895612,21899869,43.81,1.00000000,1
1505895612,21899867,43.91,1.00000000,1
1505895439,21899784,44.20,0.11289593,0
1505895414,21899776,44.11,0.11312628,0
1505895375,21899764,44.00,0.62200000,1
1505895372,21899763,44.01,1.00000000,1
1505895353,21899754,44.21,0.11287039,0
1505895333,21899752,44.01,1.00000000,1
1505894816,21899467,44.27,0.11271742,0
1505894671,21899396,44.22,0.09994416,0
1505894670,21899394,44.21,19.10404886,1
1505894669,21899393,44.21,19.02000000,0
1505894669,21899392,44.21,6.90111400,0
1505894416,21899178,44.34,0.11253947,0
1505894371,21899160,44.28,0.11269196,0
1505894369,21899157,44.13,0.00000032,0
1505894325,21899133,44.13,2.16737100,0
1505894254,21899098,44.13,0.69300000,1
1505894249,21899097,44.13,25.23000000,1
1505894107,21899012,44.34,0.18246913,1
1505894104,21899009,44.33,1.09868683,0
1505894104,21899008,44.32,56.22585500,0
1505894036,21898984,44.39,4.49425546,0
1505893954,21898903,44.42,0.11233679,0
1505893921,21898891,44.39,0.11241271,0
1505893723,21898813,44.26,0.21035516,0
1505893704,21898797,44.26,1.89319644,0
1505893666,21898768,44.26,1.80000000,0
1505893577,21898701,44.26,2.00023000,0
1505893474,21898669,44.25,11.27231638,0
1505893343,21898630,44.26,0.22548577,0
1505893232,21898529,44.25,0.22553672,0
1505893223,21898524,44.21,25.00000000,0
1505892958,21898392,44.22,2.00000000,0
1505892743,21898183,44.27,0.22543483,0
1505892702,21898169,44.07,17.36000000,1
1505892697,21898167,44.07,0.82000000,0
1505892696,21898166,44.07,18.18000000,1
1505892696,21898165,44.07,20.00000000,1
1505892542,21898116,44.18,0.70031687,1
1505892541,21898113,44.18,0.42915348,0
1505892535,21898109,44.18,1.12947035,0
1505892526,21898105,44.18,1.12947034,0
1505892470,21898080,44.18,23.31190583,0
1505892429,21898059,44.11,0.50000000,0
1505892424,21898056,44.11,2.26139197,0
1505892423,21898054,44.11,9.52223400,0
1505892422,21898053,44.11,17.03260000,0
1505892420,21898052,44.11,4.95965800,0
1505892420,21898050,44.10,10.67000000,0
1505892416,21898048,44.11,20.99251870,0
1505892403,21898039,44.10,6.23384200,0
1505892403,21898038,44.10,76.76615800,0
1505892377,21898035,44.16,10.03509963,0
1505892352,21897999,44.05,0.22674551,1
1505892302,21897987,44.16,1.01630435,0
1505892255,21897972,44.22,1.12844867,0
1505892225,21897964,44.21,1.12870391,0
1505892112,21897889,44.20,0.73058823,0
1505892091,21897878,44.20,1.12895928,0
1505892057,21897849,44.17,7.07470000,0
1505891937,21897769,44.16,0.70752000,1
1505891776,21897639,44.27,0.45064378,0
1505891740,21897624,44.28,0.50000000,0
1505891576,21897527,44.33,10.00000000,0
1505891477,21897436,44.39,3.69915269,0
1505891475,21897435,44.29,18.18000000,0
1505891413,21897404,44.32,20.00023000,0
1505891256,21897313,44.35,2.80383314,0
1505891254,21897310,44.34,0.30000000,0
1505891177,21897274,44.16,1.99248000,1
1505891023,21897190,44.40,0.90000000,0
1505890935,21897046,44.39,9.00000000,0
1505890919,21897027,44.40,0.50000000,0
1505890918,21897026,44.40,2.70000000,0
1505890885,21896989,44.29,1.18710958,0
1505890885,21896988,44.29,8.90447642,0
1505890878,21896974,44.29,0.50000000,0
1505890808,21896925,44.20,0.50000000,0
1505890783,21896891,44.15,3.00000000,0
1505890770,21896869,44.20,0.50000000,1
1505890750,21896862,44.00,3.50000000,0
1505890749,21896861,44.01,1.00000000,1
1505890728,21896849,44.26,0.50000000,0
1505890710,21896834,44.24,3.00000000,0
1505890707,21896832,44.23,9.51000000,0
1505890687,21896817,44.27,0.50000000,0
1505890679,21896810,44.25,10.90000000,0
1505890679,21896808,44.20,1.86684952,1
1505890673,21896790,44.29,0.00001021,1
1505890672,21896789,44.29,9.40450000,1
1505890670,21896785,44.29,0.59548979,1
1505890633,21896731,44.37,0.50000000,0
1505890592,21896663,44.35,0.50000000,0
1505890551,21896627,44.26,0.50000000,0
1505890535,21896615,44.38,14.66448850,1
1505890534,21896613,44.31,60.00000000,1
1505890533,21896611,44.31,10.34000000,0
1505890510,21896598,44.25,0.50000000,0
1505890504,21896577,44.26,3.00000000,0
1505890491,21896575,44.27,3.00000000,0
1505890478,21896574,44.29,3.00000000,0
1505890469,21896570,44.29,0.50000000,0
1505890469,21896569,44.29,3.00000000,0
1505890448,21896566,44.31,1.50697008,0
1505890448,21896565,44.30,1.49302992,0
1505890436,21896559,44.37,3.00000000,0
1505890289,21896439,44.40,48.24887387,0
1505890284,21896437,44.40,0.50000000,0
1505890243,21896382,44.41,0.50000000,0
1505890187,21896344,44.44,0.50000000,0
1505890175,21896342,44.46,0.11223572,0
1505890168,21896335,44.27,6.12926718,1
1505890136,21896306,44.45,3.00000000,1
1505890121,21896295,44.31,0.50000000,0
1505890118,21896292,44.31,1.12615662,0
1505890087,21896284,44.31,1.16313000,0
1505890085,21896281,44.31,1.16306000,0
1505890080,21896279,44.31,0.50000000,0
1505890022,21896250,44.38,44.97521406,0
1505889987,21896214,44.32,45.03610108,0
1505889978,21896211,44.41,14.60483224,1
1505889978,21896210,44.41,18.18000000,0
1505889978,21896209,44.41,12.16000000,0
1505889962,21896197,44.36,1.86051100,0
1505889959,21896192,44.37,1.24881676,0
1505889958,21896191,44.32,1.00153703,0
1505889955,21896189,44.32,0.87136732,0
1505889949,21896178,44.31,60.00000000,0
1505889943,21896168,44.27,1.87489264,0
1505889943,21896167,44.26,60.00000000,0
1505889922,21896142,44.26,6.29450971,0
1505889881,21896059,44.26,1.76253954,0
1505889855,21896025,44.18,77.55314200,1
1505889846,21896007,44.16,3.10000000,0
1505889837,21896001,44.12,53.96403800,1
1505889736,21895951,44.11,0.94944457,0
1505889679,21895922,43.96,7.84645957,1
1505889679,21895921,44.08,0.00000043,1
1505889657,21895908,44.08,8.56948900,1
1505889643,21895894,44.08,17.06700000,1
1505889632,21895890,44.08,0.40612400,1
1505889606,21895866,44.09,18.18000000,1
1505889585,21895847,44.08,11.33043000,1
1505889585,21895846,44.08,14.51395700,1
1505889577,21895835,44.08,41.13475200,1
1505889574,21895833,44.08,43.86392700,1
1505889574,21895832,44.08,3.83393400,1
1505889573,21895829,44.08,51.88700000,0
1505889573,21895828,44.06,48.65400000,0
1505889471,21895714,44.02,6.07337574,0
1505889366,21895586,43.95,2.23530000,0
1505889325,21895526,44.00,6.10000000,0
1505889233,21895438,43.91,2.72000000,1
1505889233,21895437,43.93,10.00000000,1
1505889092,21895357,44.02,25.79600000,0
1505889083,21895351,44.01,1.87489264,1
1505889080,21895350,44.02,36.72530000,0
1505889077,21895347,44.03,1.87290435,0
1505889074,21895345,44.10,25.57315571,1
1505889074,21895344,44.10,5.43484200,1
1505889074,21895343,44.10,2.71368000,1
1505889074,21895342,44.10,12.23000000,1
1505889074,21895341,44.11,47.77000000,1
1505889072,21895338,44.05,0.81443387,0
1505889072,21895337,44.05,1.00000000,0
1505889072,21895336,44.05,0.07000000,0
1505889071,21895335,44.02,1.88588842,0
1505889071,21895334,44.00,10.32000000,0
1505889028,21895328,44.00,10.08210000,0
1505888956,21895302,44.01,1.00023000,0
1505888829,21895213,43.98,0.50000000,0
1505888825,21895204,43.98,5.04787000,0
1505888568,21895060,44.00,11.82000000,1
1505888567,21895058,44.00,10.00000000,0
1505888567,21895057,43.98,18.18000000,0
1505888567,21895056,43.97,60.00000000,0
1505888538,21895029,43.97,0.22674551,0
1505888499,21895003,43.99,22.67788134,0
1505888396,21894905,43.78,14.00000000,0
1505888053,21894694,43.49,5.00000000,1
1505887873,21894593,43.68,1.00023000,0
1505887719,21894549,43.70,0.00000045,1
1505887643,21894443,43.70,22.77322632,1
1505887519,21894378,43.70,2.22677323,1
1505887305,21894315,43.71,14.00000000,1
1505887163,21894235,43.94,6.12926718,0
1505886832,21894093,43.74,4.76460905,0
1505886812,21894082,43.53,0.92971216,0
1505886557,21894010,43.52,0.81114890,1
1505886556,21894009,43.52,1.94000000,0
1505886548,21894003,43.44,9.69000000,0
1505886393,21893839,43.40,19.68710187,0
1505886393,21893838,43.39,5.31289813,0
1505886256,21893751,43.22,4.00000000,1
1505886133,21893707,43.49,12.75000000,0
1505886027,21893618,43.38,5.99605000,1
1505885986,21893593,43.53,2.12221456,0
1505885929,21893533,43.42,3.04544000,1
1505885569,21893120,43.10,9.00394164,1
1505885475,21893089,43.18,1.38605836,1
1505885475,21893088,43.18,0.21000000,1
1505885421,21893074,43.31,8.98222120,0
1505885073,21892917,43.18,9.79000000,1
1505884879,21892844,43.26,3.08760980,0
1505884813,21892794,43.05,2.47102667,1
1505884464,21892683,43.02,5.50000000,1
1505884462,21892681,43.05,0.50000000,1
1505883812,21892384,43.20,3.00000000,1
1505883698,21892314,43.30,3.00000000,1
1505883698,21892313,43.30,50.00000000,1
1505883179,21892048,43.33,13.17000000,1
1505883050,21892008,43.30,3.00000000,1
1505883012,21891994,43.46,15.13516136,0
1505882846,21891856,43.35,0.60305024,1
1505882840,21891851,43.35,6.03050240,1
1505882385,21891497,43.56,58.35215794,1
1505882385,21891496,43.55,77.70075400,0
1505882385,21891495,43.54,3.34000000,0
1505882384,21891493,43.53,14.00000000,1
1505882384,21891490,43.19,16.71000000,0
1505882382,21891484,43.18,57.38772300,0
1505882245,21891355,43.36,22.96799447,0
1505882174,21891318,43.31,22.37497114,0
1505882158,21891311,43.35,45.86206897,0
1505881960,21891204,43.69,1.88588842,0
1505881956,21891203,43.01,1.92413715,0
1505881933,21891185,42.99,3.67225704,1
1505881905,21891156,43.00,3.56405996,0
1505881886,21891131,43.00,2.63000000,0
1505881842,21891058,42.85,0.25935927,0
1505881648,21890848,42.89,5.81487526,0
1505881513,21890695,42.79,29.47890000,0
1505881512,21890694,42.79,0.00358000,0
1505881512,21890693,42.78,5.12000000,0
1505881448,21890626,42.96,47.57140000,1
1505881445,21890615,42.96,0.00870000,1
1505881443,21890604,42.92,12.43000000,0
1505881435,21890587,42.97,0.04200000,1
1505881434,21890586,42.97,60.00000000,0
1505881427,21890560,42.95,13.26000000,1
1505881426,21890558,42.95,0.76000000,0
1505881425,21890556,42.94,14.02000000,0
1505881423,21890555,42.95,14.02000000,0
1505881423,21890553,42.91,14.02000000,0
1505881422,21890552,42.75,14.00000000,1
1505881412,21890527,42.95,9.59552000,0
1505881351,21890387,42.91,6.07478000,0
1505881326,21890311,42.93,2.60432607,0
1505881326,21890310,42.92,19.26317393,0
1505881325,21890308,42.94,19.27664568,0
1505881325,21890307,42.90,0.00005432,0
1505881279,21890281,42.63,38.20487856,0
1505881279,21890279,42.63,14.55000000,0
1505881278,21890278,42.66,5.17965071,1
1505881278,21890277,42.76,3.62500000,1
1505881276,21890272,42.77,1.92413715,1
1505881262,21890246,42.90,2.44563310,1
1505881220,21890203,42.90,0.50000000,1
1505881198,21890174,42.90,2.05436690,1
1505881198,21890171,42.99,2.00000000,1
1505881108,21890082,43.00,1.73518604,1
1505881108,21890081,43.00,2.00000000,1
1505881108,21890080,43.00,1.00000000,1
1505881107,21890078,43.00,0.50000000,1
1505881107,21890077,43.00,10.00000000,1
1505881107,21890075,43.00,41.08781438,1
1505881107,21890074,43.00,21.42924600,1
1505881105,21890063,43.00,5.97000000,1
1505881104,21890060,43.00,20.00000000,1
1505881103,21890059,43.00,26.51293962,1
1505881103,21890058,43.00,7.13258895,1
1505881103,21890056,43.00,11.12237143,1
1505881103,21890055,43.00,12.60000000,1
1505881103,21890054,43.00,2.00000000,1
1505881103,21890052,43.00,1.00000000,1
1505881103,21890051,43.00,1.95510000,1
1505881103,21890050,43.00,1.00000000,1
1505881100,21890040,43.04,8.65217450,1
1505881071,21890011,43.04,1.00000000,1
1505880973,21889966,43.04,0.34782550,1
1505880973,21889965,43.05,0.20000000,1
1505880973,21889963,43.05,0.45217450,1
1505880952,21889927,43.05,7.50000000,1
1505880946,21889910,43.05,0.28872500,1
1505880943,21889900,43.05,4.96399536,1
1505880933,21889882,43.05,1.00000000,1
1505880889,21889831,43.05,0.63900000,1
1505880880,21889810,43.05,15.15610514,1
1505880880,21889808,43.05,2.17020905,1
1505880823,21889722,43.05,15.00000000,1
1505880795,21889694,43.05,12.77979095,1
1505880680,21889505,43.15,1.00000000,1
1505880662,21889470,43.20,1.12557400,1
1505880640,21889437,43.20,8.75000000,1
1505880592,21889397,43.20,17.65673900,1
1505880563,21889363,43.20,10.46768700,1
1505880563,21889362,43.20,31.66551000,1
1505880396,21889220,43.20,0.15449000,1
1505880200,21889118,43.20,18.18000000,1
1505880197,21889115,43.21,5.15023081,1
1505880196,21889112,43.21,5.92976919,0
1505880185,21889100,43.21,12.25000000,1
1505880185,21889099,43.33,0.00023081,1
1505880163,21889070,43.33,4.61550889,1
1505880157,21889049,43.34,0.00537840,1
1505880122,21889001,43.34,7.68322085,1
1505880112,21888981,43.34,11.42479375,1
1505880089,21888957,43.34,0.28866070,1
1505880083,21888953,43.34,2.59794630,1
1505880078,21888952,43.34,9.00000000,1
1505880072,21888949,43.34,9.00000000,1
1505879821,21888890,43.41,5.87086400,0
1505879694,21888867,43.43,0.86000483,1
1505879610,21888847,43.43,1.13999517,1
1505879442,21888766,43.52,2.38559000,0
1505879390,21888736,43.49,10.00000000,1
1505879387,21888734,43.52,4.10654000,0
1505879386,21888731,43.52,7.40143000,0
1505879374,21888703,43.55,3.31783200,0
1505879373,21888702,43.52,0.79058800,0
1505879362,21888685,43.50,10.00000000,1
1505879361,21888684,43.50,50.00000000,1
1505879352,21888673,43.60,1.24022935,1
1505879352,21888672,43.60,50.00000000,1
1505879351,21888671,43.60,48.75977065,1
1505879351,21888670,43.60,1.24022935,1
1505879351,21888667,43.60,50.00000000,1
1505879350,21888661,43.60,48.75977065,1
1505879350,21888659,43.60,1.24022935,1
1505879346,21888657,43.60,2.49977065,1
1505879123,21888556,43.60,9.90000000,1
1505879116,21888550,43.60,18.18000000,1
1505879115,21888549,43.60,18.18000000,1
1505877909,21888310,43.61,2.00000000,1
1505877904,21888307,43.61,1.09999500,1
1505877893,21888305,43.77,9.11583276,0
1505877755,21888274,43.70,0.41726227,1
1505877754,21888273,43.70,46.84934532,1
1505877754,21888272,43.70,3.15065468,1
1505877754,21888271,43.70,44.04606500,1
1505877754,21888270,43.71,5.95393500,1
1505877753,21888269,43.71,50.00000000,1
1505877753,21888268,43.71,14.29606500,1
1505877753,21888267,43.72,4.00000000,1
1505877658,21888259,43.73,18.64674428,1
1505877536,21888228,43.73,3.47576200,1
1505877299,21888177,43.73,4.00000000,1
1505877109,21888141,43.73,0.50000000,1
1505877016,21888099,43.75,2.78000000,1
1505877009,21888096,43.77,18.18000000,1
1505877008,21888095,43.78,18.18000000,0
1505877007,21888094,43.77,18.18000000,1
1505877002,21888089,43.78,19.24000000,0
1505875860,21887686,43.88,1.90586000,0
1505875667,21887599,43.76,18.18000000,1
1505874174,21887302,44.04,23.39270000,0
1505873892,21887200,44.00,0.80454545,0
1505873815,21887149,43.90,9.46378132,1
1505873808,21887142,43.89,19.19413913,0
1505873622,21887055,43.91,4.11777000,1
1505873608,21887048,43.85,23.60775444,0
1505873378,21886941,43.83,2.00000000,0
1505873338,21886921,43.86,2.00000000,1
1505873050,21886749,43.71,12.51000000,0
1505873050,21886748,43.71,5.66000000,0
1505873049,21886745,43.71,8.34000000,0
1505873049,21886744,43.71,9.83000000,0
1505873048,21886743,43.71,4.17000000,0
1505873048,21886742,43.71,14.00000000,0
1505873046,21886741,43.74,14.00000000,1
1505872998,21886720,43.70,0.25000000,1
1505872992,21886708,43.70,3.16911000,1
1505872990,21886705,43.70,16.44692700,1
1505872964,21886695,43.70,3.71348000,1
1505872959,21886691,43.70,13.95200000,1
1505872944,21886683,43.70,6.46105500,1
1505872920,21886671,43.70,0.25000000,1
1505872907,21886669,43.70,0.50000000,1
1505872890,21886665,43.70,0.25000000,1
1505872884,21886664,43.70,7.81070832,1
1505872883,21886661,43.70,11.71811861,1
1505872880,21886659,43.70,0.24988541,1
1505872880,21886658,43.72,0.00011459,1
1505872860,21886620,43.72,3.62488541,1
1505872850,21886613,43.78,5.41298000,0
1505872850,21886612,43.78,0.25000000,0
1505872837,21886604,43.79,1.00000000,1
1505872837,21886603,43.80,2.44563684,1
1505872795,21886525,43.80,1.99159400,1
1505872793,21886524,43.80,17.41732000,1
1505872792,21886522,43.80,26.00000000,1
1505872789,21886520,43.80,1.21125900,1
1505872784,21886515,43.80,2.23437800,1
1505872774,21886506,43.80,30.00000000,1
1505872771,21886502,43.80,18.69981216,1
1505872771,21886501,43.80,0.15577397,1
1505872771,21886500,43.80,4.93331387,1
1505872770,21886498,43.80,0.56668613,1
1505872770,21886497,43.81,0.81443387,1
1505872730,21886470,43.90,4.00000000,1
1505872651,21886406,43.81,1.00000000,1
1505872647,21886404,43.81,0.07000000,0
1505872646,21886403,43.81,6.93000000,1
1505872630,21886398,43.90,89.47000000,1
1505872610,21886383,43.90,10.53000000,1
1505872610,21886382,43.91,7.64000000,1
1505872598,21886376,43.91,1.25962139,0
1505872597,21886374,43.91,8.47000000,1
1505872597,21886373,43.91,8.44000000,1
1505872577,21886367,44.10,8.42954000,0
1505872569,21886365,44.16,0.03920000,0
1505872569,21886364,44.11,56.00000000,0
1505872467,21886298,44.00,135.23825220,0
1505872466,21886295,44.00,30.49364845,0
1505872465,21886294,44.00,2.00000000,1
1505872465,21886293,44.00,1.13352273,1
1505872464,21886292,44.01,7.33682004,1
1505872464,21886291,44.04,40.21775658,1
1505872464,21886290,44.05,9.30000000,1
1505872464,21886289,44.05,17.28000000,1
1505872464,21886288,44.09,1.00000000,1
1505872295,21886253,44.24,3.92168000,0
1505872274,21886238,44.27,10.35960000,0
1505872155,21886197,44.22,1.89827000,0
1505871926,21886118,44.20,8.17000000,0
1505871926,21886117,44.20,10.00000000,1
1505871733,21886060,44.20,6.39583805,0
1505871732,21886058,44.20,2.40000000,1
1505869446,21885465,44.37,2.24814064,0
1505868803,21885320,44.09,55.78906698,1
1505868802,21885319,44.10,2.07000000,1
1505868802,21885317,44.15,10.35000000,1
1505868802,21885316,44.17,21.49093302,1
1505868800,21885315,44.20,10.30000000,1
1505867044,21884973,44.20,1.85706000,1
1505867037,21884970,44.20,3.26468000,1
1505867008,21884966,44.19,0.00750000,1
1505867008,21884964,44.20,10.76000000,1
1505866515,21884820,44.05,5.73445756,1
1505865915,21884571,44.33,3.37514099,0
1505865791,21884539,44.29,0.21988470,0
1505865743,21884501,44.13,1.91000000,1
1505865743,21884500,44.13,35.49100000,1
1505865741,21884496,44.13,39.00000000,1
