date,tid,price,amount,type
1505952042,21939382,51.33,5.20428186,1
1505952020,21939368,51.34,19.26090806,0
1505952010,21939361,51.34,1.10000000,0
1505952006,21939356,51.34,3.04148811,1
1505952006,21939355,51.35,1.10000000,1
1505951986,21939338,51.42,1.92162042,0
1505951983,21939335,51.34,26.00760000,0
1505951983,21939334,51.33,12.16000000,0
1505951891,21939283,51.41,10.85686504,0
1505951891,21939282,51.41,1.26798910,0
1505951890,21939276,51.41,1.26798910,0
1505951888,21939273,51.28,8.01100000,1
1505951888,21939272,51.29,15.00000000,1
1505951887,21939270,51.33,176.98900000,1
1505951886,21939268,51.28,27.81580681,1
1505951886,21939267,51.28,50.00000000,1
1505951886,21939266,51.28,32.97149319,1
1505951886,21939265,51.32,2.21270000,1
1505951884,21939263,51.27,17.02850681,0
1505951883,21939262,51.27,50.00000000,0
1505951882,21939258,51.27,19.81569319,0
1505951881,21939257,51.27,17.15580000,0
1505951880,21939254,51.33,4.77461711,1
1505951879,21939253,51.34,27.05516946,0
1505951878,21939247,51.33,4.77606203,0
1505951876,21939242,51.42,19.80163205,0
1505951873,21939237,51.42,3.18960421,0
1505951873,21939236,51.42,14.48755348,0
1505951871,21939233,51.42,0.68032500,0
1505951871,21939232,51.41,16.97000000,0
1505951870,21939230,51.42,5.61396343,0
1505951870,21939228,51.42,3.19338442,0
1505951869,21939225,51.42,14.42551536,0
1505951868,21939221,51.42,3.18942045,0
1505951867,21939216,51.41,2.42454297,0
1505951866,21939212,51.42,1.22114000,0
1505951866,21939209,51.40,2.42091932,1
1505951865,21939205,51.42,19.78566306,0
1505951863,21939196,51.39,2.41655150,0
1505951862,21939188,51.40,2.41195380,0
1505951861,21939183,51.40,2.40735610,0
1505951859,21939178,51.41,2.40344805,0
1505951858,21939166,51.42,4.15826113,0
1505951856,21939158,51.41,2.40023472,0
1505951854,21939144,51.48,57.35000000,0
1505951853,21939141,51.48,43.54010254,0
1505951853,21939139,51.47,57.46000000,0
1505951849,21939106,50.99,138.12559034,0
1505951848,21939104,50.99,3.61263000,0
1505951847,21939094,50.99,0.20000000,0
1505951847,21939092,50.99,4.81713933,0
1505951847,21939090,50.99,11.10000000,0
1505951845,21939083,50.99,5.22520097,0
1505951845,21939073,51.55,0.20250627,0
1505951843,21939063,50.25,163.08056064,1
1505951843,21939062,50.25,0.20000000,0
1505951843,21939060,50.25,737.89162834,0
1505951843,21939059,50.25,2.66000000,0
1505951843,21939058,50.25,106.00000000,0
1505951843,21939057,50.25,2.48746900,0
1505951843,21939056,50.25,1.00885200,0
1505951842,21939055,50.25,1.00000000,0
1505951842,21939054,50.25,1.11112000,0
1505951842,21939053,50.25,12.46617600,0
1505951842,21939052,50.25,14.05701200,0
1505951842,21939051,50.25,1.41915500,0
1505951842,21939050,50.25,1.00885200,0
1505951842,21939049,50.25,22.01947300,0
1505951842,21939048,50.25,5.51435100,0
1505951842,21939047,50.25,1.41158700,0
1505951841,21939046,50.25,99.00000000,0
1505951841,21939045,50.25,10.28280000,0
1505951841,21939044,50.25,1.11112000,0
1505951841,21939043,50.25,8.29624200,0
1505951841,21939042,50.25,1.00885200,0
1505951841,21939041,50.25,7.80205500,0
1505951841,21939040,50.25,169.70493100,0
1505951841,21939038,50.25,1.11112000,0
1505951841,21939037,50.25,1.11112000,0
1505951840,21939035,50.25,2.41793900,0
1505951840,21939033,50.25,12.94758000,0
1505951840,21939032,50.25,10.02105263,0
1505951840,21939031,50.25,17.20991400,0
1505951838,21939023,50.30,146.77928779,1
1505951838,21939016,50.50,5.71070124,1
1505951838,21939014,50.50,98.00000000,0
1505951837,21939013,50.50,50.70104000,0
1505951837,21939012,50.50,9.93370000,0
1505951837,21939011,50.50,3.01388000,0
1505951837,21939010,50.50,1.25484600,0
1505951837,21939009,50.50,17.87075000,0
1505951837,21939007,50.50,0.11011000,0
1505951836,21939004,50.55,5.00000000,1
1505951836,21939003,50.90,10.00000000,1
1505951836,21939002,50.90,4.76645945,0
1505951836,21939001,50.90,2.31154600,0
1505951835,21939000,50.92,100.00000000,1
1505951835,21938999,51.00,112.00000000,0
1505951835,21938998,51.00,13.87818086,1
1505951835,21938997,51.00,21.20030491,1
1505951835,21938996,51.00,15.44927000,1
1505951834,21938995,51.00,10.00000000,1
1505951834,21938994,51.00,4.12774100,0
1505951834,21938993,51.00,1.11112000,0
1505951834,21938990,51.01,100.00000000,1
1505951833,21938987,51.02,0.20000000,1
1505951833,21938985,51.02,110.00000000,0
1505951833,21938984,51.02,9.80078000,0
1505951833,21938983,51.02,42.15411400,0
1505951833,21938982,51.02,15.30031600,0
1505951833,21938981,51.02,23.34255000,0
1505951833,21938980,51.02,3.48818900,0
1505951833,21938979,51.02,177.70000000,0
1505951833,21938978,51.02,160.74914300,0
1505951832,21938976,51.02,96.93075700,0
1505951832,21938975,51.02,177.70000000,0
1505951832,21938974,51.02,177.70000000,0
1505951832,21938973,51.02,177.70000000,0
1505951832,21938972,51.02,43.45476300,0
1505951832,21938971,51.02,5.51334600,0
1505951832,21938970,51.02,4.33112000,0
1505951831,21938969,51.03,527.77000000,1
1505951830,21938968,51.05,5.00000000,1
1505951830,21938966,51.05,14.32390000,0
1505951830,21938965,51.05,2.41793900,0
1505951830,21938964,51.05,25.15268200,0
1505951830,21938962,51.16,101.00000000,0
1505951829,21938961,51.20,20.00000000,1
1505951829,21938958,51.25,102.00000000,1
1505951829,21938957,51.25,2.45511512,1
1505951829,21938955,51.25,1.60771494,0
1505951828,21938952,51.25,5.84453536,0
1505951828,21938950,51.26,2.63000000,1
1505951828,21938949,51.27,1.01597942,1
1505951827,21938946,51.33,112.00000000,1
1505951827,21938944,51.40,106.00000000,1
1505951827,21938943,51.47,110.00000000,1
1505951826,21938942,51.50,2.40000000,1
1505951826,21938940,51.50,7.00000000,1
1505951826,21938939,51.50,108.00000000,0
1505951826,21938937,51.52,274.15497467,1
1505951825,21938936,51.55,97.00000000,1
1505951825,21938935,51.56,34.09700000,1
1505951825,21938934,51.57,85.00000000,1
1505951825,21938933,51.57,9.32595900,1
1505951824,21938932,51.59,40.10025063,1
1505951789,21938913,51.59,0.00000508,0
1505951788,21938911,51.59,6.70439500,0
1505951787,21938908,51.59,33.29559992,0
1505951762,21938868,51.54,68.98000000,1
1505951761,21938867,51.55,5.00000000,1
1505951761,21938864,51.56,93.00000000,1
1505951760,21938860,51.57,108.00000000,0
1505951759,21938855,51.57,25.02000000,1
1505951754,21938837,51.57,0.00210000,0
1505951702,21938682,51.62,3.00000000,1
1505951682,21938619,51.75,1.10000000,1
1505951619,21938510,52.05,0.82592000,0
1505951619,21938509,51.95,1.10000000,0
1505951467,21938445,51.83,6.29782032,1
1505951467,21938444,51.83,20.03000000,1
1505951467,21938443,51.85,13.67217968,1
1505951442,21938433,52.00,35.75071977,1
1505951430,21938432,52.00,39.99924189,1
1505951377,21938422,52.00,1.10000000,1
1505951373,21938421,52.01,8.41371000,1
1505951370,21938417,52.00,29.98127852,0
1505951370,21938416,52.00,401.29170058,0
1505951369,21938415,51.99,14.30000000,0
1505951369,21938414,51.98,1.10000000,0
1505951362,21938413,51.94,1.10000000,0
1505951355,21938407,51.95,0.10000000,0
1505951344,21938404,51.85,88.32782032,1
1505951314,21938378,51.95,1.00000000,0
1505951235,21938359,52.00,15.70502207,0
1505951235,21938357,51.98,1.10000000,0
1505951230,21938353,52.00,22.09441107,0
1505951230,21938352,51.99,1.10000000,0
1505951157,21938336,52.00,1.10000000,0
1505951130,21938307,52.00,21.90943314,0
1505951130,21938306,51.99,16.99000000,0
1505951130,21938305,51.98,1.10000000,0
1505951113,21938299,52.00,18.94082352,0
1505951112,21938298,52.00,19.95860962,0
1505951112,21938297,51.99,1.10000000,0
1505951099,21938294,52.00,1.10000000,0
1505951077,21938287,52.00,1.10000000,0
1505951071,21938280,52.01,18.68948279,0
1505951024,21938266,51.95,1.10000000,0
1505950984,21938244,51.74,40.00000000,1
1505950552,21937872,51.68,3.05040000,1
1505950502,21937780,51.67,0.15905514,1
1505950502,21937778,51.67,39.29751060,1
1505950502,21937777,51.67,17.17326611,1
1505950502,21937773,51.67,2.47661415,1
1505950488,21937752,51.80,4.98147434,0
1505950484,21937748,51.82,4.02238517,0
1505950438,21937663,51.73,14.32280702,1
1505950418,21937603,51.73,8.00000000,1
1505950412,21937584,51.67,11.57596700,0
1505950411,21937569,51.67,14.78391065,0
1505950410,21937567,51.67,4.13124879,0
1505950409,21937564,51.69,15.00000000,1
1505950401,21937525,51.82,99.75230000,1
1505950398,21937514,51.89,0.63358396,0
1505950394,21937503,51.81,10.07180080,0
1505950394,21937499,51.74,39.99943314,0
1505950393,21937492,51.74,16.26400000,0
1505950387,21937444,51.76,88.32782032,1
1505950387,21937443,51.77,7.52000000,1
1505950387,21937442,51.82,3.00000000,1
1505950380,21937408,51.90,3.36751483,1
1505950375,21937375,51.90,216.00000000,1
1505950328,21937295,52.00,7.40000000,1
1505950328,21937294,52.00,57.07231503,1
1505950274,21937141,52.00,6.92768497,1
1505950274,21937140,52.00,17.35093314,1
1505950233,21937086,52.00,4.99506686,1
1505950233,21937084,52.15,4.08943314,1
1505950230,21937077,52.15,5.00000000,1
1505950224,21937075,52.10,15.71000000,0
1505950223,21937074,52.01,15.20000000,0
1505950212,21937067,52.00,17.65400000,1
1505950202,21937063,52.01,0.68000000,1
1505950201,21937060,52.01,1.61000000,1
1505950200,21937058,52.01,1.61000000,1
1505950199,21937057,52.01,1.61000000,1
1505950198,21937055,52.01,1.61000000,1
1505950197,21937054,52.01,1.61000000,1
1505950196,21937053,52.01,1.61000000,1
1505950195,21937052,52.01,1.61000000,1
1505950194,21937051,52.01,1.61000000,1
1505950193,21937050,52.01,1.61000000,1
1505950192,21937048,52.01,1.61000000,1
1505950191,21937043,52.01,1.61000000,1
1505950190,21937042,52.01,1.61000000,1
1505950189,21937038,52.02,1.61920000,0
1505950170,21937018,52.02,3.00000000,1
1505950063,21936924,52.03,0.20000000,0
1505950063,21936923,52.03,15.00000000,0
1505950056,21936920,52.17,0.16000000,0
1505950003,21936895,52.07,15.20000000,1
1505949966,21936871,52.20,1.53885000,0
1505949964,21936870,52.20,0.17000000,0
1505949875,21936841,52.31,0.67500930,0
1505949842,21936816,52.20,20.00000000,1
1505949821,21936792,52.24,14.02100000,1
1505949782,21936752,52.40,0.16000000,0
1505949463,21936606,52.43,7.13570000,0
1505949429,21936604,52.24,6.93000000,1
1505949419,21936599,52.42,13.04000000,1
1505949370,21936558,52.40,4.40760000,0
1505949305,21936509,52.47,8.57748918,0
1505949240,21936499,52.53,3.48949343,0
1505949180,21936491,52.27,100.00000000,1
1505949179,21936490,52.21,69.76019765,1
1505949178,21936489,52.21,2.71000000,1
1505949178,21936488,52.22,19.60000000,0
1505949178,21936487,52.22,1.91018767,1
1505949178,21936486,52.22,3.00000000,1
1505949178,21936485,52.24,45.94453678,1
1505949177,21936484,52.24,50.41351644,0
1505949177,21936483,52.30,0.19120000,1
1505949177,21936482,52.42,2.45074678,1
1505949176,21936481,52.43,0.14500000,0
1505949176,21936480,52.43,1.10000000,0
1505949176,21936479,52.43,1.57461468,0
1505949171,21936473,52.42,0.54925322,1
1505949171,21936472,52.48,1.09851678,1
1505949169,21936471,52.49,1.10000000,1
1505949159,21936465,52.48,1.01741000,1
1505949159,21936464,52.49,1.10000000,1
1505949141,21936462,52.48,5.88407322,1
1505949141,21936461,52.50,1.02152678,1
1505949141,21936460,52.52,1.10000000,1
1505949098,21936450,52.50,111.34100000,1
1505949098,21936449,52.51,1.10000000,1
1505948995,21936423,52.58,1.10000000,1
1505948144,21936274,52.74,12.70171846,1
1505948117,21936267,52.74,0.93000000,1
1505948097,21936261,52.74,1.10000000,0
1505948026,21936238,52.76,1.10000000,0
1505947932,21936176,52.75,1.10000000,0
1505947750,21936124,52.63,28.31837554,0
1505947750,21936123,52.62,0.82313818,0
1505947742,21936119,52.62,8.71686182,0
1505947738,21936118,52.62,0.19000000,1
1505947733,21936117,52.63,27.07880000,0
1505947731,21936111,52.63,12.67091012,0
1505947729,21936109,52.63,14.69048071,0
1505947719,21936103,52.63,1.10000000,0
1505947717,21936098,52.63,27.72323620,0
1505947715,21936097,52.63,0.77198351,1
1505947702,21936095,52.63,0.32801649,1
1505947323,21935938,52.67,0.32000000,1
1505947270,21935923,52.67,0.10000000,1
1505947129,21935879,52.88,0.09417549,0
1505946505,21935743,52.88,0.11000000,0
1505946279,21935662,52.78,11.54721800,1
1505946279,21935661,52.82,1.10000000,1
1505946213,21935645,53.03,6.47841251,1
1505946211,21935644,52.94,0.18890000,0
1505945677,21935546,52.63,7.01777393,1
1505945626,21935510,52.72,2.08310900,0
1505945624,21935509,52.72,4.16621800,0
1505945621,21935508,52.72,2.08310900,0
1505945314,21935417,52.64,1.00000000,1
1505945155,21935367,52.64,6.73290200,1
1505944723,21935175,52.55,1.10000000,1
1505944709,21935169,52.50,0.81092000,1
1505944709,21935168,52.50,63.35327237,1
1505944708,21935167,52.50,187.86071818,1
1505944708,21935166,52.51,24.29000000,1
1505944708,21935165,52.54,0.84928182,1
1505944693,21935156,52.52,0.25071818,0
1505944689,21935154,52.52,61.64928182,1
1505944688,21935153,52.53,1.10000000,1
1505944668,21935134,52.60,0.20000000,1
1505944666,21935133,52.59,0.90000000,0
1505944663,21935131,52.59,1.10000000,1
1505944577,21935094,52.52,12.33850058,1
1505944577,21935093,52.58,1.10000000,1
1505944493,21935078,52.66,1.10000000,1
1505944365,21934997,52.75,1.00000000,0
1505944022,21934828,52.73,1.10000000,0
1505944015,21934827,52.73,1.10000000,1
1505943934,21934778,52.55,8.90000000,1
1505943934,21934777,52.72,1.10000000,1
1505943412,21934620,52.83,1.10000000,1
1505943407,21934614,52.82,0.00156916,1
1505943405,21934610,52.83,1.10000000,1
1505942930,21934436,52.89,24.81385527,0
1505942282,21934199,52.89,3.77197958,0
1505942069,21934170,52.76,2.23812084,0
1505941999,21934156,52.76,0.11000000,0
1505941750,21934055,52.76,1.10000000,1
1505941328,21933857,52.69,54.66980082,0
1505941327,21933856,52.69,0.27313732,0
1505941326,21933851,52.69,7.00005723,0
1505941324,21933850,52.77,59.50000000,1
1505940824,21933633,52.89,0.12391100,0
1505940765,21933607,52.89,1.07146908,0
1505940696,21933581,52.89,7.81678956,0
1505940623,21933535,52.89,17.17149229,0
1505940592,21933518,52.89,6.57435300,0
1505940561,21933506,52.89,10.22835507,0
1505940561,21933505,52.88,1.10000000,0
1505940535,21933498,52.89,6.78626050,0
1505940533,21933494,52.89,25.82355100,0
1505940533,21933493,52.85,1.10000000,0
1505940533,21933492,52.84,6.29000000,0
1505940330,21933369,52.76,3.39269269,1
1505939798,21933103,52.53,6.29200000,0
1505939798,21933102,52.68,30.26800000,1
1505939797,21933100,52.71,1.10000000,1
1505939747,21933089,52.72,2.24000000,0
1505939730,21933082,52.72,1.10000000,1
1505939350,21932897,52.83,11.94811793,0
1505939350,21932895,52.82,8.25000000,0
1505939127,21932831,52.76,6.78626050,0
1505938829,21932691,52.86,100.00000000,0
1505938637,21932564,52.86,0.16500000,0
1505938577,21932550,52.87,0.10500000,0
1505938529,21932533,52.87,0.17000000,0
1505938488,21932526,52.87,0.17000000,0
1505938467,21932520,52.87,1.28500000,0
1505938467,21932519,52.86,8.73000000,0
1505938461,21932516,52.86,10.00000000,1
1505938459,21932514,52.85,10.00000000,0
1505938456,21932512,52.86,0.17000000,0
1505938445,21932502,52.86,10.00000000,0
1505938443,21932500,52.87,10.01000000,0
1505938442,21932498,52.86,17.76936818,1
1505938434,21932495,52.84,1.10000000,1
1505938395,21932474,52.87,0.16000000,0
1505938387,21932470,52.85,38.89981182,1
1505938385,21932469,52.76,1.10000000,0
1505938232,21932417,52.83,7.00721000,0
1505938216,21932409,52.85,1.19269269,1
1505938188,21932393,52.84,1.10000000,1
1505938180,21932383,52.83,1.10000000,0
1505938132,21932355,52.84,1.10000000,0
1505938008,21932267,52.84,1.10000000,0
1505938005,21932244,52.83,22.45145752,0
1505937990,21932219,52.80,1.10000000,0
1505937980,21932203,52.83,3.03207121,0
1505937909,21932154,52.83,7.11376112,0
1505937907,21932153,52.78,0.42020000,0
1505937890,21932132,52.65,1.00000000,1
1505937823,21932073,52.78,0.67980000,0
1505937751,21932030,52.85,1.10000000,0
1505937730,21932004,52.65,0.00000046,0
1505937718,21931982,52.65,7.12351100,0
1505937694,21931959,52.65,0.70000000,0
1505937691,21931949,52.65,1.42253400,0
1505937617,21931908,52.64,0.69870821,0
1505937530,21931861,52.65,8.15002587,0
1505937455,21931814,52.65,1.90013000,0
1505937339,21931742,52.65,4.60379867,0
1505937331,21931734,52.69,1.10000000,1
1505937317,21931719,52.67,25.00000000,1
1505937191,21931587,52.52,6.00169720,1
1505937191,21931586,52.53,30.24000000,1
1505937191,21931585,52.53,2.77000000,1
1505937084,21931371,52.68,5.72910000,0
1505937084,21931370,52.62,3.18500000,0
1505937060,21931340,52.62,0.19000000,1
1505937060,21931339,52.62,3.00000000,1
1505936976,21931249,52.80,0.11000000,0
1505936901,21931178,52.81,71.64911800,1
1505936870,21931159,52.82,0.10500000,0
1505936862,21931156,52.82,8.06198800,0
1505936855,21931155,52.82,0.18500000,0
1505936855,21931154,52.82,18.98604280,0
1505936853,21931153,52.82,1.10000000,0
1505936837,21931144,52.81,26.90000000,1
1505936835,21931143,52.82,1.10000000,1
1505936808,21931124,52.86,0.00049186,1
1505936782,21931078,52.86,1.09950814,1
1505936781,21931075,52.81,1.45088200,1
1505936779,21931067,52.85,1.10000000,1
1505936706,21930932,52.96,1.00860708,0
1505936701,21930925,52.96,0.10500000,0
1505936696,21930921,52.96,1.10000000,0
1505936690,21930910,52.95,1.10000000,1
1505936647,21930888,53.09,0.16000000,0
1505936530,21930841,53.02,6.02036967,0
1505935975,21930605,53.07,29.82723200,1
1505935875,21930568,53.03,15.19748740,0
1505935731,21930454,52.82,12.17202627,1
1505935731,21930453,52.82,3.00000000,1
1505935730,21930452,52.84,2.59000000,1
1505935730,21930451,52.84,2.68008927,0
1505935730,21930450,52.85,10.72000000,1
1505935730,21930449,52.85,16.30000000,1
1505935730,21930448,53.00,1.10000000,0
1505935728,21930447,53.00,1.10000000,1
1505935569,21930371,53.16,1.05079007,0
1505935423,21930310,52.98,5.73925257,0
1505935390,21930293,52.98,1.10000000,1
1505935150,21930115,53.16,6.80369487,0
1505935078,21930045,53.21,6.83925257,1
1505934769,21929897,53.11,1.09900000,0
1505934151,21929635,53.16,10.00000000,0
1505934014,21929582,53.18,0.37514103,0
1505934011,21929578,52.96,2.78850000,1
1505933916,21929537,52.84,37.35110500,1
1505933916,21929536,52.89,9.59000000,1
1505933916,21929535,52.92,2.43000000,1
1505933916,21929534,52.94,0.18890000,1
1505933916,21929533,52.95,1.00000000,1
1505933916,21929532,53.06,1.10000000,1
1505933905,21929527,53.23,0.25630566,0
1505933760,21929489,53.21,40.00000000,1
1505933592,21929388,53.30,167.97974529,1
1505933583,21929385,53.30,57.33227339,1
1505933543,21929362,53.40,22.69141900,0
1505933492,21929314,53.36,2.16904011,1
1505933375,21929194,53.36,0.48077000,1
1505933341,21929186,53.36,0.37766667,1
1505933341,21929185,53.36,4.00000000,1
1505933290,21929167,53.35,14.96000000,0
1505933284,21929165,53.30,11.15206300,1
1505933210,21929138,53.30,2.85290000,1
1505933193,21929126,53.30,4.00000000,1
1505933191,21929125,53.30,8.08000000,1
1505933189,21929124,53.26,0.18780000,0
1505933189,21929123,53.20,1.10000000,0
1505933176,21929109,53.21,1.00100000,0
1505933134,21929085,53.25,21.80000000,1
1505933066,21929043,53.19,36.70000500,0
1505933064,21929040,53.19,11.71574400,0
1505933064,21929039,53.19,26.95429200,0
1505933061,21929036,53.19,10.41401100,0
1505933059,21929032,53.19,5.61210900,0
1505933049,21929004,53.19,8.60383900,0
1505933041,21928990,53.17,80.00000000,0
1505933040,21928989,53.16,14.50000000,0
1505933040,21928988,53.16,58.42036200,0
1505933029,21928979,53.14,1.10000000,1
1505933020,21928973,53.10,1.10000000,1
1505933019,21928972,53.10,53.43206500,0
1505933018,21928971,53.10,30.36751500,0
1505933015,21928969,53.10,16.00000000,0
1505933010,21928967,53.09,1.10000000,1
1505933005,21928952,53.09,16.00000000,1
1505932972,21928936,53.10,0.20042000,0
1505932912,21928877,53.09,0.90000000,1
1505932911,21928875,53.09,1.10000000,0
1505932902,21928858,53.03,16.00000000,1
1505932894,21928831,53.05,1.10000000,0
1505932838,21928761,52.84,0.21076000,1
1505932827,21928757,52.91,13.00000000,1
1505932826,21928756,53.00,3.00000000,1
1505932441,21928441,53.05,19.46194423,0
1505932144,21928190,53.15,1.06782400,0
1505932050,21928141,53.17,0.89722377,1
1505931931,21928032,53.16,1.05733398,0
1505931920,21928027,53.10,20.00000000,0
1505931920,21928026,53.00,11.00773995,0
1505931916,21928018,53.00,23.48954305,0
1505931914,21928017,53.00,7.50271700,1
1505931880,21927963,53.00,24.16008990,0
1505931876,21927949,53.00,25.83991010,0
1505931801,21927899,53.08,1.00000000,1
1505931745,21927821,53.07,28.00000000,0
1505931717,21927815,53.00,0.79785300,1
1505931566,21927732,53.00,3.95403878,0
1505931565,21927730,53.00,10.11996893,0
1505931564,21927718,53.00,7.50271700,0
1505931551,21927701,53.00,5.08301886,0
1505931541,21927686,53.00,16.81624434,0
1505931539,21927680,53.00,22.22346848,0
1505931531,21927670,53.00,7.50460400,0
1505931522,21927666,53.00,0.11080600,0
1505931517,21927664,53.00,2.00037735,0
1505931475,21927649,53.00,17.56291500,0
1505931431,21927637,53.00,3.15079600,0
1505931420,21927630,53.00,3.76270000,0
1505931377,21927619,53.00,2.33000000,0
1505931376,21927618,53.00,1.83238404,0
1505931376,21927617,53.00,1.72025320,0
1505931375,21927615,53.00,3.76270000,0
1505931352,21927591,53.00,9.69370000,0
1505931322,21927579,53.00,1.07893400,0
1505931321,21927578,53.00,0.73840000,0
1505931320,21927577,53.00,2.19781800,0
1505931277,21927548,52.92,26.53178500,1
1505931276,21927547,52.93,110.00000000,1
1505931276,21927546,52.93,44.67931500,0
1505931276,21927545,52.94,0.18890000,1
1505931274,21927544,53.00,1.10000000,1
1505931274,21927543,53.14,5.39725585,0
1505931274,21927542,53.03,20.83768915,0
1505931274,21927541,53.00,38.90000000,1
1505931273,21927540,53.01,1.10000000,1
1505931259,21927538,53.03,1.10000000,0
1505931250,21927535,53.04,15.00000000,1
1505931250,21927534,53.05,1.10000000,1
1505931223,21927484,53.15,0.16000000,0
1505931168,21927472,53.20,0.41119140,1
1505931125,21927460,53.25,0.40000000,1
1505931122,21927456,53.22,1.10000000,0
1505930920,21927356,53.20,1.13978900,1
1505930290,21927063,53.32,14.56948094,1
1505929573,21926691,53.31,7.70224908,1
1505929240,21926478,53.10,65.35591686,1
1505929227,21926474,53.10,148.90000000,1
1505929227,21926473,53.11,1.10000000,1
1505929219,21926460,53.10,135.00000000,1
1505929219,21926459,53.11,15.00000000,1
1505929213,21926458,53.10,122.86900000,1
1505929213,21926457,53.11,9.39000000,1
1505929213,21926456,53.12,16.64100000,1
1505929213,21926455,53.18,1.10000000,1
1505929084,21926402,53.16,8.90000000,1
1505929082,21926401,53.17,1.10000000,1
1505928860,21926304,53.30,0.60000000,1
1505928859,21926303,53.30,0.50000000,1
1505928824,21926290,53.11,0.94660000,1
1505928824,21926289,53.26,0.00230000,1
1505928824,21926288,53.29,0.00220000,1
1505928764,21926265,53.29,1.09780000,1
1505928756,21926263,53.26,0.18550000,1
1505928756,21926262,53.28,0.00220000,1
1505928748,21926259,53.28,1.09780000,1
1505928713,21926231,53.20,3.48470000,1
1505928713,21926230,53.26,0.18780000,1
1505928713,21926228,53.27,0.00220000,1
1505928711,21926226,53.40,0.18660000,0
1505928701,21926218,53.27,1.09780000,1
1505928398,21926031,53.55,1.10000000,0
1505928116,21925875,53.46,2.47000000,1
1505928037,21925823,53.47,1.21060000,1
1505928027,21925822,53.48,56.00780000,1
1505927368,21925531,53.33,0.83266065,1
1505927368,21925529,53.36,1.54633935,1
1505927361,21925526,53.60,2.37925130,1
1505927361,21925525,53.60,23.00000000,1
1505927360,21925524,53.52,1.10000000,0
1505927218,21925452,53.41,23.00000000,1
1505927120,21925382,53.43,0.99800000,1
1505927109,21925368,53.43,13.84010000,1
1505927109,21925367,53.43,1.10000000,1
1505927052,21925265,53.42,0.49680000,1
1505927052,21925264,53.43,1.10000000,1
1505927034,21925218,53.42,0.45618713,1
1505927034,21925217,53.42,20.00000000,1
1505927003,21925203,53.42,1.09780000,1
1505926898,21925142,53.42,1.85907000,1
1505926787,21924974,53.36,9.43710000,1
1505926784,21924953,53.72,23.24000000,1
1505926783,21924950,53.71,59.51000000,1
1505926783,21924947,53.63,16.15000000,0
1505926781,21924944,53.49,1.10000000,0
1505926775,21924940,53.35,13.54800000,1
1505926775,21924939,53.36,1.10000000,1
1505926727,21924787,53.32,50.67758543,1
1505926727,21924786,53.33,14.73000000,1
1505926726,21924785,53.35,8.40593292,1
1505926726,21924784,53.35,0.03558165,1
1505926719,21924782,53.65,4.69506057,1
1505926719,21924779,53.57,31.20000000,0
1505926719,21924778,53.45,1.55301963,0
1505926717,21924775,53.42,1.10000000,0
1505926670,21924719,53.35,17.76740000,1
1505926529,21924667,53.38,50.31520000,1
1505926524,21924664,53.38,1.10000000,1
1505926521,21924659,53.39,0.89820000,1
1505926517,21924657,53.39,1.10000000,0
1505926489,21924605,53.36,0.89820000,1
1505926483,21924586,53.40,1.10000000,0
1505926408,21924487,53.35,2.04435000,1
1505926306,21924388,53.35,6.00000000,1
1505926262,21924369,53.35,50.00000000,1
1505926025,21924126,53.35,0.32000000,0
1505926020,21924114,53.36,1.10000000,0
1505925754,21923970,53.42,10.00000000,0
1505925728,21923963,53.33,1.00000000,1
1505925720,21923962,53.33,1.00000000,1
1505925711,21923961,53.33,1.00000000,1
1505925703,21923956,53.33,1.00000000,1
1505925694,21923955,53.33,1.00000000,1
1505925682,21923943,53.32,1.00000000,1
1505925669,21923924,53.31,1.00000000,1
1505925656,21923902,53.27,2.00000000,1
1505925648,21923889,53.27,76.38200000,1
1505925637,21923881,53.26,1.00000000,1
1505925625,21923863,53.26,0.10000000,1
1505925617,21923847,53.25,0.10000000,1
1505925598,21923807,53.25,74.78269300,1
1505925597,21923806,53.25,10.17981300,1
1505925585,21923792,53.36,1.10000000,0
1505925560,21923774,53.32,0.10000000,1
1505925551,21923765,53.31,86.21492200,1
1505925543,21923760,53.33,1.10000000,0
1505925538,21923755,53.34,1.10000000,0
1505925511,21923724,53.21,59.78000000,1
1505925484,21923692,53.17,38.69000000,1
1505925467,21923685,53.17,23.97400000,1
1505925456,21923680,53.11,28.85076364,1
1505925456,21923679,53.13,1.55301963,1
1505925456,21923678,53.17,0.06121673,1
1505925446,21923667,53.17,30.46500000,1
1505925249,21923609,53.17,0.99998327,1
1505925249,21923608,53.22,0.00001673,1
1505925231,21923566,53.24,0.81200000,1
1505925221,21923563,53.24,0.18800000,1
1505925213,21923561,53.27,0.81200000,0
1505925211,21923560,53.28,0.28800000,1
1505925211,21923559,53.28,0.61200000,1
1505925210,21923558,53.28,1.10000000,0
1505925168,21923544,53.22,0.38800000,1
1505925164,21923542,53.22,5.52193700,1
1505925158,21923537,53.22,1.00000000,1
1505925147,21923526,53.32,82.68378612,0
1505925146,21923524,53.22,1.00000000,1
1505925128,21923519,53.17,66.94190000,1
1505925116,21923508,53.24,25.40510000,1
1505925106,21923501,53.24,5.60176000,1
1505925104,21923500,53.24,66.94190000,1
1505925097,21923496,53.31,1.10000000,1
1505925093,21923495,53.17,6.53190000,1
1505925093,21923494,53.18,59.51000000,1
1505925093,21923493,53.26,0.90000000,1
1505925090,21923491,53.26,1.10000000,0
1505925088,21923488,54.29,272.47996213,0
1505925088,21923487,54.00,0.35004965,0
1505925088,21923486,54.00,91.20524809,0
1505925088,21923485,54.00,0.72427572,0
1505925088,21923484,53.97,1.23560000,0
1505925088,21923483,53.97,0.10000000,0
1505925088,21923482,53.97,0.20000000,0
1505925088,21923481,53.91,100.00000000,0
1505925088,21923480,53.83,105.00000000,0
1505925088,21923479,53.74,103.00000000,0
1505925088,21923478,53.74,2.47000000,0
1505925087,21923476,53.65,103.00000000,0
1505925087,21923474,53.64,1.54749701,0
1505925087,21923473,53.58,109.00000000,0
1505925087,21923472,53.40,36.36436740,0
1505925087,21923471,53.39,23.03300000,0
1505925087,21923470,53.38,49.19000000,0
1505925087,21923469,53.26,1.10000000,0
1505925079,21923467,53.17,40.86620000,1
1505925003,21923438,53.11,1.00000000,1
1505924974,21923424,53.20,3.37500000,0
1505924749,21923309,53.14,14.97000000,1
1505924716,21923288,53.20,41.62500000,0
1505924710,21923283,53.13,11.10580000,1
1505924699,21923276,53.19,57.89000000,1
1505924691,21923268,53.19,39.98190000,1
1505924690,21923267,53.20,0.01810000,1
1505924688,21923266,53.20,9.05190000,1
1505924676,21923261,53.27,66.94190000,1
1505924664,21923259,53.27,9.96010000,1
1505924654,21923257,53.28,39.96990000,1
1505924654,21923256,53.29,10.01000000,1
1505924504,21923149,53.37,50.00000000,0
1505924341,21923091,53.41,91.78100000,1
1505924332,21923088,53.41,12.21900000,1
1505924323,21923084,53.34,0.15000000,1
1505924323,21923083,53.35,19.81000000,1
1505924314,21923082,53.35,8.98200000,1
1505924307,21923081,53.34,66.94190000,1
1505924255,21923056,53.34,48.42900000,1
1505924220,21923018,53.43,0.03710000,1
1505924220,21923017,53.43,18.51290000,1
1505924201,21923006,53.26,66.94190000,1
1505924119,21922703,53.20,9.03370000,1
1505924119,21922701,53.21,9.60000000,1
1505924117,21922699,53.43,18.67115853,1
1505923998,21922443,53.28,0.12641000,1
1505923811,21922054,53.20,71.07040000,1
1505923810,21922053,53.22,0.00220000,1
1505923800,21922049,53.22,1.09780000,1
1505923736,21921990,53.20,9.93394962,0
1505923736,21921989,53.20,5.93000000,1
1505923736,21921988,53.30,1.00000000,1
1505923299,21921542,53.33,1.10000000,1
1505923291,21921538,53.30,12.74707131,0
1505923290,21921534,53.26,1.10000000,1
1505923285,21921532,53.25,5.95268000,0
1505923285,21921531,53.25,1.10000000,0
1505923172,21921474,53.13,0.23260000,1
1505923113,21921442,53.30,0.23292869,0
1505923111,21921441,53.25,1.10000000,0
1505922935,21921331,53.11,7.82540557,0
1505922923,21921316,53.11,6.56000000,0
1505922909,21921307,53.11,7.25000000,0
1505922896,21921285,53.11,7.53000000,0
1505922889,21921276,53.11,4.99717567,0
1505922888,21921265,53.11,4.98983242,0
1505922553,21921078,53.10,5.84400000,1
1505922546,21921076,53.11,1.10000000,0
1505922538,21921067,53.11,1.10000000,1
1505922519,21921063,53.10,98.90000000,1
1505922519,21921062,53.12,1.10000000,1
1505922498,21921061,53.10,100.00000000,1
1505922484,21921049,53.10,99.99987996,1
1505922484,21921048,53.18,0.00012004,1
1505922455,21921032,53.18,0.58500000,1
1505922130,21920791,53.18,8.04932900,1
1505922026,21920740,53.18,1.36555096,1
1505921739,21920496,53.42,13.84032197,1
1505921738,21920495,53.32,1.10000000,0
1505921587,21920407,53.21,22.60244842,0
1505921586,21920406,53.21,1.10000000,1
1505921344,21920210,53.39,40.91000000,0
1505921344,21920208,53.38,59.09000000,0
1505921082,21920071,53.21,1.10000000,1
1505920819,21919919,53.32,1.54749701,1
1505920818,21919918,53.35,18.48479099,1
1505920796,21919900,53.35,19.79560000,1
1505920787,21919898,53.35,7.00000000,1
1505920780,21919885,53.35,5.82900000,1
1505920752,21919863,53.40,97.88485233,1
1505920737,21919842,53.40,185.00000000,1
1505920722,21919795,53.40,21.32300000,1
1505920705,21919786,53.40,1.16830900,1
1505920669,21919756,53.40,194.00000000,1
1505920666,21919752,53.40,199.00000000,1
1505920618,21919727,53.40,4.82434457,1
1505920587,21919716,53.40,36.92500000,1
1505920496,21919627,53.40,4.41067416,1
1505920444,21919594,53.41,9.75000000,1
1505920358,21919528,53.40,13.94410000,1
1505920309,21919485,53.40,1.06490000,1
1505920269,21919449,53.40,10.96110000,1
1505920259,21919431,53.41,12.21560000,1
1505920154,21919272,53.40,6.12428000,1
1505920139,21919258,53.40,0.64800000,1
1505920134,21919250,53.40,44.92000000,1
1505920099,21919232,53.40,0.80143994,1
1505920037,21919200,53.40,2.00000000,1
1505919900,21919103,53.41,10.21060000,1
1505919875,21919091,53.41,6.03400000,1
1505919862,21919089,53.41,9.98000000,1
1505919729,21919008,53.35,73.66000000,1
1505919720,21918996,53.35,0.00041219,1
1505919720,21918995,53.37,2.91958781,1
1505919706,21918964,53.37,0.00031219,1
1505919706,21918963,53.38,2.56668781,1
1505919696,21918961,53.37,0.00010000,1
1505919696,21918960,53.38,3.60990000,1
1505919539,21918821,53.38,4.99000000,1
1505919358,21918704,53.38,0.90200000,1
1505919358,21918703,53.39,1.10000000,1
1505919357,21918702,53.56,2.91000000,1
1505919349,21918700,53.56,0.99000000,1
1505919343,21918698,53.56,1.10000000,0
1505919327,21918689,53.38,0.49810000,1
1505919137,21918545,53.37,5.00000000,1
1505919137,21918544,53.45,94.00000000,1
1505919125,21918526,53.37,10.04205763,1
1505919125,21918525,53.38,30.72994237,1
1505919117,21918516,53.47,1.50000000,1
1505918906,21918351,53.57,29.08797144,1
1505918877,21918333,53.36,4.23700000,1
1505918866,21918328,53.37,22.06959372,1
1505918866,21918327,53.43,0.00040628,1
1505918857,21918322,53.43,52.35300000,1
1505918847,21918321,53.44,1.33997138,1
1505918847,21918320,53.53,0.00002862,1
1505918826,21918308,53.53,9.67300000,1
1505918819,21918305,53.53,21.90000000,1
1505918818,21918300,53.53,27.97902800,1
1505918742,21918245,53.53,9.99800000,1
1505918704,21918214,53.53,0.34794338,1
1505918470,21917920,53.53,0.29800000,1
1505918462,21917914,53.53,29.80400000,1
1505918459,21917912,53.64,9.74552572,0
1505918457,21917910,53.63,14.31000000,0
1505918402,21917866,53.65,0.00220000,1
1505918399,21917859,53.65,1.09780000,1
1505918395,21917857,53.65,1.10000000,1
1505918383,21917846,53.45,10.77239097,1
1505918383,21917845,53.64,18.87520903,1
1505918381,21917843,53.64,10.83146900,1
1505918285,21917752,53.68,0.40366500,0
1505918283,21917749,53.66,1.09780000,1
1505918274,21917738,53.66,1.09780000,1
1505918264,21917727,53.65,1.23560000,1
1505918258,21917720,53.73,1.10000000,0
1505918256,21917718,53.65,0.10000000,1
1505918254,21917716,53.65,0.20000000,1
1505918252,21917714,53.76,0.10000000,1
1505918249,21917712,53.76,1.00000000,1
1505918247,21917710,53.44,0.86000000,1
1505918247,21917709,53.73,0.14000000,1
1505918243,21917703,53.75,0.10000000,1
1505918243,21917702,53.75,1.00000000,1
1505918236,21917701,53.73,0.96000000,1
1505918236,21917700,53.74,0.04000000,1
1505918226,21917691,53.74,0.30000000,1
1505918216,21917677,53.74,0.76000000,1
1505918206,21917666,53.74,1.10000000,1
1505918195,21917653,53.73,2.41000000,1
1505918195,21917652,53.74,1.10000000,1
1505918186,21917649,53.75,1.10000000,1
1505918172,21917642,53.74,1.10000000,1
1505918102,21917580,53.85,4.36527390,0
1505918078,21917560,53.81,0.10000000,1
1505918066,21917555,53.80,0.10000000,1
1505918056,21917543,53.80,0.90000000,1
1505918048,21917539,53.80,0.10000000,1
1505918039,21917529,53.80,1.00000000,1
1505918029,21917528,53.80,1.10000000,1
1505918020,21917523,53.80,1.10000000,1
1505918010,21917514,53.79,1.10000000,1
1505917970,21917476,53.79,9.98000000,1
1505917957,21917470,53.77,0.99700000,1
1505917935,21917455,53.73,1.49000000,1
1505917933,21917442,54.00,208.74070561,1
1505917928,21917428,54.00,88.26053383,1
1505917927,21917427,54.00,14.52790000,1
1505917916,21917423,54.00,7.66000000,1
1505917916,21917422,54.00,238.00000000,1
1505917907,21917417,54.00,9.16000000,1
1505917904,21917413,54.00,0.80000000,1
1505917894,21917402,54.00,0.80000000,1
1505917894,21917401,54.00,0.39000000,1
1505917893,21917400,54.01,1.10000000,1
1505917883,21917388,54.00,0.80000000,1
1505917880,21917383,54.00,1.50000000,1
1505917872,21917381,54.00,0.80000000,1
1505917861,21917368,54.00,0.80000000,1
1505917860,21917367,54.00,1.00000000,1
1505917850,21917357,54.00,1.00000000,1
1505917833,21917347,54.00,1.00000000,1
1505917825,21917344,54.00,2.99000000,1
1505917810,21917327,54.00,1.00000000,1
1505917799,21917267,54.00,3.09000000,1
1505917789,21917260,54.00,1.00000000,1
1505917779,21917251,54.00,2.99000000,1
1505917768,21917234,54.00,1.49000000,1
1505917760,21917227,54.00,4.49000000,1
1505917733,21917194,54.00,2.00000000,1
1505917724,21917191,54.00,21.96000000,1
1505917714,21917188,54.00,33.39000000,1
1505917703,21917182,54.01,59.09100000,1
1505917693,21917179,54.00,27.80000000,1
1505917688,21917178,54.00,23.96000000,1
1505917684,21917177,54.00,89.84344697,1
1505917684,21917176,54.03,0.09135303,1
1505917676,21917167,54.03,45.79530000,1
1505917666,21917164,54.03,99.80000000,1
1505917656,21917154,54.03,1.00000000,1
1505917654,21917152,54.19,4.24358738,0
1505917648,21917141,54.03,9.98000000,1
1505917637,21917128,54.03,99.80000000,1
1505917619,21917116,54.04,68.83710000,1
1505917609,21917114,54.03,99.80000000,1
1505917601,21917106,54.27,68.63839414,1
1505917601,21917105,54.27,106.00000000,0
1505917600,21917104,54.03,99.80000000,1
1505917590,21917101,54.03,99.80000000,1
1505917581,21917099,54.03,99.80000000,1
1505917572,21917095,54.04,17.13570000,1
1505917563,21917089,54.10,1.20460000,1
1505917546,21917079,54.26,0.12840214,0
1505917546,21917078,54.21,0.00000036,0
1505917544,21917077,54.21,1.83995500,0
1505917544,21917076,54.10,0.31840000,1
1505917541,21917072,54.23,0.31901161,1
1505917540,21917069,54.21,1.52099908,1
1505917535,21917068,54.03,0.10000000,1
1505917524,21917061,54.03,0.10000000,1
1505917516,21917057,54.03,99.80000000,1
1505917506,21917050,54.03,99.80000000,1
1505917497,21917048,54.03,99.76224697,1
1505917497,21917047,54.04,0.03775303,1
1505917488,21917042,54.04,18.94224697,1
1505917488,21917041,54.04,0.03875303,1
1505917478,21917037,54.04,19.45910000,1
1505917469,21917032,54.04,58.27460074,1
1505917469,21917031,54.04,27.72539926,1
1505917457,21917021,54.05,9.00100000,1
1505917448,21917016,54.03,9.00100000,1
1505917436,21917007,54.03,30.69000000,1
1505917433,21916993,54.03,0.10000000,1
1505917427,21916986,54.03,4.98010000,1
1505917425,21916985,54.21,9.01900018,1
1505917418,21916984,54.02,13.96810000,1
1505917405,21916976,54.01,14.74000000,1
1505917396,21916973,54.01,99.80000000,1
1505917384,21916963,54.01,5.97610000,1
1505917383,21916962,54.01,9.97000000,1
1505917375,21916953,54.01,0.50000000,1
1505917365,21916952,54.01,2.00000000,1
1505917357,21916951,54.01,1.00000000,1
1505917336,21916943,54.01,0.50000000,1
1505917327,21916940,54.01,1.00000000,1
1505917314,21916923,54.01,1.00000000,1
1505917302,21916915,54.01,1.00000000,1
1505917283,21916907,54.01,1.00000000,1
1505917274,21916901,54.01,99.80000000,1
1505917264,21916895,54.01,1.00000000,1
1505917246,21916887,54.01,0.50000000,1
1505917237,21916874,54.01,99.80000000,1
1505917228,21916869,54.01,1.00000000,1
1505917218,21916864,54.01,28.90300000,1
1505917209,21916857,54.01,0.50000000,1
1505917184,21916842,54.03,3.61450000,0
1505917183,21916839,54.00,1.00000000,1
1505917170,21916828,54.00,1.00000000,1
1505917161,21916813,54.00,5.03300000,1
1505917152,21916808,54.00,85.29710000,1
1505917142,21916799,54.00,99.80000000,1
1505917129,21916784,54.00,5.84600000,1
1505917120,21916779,54.01,27.05426254,1
1505917120,21916777,54.02,5.84573746,1
1505917111,21916767,54.00,9.78131359,1
1505917111,21916766,54.01,2.48668641,1
1505917101,21916764,54.00,1.00000000,1
1505917091,21916748,53.99,1.00000000,1
1505917074,21916732,53.98,1.97035689,1
1505917073,21916731,53.98,1.52861463,1
1505917073,21916730,54.00,15.00000000,1
1505917073,21916729,54.02,0.00002848,1
1505917063,21916723,54.00,1.74357152,0
1505917060,21916722,54.00,554.94500000,0
1505917058,21916707,54.00,22.24164200,0
1505917050,21916678,54.00,57.64565406,0
1505917050,21916677,54.00,36.36000000,1
1505917050,21916676,54.01,1.52776728,1
1505917050,21916675,54.09,0.52551227,1
1505917042,21916662,54.09,1.00000000,1
1505917033,21916652,54.14,22.53300000,1
1505917023,21916636,54.13,0.25300000,1
1505917023,21916635,54.14,5.47000000,1
1505917015,21916622,54.12,11.08400000,1
1505917006,21916617,54.10,0.00033164,1
1505917006,21916616,54.12,0.52466836,1
1505916986,21916587,54.12,1.00000000,1
1505916976,21916571,54.13,3.52500000,1
1505916964,21916545,54.27,5.80464900,0
1505916963,21916544,54.20,61.00000000,0
1505916959,21916532,54.20,5.08566980,0
1505916955,21916524,54.06,10.00000000,1
1505916953,21916522,54.27,22.71000000,0
1505916947,21916516,54.00,13.25484278,1
1505916946,21916515,54.05,1.52663894,1
1505916946,21916514,54.12,10.00000000,1
1505916946,21916513,54.15,53.69497368,1
1505916946,21916511,54.16,1.52354460,1
1505916937,21916490,54.21,1.52400000,1
1505916937,21916488,54.31,4.06760700,0
1505916937,21916487,54.28,80.83000000,0
1505916936,21916484,54.28,23.17000000,0
1505916928,21916476,54.19,1.50000000,0
1505916928,21916475,54.19,7.32000000,0
1505916928,21916474,54.19,34.08754800,0
1505916927,21916473,54.17,1.00000000,1
1505916922,21916469,54.24,27.59402655,0
1505916921,21916468,54.27,2.40845494,1
1505916921,21916467,54.25,67.89927806,0
1505916911,21916436,54.34,2.01000000,0
1505916907,21916419,54.36,1.82876800,0
1505916907,21916418,54.36,6.46000000,0
1505916907,21916415,54.14,1.00000000,1
1505916898,21916360,54.13,0.99000000,1
1505916888,21916327,54.13,1.00000000,1
1505916879,21916308,54.01,3.70000000,1
1505916870,21916288,54.11,33.00000000,1
1505916858,21916256,54.11,10.00000000,1
1505916849,21916242,54.11,3.57000000,1
1505916847,21916236,54.44,0.47476913,0
1505916847,21916234,54.42,1.45000000,0
1505916847,21916232,54.42,1.52523087,0
1505916847,21916230,54.40,7.25000000,0
1505916840,21916204,54.08,3.57000000,1
1505916827,21916184,53.98,90.00000000,1
1505916817,21916170,53.96,59.51000000,1
1505916816,21916168,54.04,40.49000000,1
1505916807,21916151,54.03,1.60000000,1
1505916799,21916125,54.02,4.51095636,0
1505916799,21916123,54.02,1.51756242,0
1505916798,21916121,54.02,1.52466836,0
1505916798,21916117,54.10,1.52523087,1
1505916798,21916114,54.23,1.52158199,1
1505916797,21916110,54.50,57.34532110,1
1505916796,21916107,54.46,0.05410627,0
1505916796,21916105,54.46,1.47000000,0
1505916796,21916102,54.43,115.00000000,0
1505916795,21916100,54.35,1.52720290,0
1505916795,21916099,54.35,1.52721281,0
1505916795,21916098,54.34,1.52748504,0
1505916794,21916093,54.32,3.00000000,0
1505916794,21916092,54.31,0.29000000,0
1505916794,21916090,54.25,1.52166700,0
1505916787,21916055,53.96,17.10041792,1
1505916787,21916054,54.00,0.45128208,1
1505916786,21916047,54.00,0.38720579,1
1505916786,21916046,54.02,1.52748504,1
1505916786,21916045,54.03,1.52720290,1
1505916786,21916043,54.14,0.05410627,1
1505916785,21916041,54.14,1.47000000,1
1505916783,21916037,54.25,1.52166709,1
1505916783,21916034,54.03,0.00432665,1
1505916782,21916032,54.13,6.17719335,1
1505916778,21916010,54.13,1.53359643,0
1505916778,21916008,54.12,3.00000000,0
1505916778,21916004,54.10,1.53405702,0
1505916778,21916001,54.08,1.53485735,0
1505916778,21915999,54.07,2.25000000,0
1505916777,21915997,54.04,1.53599787,0
1505916777,21915995,54.03,1.53628326,0
1505916777,21915994,54.02,0.07990072,0
1505916777,21915993,54.02,1.45666805,0
1505916777,21915992,54.01,0.07692895,0
1505916776,21915990,54.01,1.45987387,0
1505916776,21915988,54.01,0.57546759,0
1505916776,21915987,54.01,0.96145272,0
1505916776,21915986,54.01,0.00320582,0
1505916775,21915983,54.01,1.53359700,0
1505916774,21915979,54.00,1.52713593,0
1505916774,21915978,54.00,162.58573766,0
1505916774,21915976,54.00,5.31344600,0
1505916774,21915974,54.00,4.61052600,0
1505916774,21915972,54.00,2.26656900,0
1505916774,21915971,54.00,1.53628300,0
1505916773,21915968,54.00,1.53485700,0
1505916773,21915966,54.00,1.53405700,0
1505916773,21915961,54.00,36.36436740,0
1505916773,21915960,54.00,4.61052600,0
1505916772,21915958,54.00,1.94892100,0
1505916772,21915956,54.00,2.26656900,0
1505916772,21915955,54.00,1.53628300,0
1505916772,21915954,54.00,1.53628300,0
1505916772,21915952,54.00,1.53599800,0
1505916772,21915951,54.00,1.53599800,0
1505916772,21915949,54.00,1.53485700,0
1505916771,21915948,54.00,1.53485700,0
1505916771,21915947,54.00,1.53405700,0
1505916770,21915943,53.96,4.00280000,1
1505916770,21915942,53.96,6.18593533,1
1505916769,21915941,54.00,7.43356700,0
1505916769,21915937,54.00,7.25574300,0
1505916769,21915935,54.00,40.00000000,0
1505916769,21915933,53.99,0.91425700,0
1505916769,21915932,53.99,14.04574300,0
1505916764,21915916,54.00,2.00000000,0
1505916764,21915914,54.00,8.81993519,0
1505916764,21915910,54.00,0.17285200,0
1505916763,21915907,53.98,1.36343100,0
1505916763,21915900,53.98,2.26656900,0
1505916761,21915892,53.79,20.42791058,1
1505916761,21915891,53.80,4.25291000,1
1505916761,21915889,53.80,13.59605948,1
1505916760,21915888,53.89,27.66701994,1
1505916758,21915878,54.00,1.52721281,0
1505916756,21915873,53.98,4.48000000,0
1505916755,21915867,53.98,1.53784892,0
1505916755,21915865,53.92,3.00000000,0
1505916754,21915864,53.89,1.54000000,1
1505916754,21915862,53.89,10.68000000,1
1505916753,21915860,53.89,2.74000000,1
1505916753,21915859,53.89,0.99800000,1
1505916752,21915857,53.87,1.54086406,0
1505916752,21915855,53.85,0.07030962,0
1505916752,21915853,53.85,1.47124837,0
1505916752,21915850,53.83,0.00246828,0
1505916751,21915848,53.80,1.54000000,0
1505916751,21915847,53.80,3.00000000,0
1505916751,21915845,53.80,7.68468824,0
1505916750,21915837,53.80,1.37777481,0
1505916750,21915834,53.80,1.36394052,0
1505916748,21915825,53.80,1.53359643,0
1505916748,21915819,53.80,3.00000000,0
1505916745,21915808,53.83,1.53954525,0
1505916745,21915807,53.80,1.54287675,0
1505916744,21915801,53.80,1.54287675,0
1505916744,21915798,53.76,0.00000023,0
1505916739,21915782,53.76,1.54364711,0
1505916739,21915780,53.76,0.00038189,0
1505916737,21915769,53.72,1.54530962,0
1505916737,21915767,53.72,1.46319718,0
1505916732,21915745,53.57,90.00000000,1
1505916724,21915726,53.72,1.53680282,0
1505916724,21915725,53.49,3.19766835,1
1505916724,21915724,53.55,1.54086406,1
1505916724,21915723,53.66,0.57546759,1
1505916713,21915698,53.66,0.05652418,0
1505916712,21915697,53.66,0.17970000,0
1505916712,21915696,53.66,0.34930000,0
1505916712,21915695,53.65,1.54720743,0
1505916712,21915694,53.63,1.54778670,0
1505916712,21915691,53.61,1.31948169,0
1505916702,21915662,53.48,21.87100000,1
1505916693,21915623,53.44,3.27600000,1
1505916684,21915610,53.45,1.10000000,1
1505916667,21915584,53.59,1.90002600,0
1505916666,21915578,53.42,0.00035266,1
1505916666,21915577,53.44,1.54364734,1
1505916655,21915563,53.44,0.00038189,1
1505916655,21915562,53.55,29.27861811,1
1505916647,21915526,53.38,28.85000000,1
1505916608,21915423,53.55,4.90000000,0
1505916608,21915422,53.50,0.10000000,0
1505916421,21915150,53.35,3.15173000,0
1505916416,21915145,53.35,1.87383000,0
1505916252,21914858,53.19,0.36308355,1
1505916252,21914857,53.19,0.73691645,1
1505916251,21914853,53.19,0.25990355,0
1505916251,21914851,53.19,0.73692145,0
1505916244,21914847,53.19,0.10317500,0
1505916227,21914826,53.27,1.15370000,0
1505916227,21914825,53.20,1.10000000,0
1505916214,21914816,53.28,6.39943000,0
1505916214,21914815,53.27,1.10000000,0
1505916210,21914811,53.21,38.37173700,0
1505916182,21914785,53.28,23.90000000,0
1505916181,21914784,53.28,1.10000000,0
1505916167,21914766,53.29,0.11843900,0
1505916166,21914765,53.29,43.85099200,0
1505916166,21914764,53.27,0.19312700,0
1505916162,21914758,53.27,0.90687300,0
1505916146,21914737,53.28,1.10000000,0
1505916136,21914714,53.27,33.31820000,0
1505916128,21914696,53.35,8.41000000,0
1505916118,21914675,53.31,1.54778670,1
1505916118,21914674,53.32,3.27137600,1
1505916114,21914672,53.33,1.54720743,1
1505916036,21914540,53.49,0.97526500,0
1505916012,21914492,53.40,48.76652392,0
1505916012,21914491,53.40,50.00000000,0
1505916010,21914490,53.41,55.92200000,1
1505916010,21914489,53.42,61.15874808,1
1505916009,21914488,53.43,15.00000000,1
1505916005,21914485,53.49,1.10000000,0
1505915957,21914376,53.50,0.99999966,0
1505915957,21914375,53.48,0.10000000,0
1505915954,21914367,53.48,1.00000000,0
1505915945,21914318,53.50,0.24618200,0
1505915945,21914316,53.49,1.10000000,0
1505915908,21914164,53.42,0.07218794,0
1505915908,21914159,53.44,1.02781206,1
1505915905,21914144,53.50,0.82093000,0
1505915900,21914101,53.59,0.00000035,0
1505915900,21914099,53.42,1.10000000,0
1505915899,21914092,53.59,0.99999965,0
1505915899,21914088,53.59,5.60023051,0
1505915899,21914085,53.55,0.74232584,0
1505915890,21914007,53.53,10.80000000,1
1505915889,21913992,53.50,1.10000000,1
1505915888,21913984,53.52,9.47000000,1
1505915886,21913973,53.50,10.80000000,1
1505915883,21913970,53.55,0.26868215,0
1505915883,21913969,53.55,0.23960000,0
1505915883,21913967,53.55,0.11980000,0
1505915883,21913964,53.55,0.17970010,0
1505915882,21913957,53.50,62.00000000,0
1505915882,21913953,53.47,1.55243645,0
1505915881,21913949,53.43,1.53978130,0
1505915881,21913944,53.42,1.10000000,0
1505915878,21913924,53.41,3.56600000,1
1505915873,21913909,53.33,10.80000000,1
1505915872,21913908,53.42,99.10000000,1
1505915871,21913907,53.42,0.90000000,1
1505915870,21913906,53.42,1.10000000,0
1505915868,21913905,53.43,7.13421870,0
1505915868,21913904,53.43,7.92978130,0
1505915868,21913903,53.42,1.10000000,0
1505915854,21913860,53.33,1.00000000,1
1505915853,21913856,53.43,1.00000000,0
1505915846,21913833,53.40,1.00000000,0
1505915846,21913832,53.33,17.37100000,1
1505915840,21913816,53.43,0.49512400,0
1505915840,21913815,53.41,0.50487600,0
1505915836,21913812,53.26,70.62900000,1
1505915827,21913753,53.29,1.44000000,1
1505915820,21913718,53.23,2.59000000,1
1505915813,21913692,53.43,6.23983300,0
1505915812,21913689,53.21,1.44209201,1
1505915812,21913687,53.23,1.01100799,1
1505915812,21913684,53.24,11.98800000,1
1505915811,21913678,53.24,9.38000000,1
1505915805,21913655,53.38,7.29160800,0
1505915803,21913647,53.24,1.00000000,1
1505915800,21913631,53.38,1.29419600,0
1505915800,21913626,53.38,1.00000000,0
1505915787,21913574,53.36,9.75395803,0
1505915786,21913570,53.36,6.16604197,0
1505915785,21913560,53.35,67.71906100,0
1505915784,21913556,53.23,0.23960000,1
1505915776,21913519,53.23,0.11980000,1
1505915773,21913509,53.23,0.17970010,1
1505915773,21913508,53.34,1.01797690,1
1505915765,21913478,53.34,0.17970000,1
1505915756,21913435,53.14,2.20000000,1
1505915743,21913382,53.20,1.56038539,0
1505915723,21913323,52.98,16.39980000,1
1505915723,21913322,53.07,22.17000000,1
1505915715,21913311,53.07,5.15570000,1
1505915706,21913290,53.08,3.06990000,1
1505915703,21913282,53.15,7.27871213,0
1505915695,21913238,53.05,66.46200000,1
1505915686,21913216,52.98,16.41600000,1
1505915674,21913199,52.92,40.00000000,1
1505915665,21913187,52.99,49.84456980,1
1505915665,21913186,53.05,0.15543020,1
1505915665,21913185,53.05,0.00316980,0
1505915665,21913184,53.05,1.84140000,0
1505915656,21913152,52.91,10.00000000,1
1505915646,21913139,52.86,24.92500000,1
1505915638,21913135,52.88,26.56280000,1
1505915630,21913117,53.00,29.47208513,1
1505915629,21913113,53.00,59.58060000,1
1505915621,21913090,53.00,1.69270000,1
1505915617,21913077,53.00,53.69403000,1
1505915611,21913068,53.00,61.63350000,1
1505915610,21913067,53.00,13.66000000,1
1505915609,21913063,53.00,28.53938500,1
1505915608,21913062,53.00,177.70000000,1
1505915607,21913061,53.00,8.26884700,1
1505915604,21913059,53.00,164.72800000,0
1505915604,21913058,52.93,16.23000000,0
1505915604,21913057,52.92,59.79000000,0
1505915601,21913051,52.77,38.23640000,1
1505915583,21913024,52.77,0.96910000,1
1505915575,21913009,52.77,58.34910000,1
1505915566,21913006,52.77,8.36900000,1
1505915458,21912809,52.57,26.03190000,1
1505915440,21912796,52.64,71.91600000,1
1505915377,21912777,52.56,68.56500000,1
1505915377,21912776,52.57,21.43500000,1
1505915259,21912730,52.56,23.16000000,1
1505915259,21912729,52.57,9.03000000,1
1505915242,21912722,52.64,57.81000000,1
1505915233,21912718,52.64,1.98100000,1
1505915224,21912715,52.65,59.78000000,1
1505915217,21912707,52.65,25.99200000,1
1505915210,21912706,52.63,17.04000000,1
1505915206,21912703,52.59,1.00000000,0
1505915184,21912702,52.55,1.40300000,1
1505915078,21912619,52.52,2.88830000,1
1505915067,21912615,52.67,1.99600000,1
1505915058,21912613,52.67,25.97000000,1
1505915046,21912608,52.67,1.97410000,1
1505915039,21912603,52.67,2.97410000,1
1505915030,21912600,52.67,5.57090000,1
1505915020,21912596,52.67,99.80000000,1
1505915010,21912593,52.67,8.88000000,1
1505915010,21912592,52.68,1.10000000,1
1505915001,21912591,52.67,0.34930000,1
1505914995,21912590,52.67,4.67109600,1
1505914994,21912589,52.67,50.50000000,1
1505914992,21912586,52.67,49.90000000,1
1505914990,21912585,52.67,4.65496500,1
1505914985,21912582,52.66,1.10000000,0
1505914985,21912581,52.65,59.75000000,0
1505914574,21912353,52.50,35.13227200,1
1505914351,21912297,52.50,25.32200000,1
1505914287,21912269,52.50,1.40000000,1
1505914239,21912256,52.50,168.99300000,1
1505914228,21912249,52.60,0.00495652,1
1505914198,21912227,52.60,2.58190000,1
1505914182,21912212,52.60,7.00000000,1
1505914180,21912208,52.60,2.00000000,1
1505913789,21912041,52.60,14.94127659,1
1505913584,21911936,52.60,30.22113020,1
1505913584,21911935,52.65,0.00316980,1
1505913584,21911934,52.66,0.00220000,1
1505913537,21911907,52.66,1.09780000,1
1505913530,21911903,52.79,24.95657374,0
1505913505,21911896,52.65,1.84140000,1
1505913218,21911735,52.75,1.10000000,0
1505913112,21911692,52.62,0.30000000,1
1505913026,21911657,52.61,11.95210000,1
1505913004,21911652,52.65,1.99600000,1
1505912996,21911646,52.65,11.29240000,1
1505912983,21911641,52.65,4.29340000,1
1505912835,21911579,52.59,61.88182130,1
1505912835,21911578,52.60,29.38700000,1
1505912835,21911577,52.60,8.53117870,1
1505912826,21911569,52.67,59.84810000,1
1505912813,21911559,52.67,34.50300000,1
1505912804,21911555,52.74,66.94190000,1
1505912797,21911552,52.74,1.59000000,1
1505912790,21911550,52.74,39.95200000,1
1505912782,21911546,52.68,5.12460000,1
1505912782,21911545,52.68,21.78500000,1
1505912782,21911544,52.74,40.03230000,1
1505912772,21911537,52.74,64.27900000,1
1505912772,21911536,52.75,1.10000000,1
1505912764,21911530,52.74,1.56290000,1
1505912755,21911524,52.74,1.56290000,1
1505912748,21911516,52.74,1.56290000,1
1505912737,21911509,52.81,1.10000000,0
1505912730,21911508,52.63,1.09560000,1
1505912730,21911507,52.69,0.00220000,1
1505912718,21911498,52.69,1.09780000,1
1505912709,21911497,52.69,1.09780000,1
1505912700,21911492,52.67,98.70000000,1
1505912700,21911491,52.68,1.10000000,1
1505912642,21911474,52.72,1.09780000,1
1505912616,21911432,52.67,1.09560000,1
1505912616,21911431,52.71,0.00220000,1
1505912603,21911425,52.71,1.09780000,1
1505912594,21911417,52.68,15.19740000,1
1505912593,21911416,52.70,1.10000000,1
1505912583,21911407,52.67,15.66740000,1
1505912583,21911406,52.69,0.64000000,1
1505912572,21911402,52.69,0.46000000,1
1505912558,21911392,52.71,1.10000000,1
1505912547,21911391,52.69,1.10000000,1
1505912535,21911387,52.69,1.10000000,1
1505912525,21911381,52.69,1.10000000,1
1505912515,21911370,52.67,22.94000000,1
1505912515,21911368,52.68,1.10000000,1
1505912503,21911360,52.67,1.10000000,1
1505912483,21911351,52.90,1.10000000,0
1505912464,21911345,52.66,100.00000000,1
1505912406,21911286,52.60,3.22400000,1
1505912406,21911282,52.61,1.10000000,1
1505912361,21911207,52.89,1.10000000,0
1505912317,21911197,52.81,1.38638300,0
1505912301,21911194,52.51,23.26360000,1
1505912301,21911193,52.52,15.87300000,1
1505912300,21911192,52.53,27.80530000,1
1505912285,21911183,52.61,39.19250000,1
1505912276,21911168,52.61,27.74940000,1
1505912241,21911157,52.61,54.45290000,1
1505912239,21911153,52.83,1.00000000,0
1505912230,21911152,52.61,27.74940000,1
1505912192,21911138,52.53,0.13280000,1
1505912183,21911135,52.53,86.06190000,1
1505912182,21911132,52.54,13.93810000,1
1505912172,21911128,52.54,1.06190000,1
1505912155,21911114,52.53,13.10980000,1
1505912151,21911113,52.84,1.00037850,0
1505912146,21911107,52.51,66.94190000,1
1505912133,21911099,52.48,18.86420000,1
1505912133,21911098,52.49,15.00000000,1
1505912132,21911097,52.86,1.56038539,0
1505912130,21911092,52.45,31.78600000,1
1505912129,21911091,52.48,153.21400000,0
1505912128,21911090,52.48,15.00000000,1
1505912122,21911087,52.47,3.16770000,1
1505912108,21911076,52.45,8.72196323,1
1505912108,21911075,52.46,6.15000000,1
1505912108,21911074,52.53,33.93223677,1
1505912095,21911072,52.53,14.97000000,1
1505912087,21911065,52.53,47.02986323,1
1505912087,21911064,52.54,3.81423677,1
1505912087,21911063,52.55,15.00000000,1
1505912076,21911056,52.53,20.97010000,1
1505912076,21911055,52.54,15.21000000,1
1505912076,21911054,52.56,14.66400000,1
1505912076,21911053,52.57,15.00000000,1
1505912061,21911047,52.53,1.09780000,1
1505912060,21911046,52.77,15.21000000,1
1505912059,21911045,52.77,1.10000000,1
1505912047,21911041,52.77,1.09780000,1
1505912037,21911038,52.56,18.37250000,1
1505912037,21911037,52.57,15.21000000,1
1505912037,21911036,52.76,1.10000000,1
1505912024,21911033,52.57,1.09560000,1
1505912024,21911032,52.75,0.00220000,1
1505912015,21911029,52.75,1.09780000,1
1505911993,21911027,52.74,1.10000000,1
1505911929,21911009,52.81,15.28326610,0
1505911828,21910922,52.66,8.58000000,1
1505911816,21910919,52.82,10.00000000,1
1505911812,21910918,52.98,4.99223600,0
1505911726,21910869,52.82,5.81000000,1
1505911726,21910868,52.85,1.10000000,1
1505911703,21910856,52.81,15.00000000,1
1505911455,21910685,52.86,5.48900000,1
1505911397,21910657,52.84,29.90000000,1
1505911397,21910656,52.85,15.00000000,1
1505911390,21910655,52.84,39.67000000,1
1505911389,21910653,52.84,42.25100000,1
1505911381,21910652,52.84,36.93400000,1
1505911370,21910649,52.84,9.98000000,1
1505911360,21910647,52.84,9.98000000,1
1505911346,21910641,52.84,17.85500000,1
1505911335,21910639,52.94,42.15060000,1
1505911322,21910634,52.94,1.20460000,1
1505911314,21910628,52.94,1.20460000,1
1505911306,21910621,52.94,20.27530000,1
1505911306,21910620,53.03,24.00000000,1
1505911294,21910609,53.02,0.34930000,1
1505911281,21910606,53.02,24.22850000,1
1505911273,21910602,53.03,17.38320000,1
1505911272,21910601,53.12,6.30840000,1
1505911257,21910592,53.12,23.69160000,1
1505911252,21910586,53.13,4.61206000,1
1505911249,21910585,53.17,29.29430000,1
1505911245,21910583,53.17,17.30310500,1
1505911240,21910581,53.13,12.78945115,1
1505911240,21910580,53.18,23.73934885,1
1505911232,21910576,53.18,1.07662900,1
1505911227,21910575,53.18,11.78640000,1
1505911219,21910574,53.19,11.78640000,1
1505911218,21910572,53.36,0.28035982,0
1505911209,21910566,53.18,12.85730000,1
1505911201,21910561,53.18,4.54800000,1
1505911197,21910556,53.18,0.25374815,1
1505911195,21910555,53.18,0.99800000,1
1505911186,21910553,53.25,2.45810000,1
1505911181,21910550,53.25,0.62200000,1
1505911172,21910548,53.26,8.80000000,1
1505911157,21910542,53.25,1.10000000,1
1505911156,21910541,53.25,3.38943000,1
1505911141,21910529,53.18,32.03657400,1
1505911141,21910528,53.22,1.10000000,1
1505911131,21910526,53.19,9.44923000,1
1505911131,21910525,53.21,1.10000000,1
1505911122,21910513,53.18,9.98000000,1
1505911114,21910509,53.18,4.72400000,1
1505911114,21910508,53.20,1.10000000,1
1505911100,21910501,53.13,23.54556355,1
1505911100,21910500,53.15,1.55243645,1
1505911099,21910499,53.16,5.90000000,1
1505911097,21910494,53.44,18.69677000,1
1505911097,21910493,53.44,9.44923000,1
1505911096,21910492,53.43,0.62200000,0
1505911096,21910490,53.43,0.62200000,0
1505911096,21910489,53.17,62.48626694,1
1505911096,21910488,53.18,61.72142406,1
1505911087,21910469,53.26,1.54287675,0
1505911086,21910466,53.68,93.45384094,0
1505911086,21910464,53.68,2.57000000,0
1505911086,21910461,53.68,26.13191223,1
1505911086,21910459,53.68,50.00000000,1
1505911086,21910458,53.68,23.23400000,1
1505911086,21910457,53.68,35.77000000,1
1505911085,21910456,53.59,96.63382490,0
1505911085,21910454,53.47,148.32669100,0
1505911085,21910453,53.47,17.91350000,1
1505911084,21910450,53.46,2.05000000,1
1505911084,21910448,53.46,50.00000000,1
1505911084,21910447,53.46,65.06976000,1
1505911083,21910445,53.43,172.90200000,1
1505911083,21910444,53.43,138.91100000,1
1505911083,21910443,53.34,10.26000000,1
1505911081,21910441,53.09,3.52805600,1
1505911080,21910440,53.11,1.10000000,1
1505911075,21910438,53.12,2.00000000,1
1505911066,21910434,53.16,8.22360000,1
1505911062,21910424,53.15,5.59460000,1
1505911059,21910421,53.16,7.44923000,1
1505911052,21910405,53.59,1.53784892,0
1505911051,21910400,53.59,16.82832618,0
1505911050,21910398,53.52,3.00000000,0
1505911050,21910394,53.51,1.55127139,0
1505911050,21910393,53.51,53.92875018,0
1505911049,21910392,53.50,109.00000000,0
1505911049,21910391,53.47,1.55251337,0
1505911049,21910390,53.42,107.00000000,0
1505911049,21910389,53.42,26.09917159,1
1505911048,21910388,53.40,0.00000041,0
1505911048,21910387,53.40,1.55447910,0
1505911048,21910386,53.40,0.11175090,0
1505911048,21910385,53.40,1.44272861,0
1505911048,21910383,53.34,112.00000000,0
1505911047,21910382,53.32,0.00007078,0
1505911047,21910381,53.32,1.55666585,0
1505911047,21910379,53.32,5.25470600,1
1505911047,21910377,53.30,101.00000000,1
1505911047,21910376,53.30,10.20403200,0
1505911046,21910374,53.29,1.55770093,0
1505911046,21910373,53.27,3.33000000,0
1505911046,21910372,53.26,120.00000000,0
1505911045,21910371,53.18,171.30300000,0
1505911045,21910370,53.16,16.65000000,0
1505911045,21910369,53.15,0.50000000,0
1505911044,21910365,53.14,1.09780000,1
1505911043,21910364,53.14,70.13886922,0
1505911023,21910358,52.88,0.64870000,1
1505910999,21910346,52.87,25.75540000,1
1505910988,21910345,52.89,5.35000000,1
1505910979,21910343,52.94,16.05690000,1
1505910966,21910335,53.17,1.03178484,0
1505910962,21910329,53.02,61.99205094,1
1505910962,21910328,53.03,29.50064906,1
1505910953,21910318,52.94,8.42229866,1
1505910953,21910317,52.97,1.55770093,1
1505910953,21910316,53.08,0.00000041,1
1505910951,21910315,53.08,1.55447910,1
1505910951,21910314,53.08,0.11175090,1
1505910944,21910310,53.12,41.67000500,1
1505910942,21910307,53.13,87.69947900,1
1505910941,21910306,53.19,22.53000000,1
1505910929,21910292,53.30,0.24494602,0
1505910923,21910285,53.21,1.54790000,1
1505910905,21910248,53.08,1.44272861,1
1505910905,21910247,53.19,1.55127139,1
1505910899,21910229,53.30,30.11273015,1
1505910897,21910222,53.30,59.45934400,1
1505910897,21910221,53.30,10.20403200,1
1505910896,21910213,53.30,13.25224600,1
1505910894,21910208,53.30,23.16297600,1
1505910891,21910196,53.30,9.09839400,1
1505910888,21910170,53.30,11.66860000,1
1505910888,21910169,53.30,1.86326300,1
1505910885,21910162,53.30,8.22785483,1
1505910884,21910161,53.30,10.20000000,1
1505910884,21910157,53.30,13.72999500,1
1505910883,21910148,53.30,1.86684400,1
1505910882,21910145,53.30,12.28353200,1
1505910882,21910142,53.30,1.27026400,1
1505910882,21910140,53.30,1.79820000,1
1505910881,21910137,53.30,40.78920600,1
1505910881,21910134,53.30,6.95513400,1
1505910880,21910132,53.30,140.64518600,1
1505910880,21910131,53.30,3.14104000,1
1505910880,21910130,53.30,56.67107100,1
1505910880,21910126,53.30,48.79964800,1
1505910879,21910124,53.30,52.56148500,1
1505910879,21910122,53.30,99.73813100,1
1505910879,21910121,53.30,1.26625404,1
1505910879,21910120,53.30,9.46298000,1
1505910878,21910114,53.30,39.85961500,1
1505910878,21910112,53.30,5.64855508,1
1505910877,21910110,53.30,11.93527693,1
1505910876,21910109,53.30,36.08128000,1
1505910876,21910108,53.30,99.72600000,1
1505910875,21910107,53.30,5.42967940,1
1505910875,21910104,53.30,54.34000000,1
1505910875,21910103,53.30,45.22900000,1
1505910874,21910101,53.27,49.18231116,0
1505910874,21910100,53.21,11.44000000,0
1505910874,21910099,53.20,15.21000000,0
1505910874,21910098,53.19,73.96700000,0
1505910874,21910097,53.18,8.41211922,0
1505910870,21910094,53.02,6.85630000,1
1505910869,21910092,53.02,1.10937000,1
1505910864,21910083,52.98,2.64284922,0
1505910864,21910079,53.03,0.00007078,1
1505910855,21910065,53.03,1.55666585,1
1505910850,21910045,52.94,10.90000000,1
1505910849,21910038,53.40,22.77340823,0
1505910849,21910037,53.30,1.55738630,0
1505910849,21910036,53.30,1.55730611,0
1505910848,21910035,53.30,14.73209760,1
1505910848,21910034,53.30,57.25147400,1
1505910848,21910033,53.30,10.90000000,1
1505910848,21910032,53.29,1.89099526,0
1505910848,21910031,53.29,1.55764898,0
1505910847,21910030,53.27,200.00000000,0
1505910847,21910029,53.27,62.59566361,1
1505910847,21910028,53.26,185.38710000,0
1505910847,21910027,53.26,83.58400000,1
1505910847,21910026,53.26,74.81319700,1
1505910846,21910025,53.18,2.83000000,1
1505910846,21910024,53.18,145.56300000,1
1505910846,21910023,53.17,14.13000000,1
1505910844,21910019,53.03,41.74300000,0
1505910844,21910018,53.03,15.21000000,0
1505910843,21910016,52.87,3.32342800,1
1505910840,21910012,52.87,4.54890000,1
1505910836,21910004,52.87,2.01172000,1
1505910833,21909998,52.82,2.78927000,1
1505910832,21909996,52.81,0.23960000,1
1505910830,21909994,52.80,2.78961000,1
1505910823,21909985,52.81,0.23960000,1
1505910816,21909975,52.80,16.65800000,1
1505910804,21909963,52.80,2.98000000,1
1505910785,21909941,52.70,11.54000000,1
1505910782,21909937,52.95,3.01502018,1
1505910781,21909932,52.95,9.52000000,1
1505910779,21909926,52.94,0.74497982,0
1505910777,21909924,53.01,1.55738630,0
1505910775,21909917,53.26,11.67811885,1
1505910775,21909916,53.26,5.67303535,1
1505910775,21909915,53.26,6.50876000,1
1505910775,21909914,53.26,3.76440000,1
1505910775,21909912,53.26,0.74497982,1
1505910775,21909911,53.26,9.52000000,1
1505910774,21909910,53.26,25.87000000,1
1505910773,21909908,53.21,117.00000000,0
1505910773,21909905,53.21,1.56005217,0
1505910773,21909902,53.21,0.37916281,1
1505910773,21909900,53.21,5.68744221,1
1505910773,21909899,53.21,105.00000000,1
1505910773,21909898,53.21,1.87985306,1
1505910772,21909896,53.18,1.07748330,0
1505910771,21909894,53.14,1.56200741,0
1505910771,21909893,53.14,50.00000000,1
1505910771,21909890,53.12,2.69000000,0
1505910771,21909889,53.12,105.00000000,0
1505910771,21909888,53.07,1.56418398,0
1505910771,21909887,53.07,10.50350313,1
1505910770,21909886,53.03,102.00000000,0
1505910770,21909885,53.03,1.56536852,0
1505910770,21909884,52.96,111.00000000,0
1505910770,21909883,52.94,2.97000000,0
1505910769,21909882,52.94,71.17065406,1
1505910769,21909881,52.87,168.99300000,0
1505910769,21909879,52.81,14.85000000,0
1505910767,21909878,52.67,1.10000000,0
1505910765,21909876,52.54,2.59000000,1
1505910757,21909870,52.51,2.59000000,1
1505910747,21909867,52.50,8.48900000,1
1505910747,21909866,52.56,11.51000000,1
1505910733,21909850,52.50,8.40800000,1
1505910733,21909848,52.55,91.39200000,1
1505910724,21909846,52.55,18.72800000,1
1505910717,21909837,52.55,9.88000000,1
1505910708,21909831,52.48,3.85000000,1
1505910696,21909813,52.54,58.75430000,1
1505910691,21909805,52.54,5.84150000,1
1505910690,21909804,52.68,10.88000000,1
1505910688,21909800,52.74,21.17065406,0
1505910688,21909799,52.74,50.00000000,0
1505910686,21909795,53.02,117.32498304,0
1505910686,21909794,53.02,129.34600000,1
1505910686,21909793,53.02,16.78337380,1
1505910685,21909790,52.96,108.00000000,1
1505910685,21909789,52.96,50.00000000,1
1505910683,21909788,52.73,50.00000000,0
1505910681,21909786,52.85,1.56200741,0
1505910680,21909785,53.01,34.82003395,1
1505910680,21909784,52.99,1.56648470,0
1505910679,21909783,52.96,2.58000000,0
1505910679,21909782,52.96,98.00000000,0
1505910679,21909781,52.88,108.00000000,0
1505910679,21909780,52.85,2.54000000,0
1505910678,21909779,52.82,160.10800000,0
1505910678,21909778,52.70,12.70000000,0
1505910678,21909777,52.70,50.00000000,1
1505910677,21909776,52.69,0.99800000,1
1505910675,21909775,52.67,1.10000000,0
1505910669,21909773,52.39,1.99600000,1
1505910657,21909769,52.70,1.56648470,0
1505910651,21909766,52.96,69.33421450,1
1505910650,21909765,52.87,103.00000000,0
1505910650,21909764,52.87,1.92233571,0
1505910650,21909763,52.87,6.60512334,1
1505910650,21909761,52.79,99.00000000,0
1505910650,21909760,52.77,1.57313093,0
1505910649,21909759,52.71,97.00000000,0
1505910649,21909758,52.69,3.06000000,0
1505910649,21909757,52.69,71.17065406,1
1505910648,21909756,52.55,4.09743102,1
1505910647,21909754,52.55,1.00000000,1
1505910647,21909753,52.55,15.28000000,0
1505910643,21909750,52.55,3.65461465,1
1505910641,21909749,52.43,1.10000000,0
1505910637,21909748,52.32,1.00000000,1
1505910588,21909710,52.20,1.00000000,1
1505910572,21909707,52.28,5.42500000,1
1505910505,21909655,52.17,1.06560000,1
1505910505,21909653,52.18,17.11000000,1
1505910494,21909646,52.17,18.13920000,1
1505910494,21909645,52.19,0.03640000,1
1505910484,21909638,52.19,18.17560000,1
1505910449,21909575,52.28,6.02100000,1
1505910439,21909567,52.18,15.00000000,1
1505910429,21909561,52.18,7.86652000,1
1505910429,21909560,52.21,1.10000000,1
1505910428,21909559,52.27,6.03348000,1
1505910423,21909551,52.37,1.00000000,0
1505910406,21909515,52.24,74.62700000,1
1505910405,21909514,52.25,15.00000000,1
1505910368,21909455,52.18,11.68000000,1
1505910357,21909452,52.18,3.32000000,1
1505910357,21909451,52.19,11.68000000,1
1505910346,21909447,52.19,6.22000000,1
1505910346,21909446,52.19,8.78000000,1
1505910336,21909443,52.20,15.00000000,1
1505910317,21909437,52.19,15.00000000,1
1505910281,21909417,52.14,0.00018822,1
1505910281,21909416,52.15,14.48981178,1
1505910272,21909411,52.20,14.49000000,1
1505910264,21909406,52.20,14.49000000,1
1505910245,21909395,52.20,13.20000000,1
1505910234,21909394,52.20,14.49000000,1
1505910119,21909336,52.14,1.10000000,1
1505910108,21909328,52.12,8.15905099,1
1505910108,21909327,52.17,0.00094901,1
1505910107,21909326,52.22,1.10000000,1
1505910076,21909317,52.20,90.74000000,1
1505910076,21909316,52.21,9.26000000,1
1505910057,21909293,52.24,15.59000000,1
1505910051,21909291,52.33,1.70000000,0
1505910051,21909290,52.32,1.10000000,0
1505909789,21909142,52.18,1.09984669,1
1505909698,21909071,52.17,1.09700000,1
1505909690,21909069,52.18,1.09700000,1
1505909484,21909013,52.11,5.39915564,0
1505909458,21908994,52.08,0.19960000,1
1505909278,21908768,52.16,1.02243515,1
1505909092,21908725,52.26,1.10000000,0
1505908871,21908625,52.11,1.01100000,1
1505908858,21908598,52.24,43.11048000,1
1505908842,21908570,52.26,16.79794851,0
1505908816,21908546,52.30,0.16500000,1
1505908713,21908509,52.08,37.00357116,1
1505908713,21908508,52.25,0.00042884,1
1505908704,21908504,52.25,37.00400000,1
1505908297,21908415,52.18,63.35800000,1
1505908085,21908173,52.25,7.48966565,1
1505908085,21908172,52.28,17.51033435,1
1505908051,21908160,52.28,1.10000000,1
1505908043,21908143,52.29,1.10000000,1
1505908034,21908111,52.34,1.10000000,1
1505908024,21908110,52.33,1.10000000,1
1505908015,21908109,52.32,1.10000000,1
1505908001,21908101,52.31,1.10000000,1
1505907993,21908099,52.31,1.10000000,1
1505907983,21908078,52.30,1.10000000,1
1505907685,21907885,52.28,3.86900000,1
1505907685,21907884,52.31,1.10000000,1
1505907671,21907883,52.31,1.10000000,1
1505907661,21907874,52.33,1.10000000,1
1505907650,21907872,52.28,42.55000000,1
1505907650,21907871,52.32,1.10000000,1
1505907643,21907868,52.28,13.90000000,1
1505907643,21907867,52.32,1.10000000,1
1505907635,21907866,52.28,13.90000000,1
1505907635,21907865,52.30,1.10000000,1
1505907623,21907858,52.32,1.10000000,1
1505907615,21907856,52.28,2.58000000,1
1505907615,21907855,52.29,11.32000000,1
1505907615,21907854,52.32,1.10000000,1
1505907603,21907853,52.29,13.90000000,1
1505907603,21907852,52.31,1.10000000,1
1505907594,21907844,52.33,1.10000000,1
1505907590,21907838,52.44,1.10000000,0
1505907583,21907834,52.30,43.10955293,1
1505907583,21907833,52.30,48.88044707,1
1505907582,21907832,52.32,0.01000000,1
1505907575,21907828,52.32,1.09000000,1
1505907568,21907824,52.30,1.10000000,1
1505907528,21907807,52.32,10.34700000,1
1505907516,21907803,52.31,1.10000000,1
1505907515,21907802,52.34,7.00000000,1
1505907504,21907770,52.34,1.10000000,1
1505907492,21907764,52.34,98.90000000,1
1505907492,21907763,52.35,1.10000000,1
1505907469,21907747,52.44,1.10000000,0
1505907383,21907729,52.31,6.45000000,1
1505907383,21907728,52.32,9.84000000,1
1505907222,21907692,52.30,0.50000000,1
1505907213,21907685,52.31,49.75000000,1
1505907202,21907678,52.32,44.70200000,1
1505907193,21907675,52.31,20.44000000,1
1505907193,21907674,52.32,12.36000000,1
1505907182,21907666,52.34,16.95000000,1
1505907182,21907665,52.48,32.80000000,1
1505907172,21907663,52.48,2.20000000,1
1505907159,21907657,52.30,1.09780000,1
1505907144,21907652,52.33,35.78870000,1
1505907144,21907651,52.33,13.66000000,1
1505907144,21907650,52.37,0.20180000,1
1505907135,21907649,52.37,0.89820000,1
1505906953,21907554,52.48,10.00000000,0
1505906908,21907533,52.47,1.10000000,0
1505906902,21907531,52.31,1.09780000,1
1505906894,21907528,52.28,8.88000000,1
1505906894,21907527,52.34,1.10000000,1
1505906705,21907378,52.28,2.11580000,1
1505906645,21907361,52.24,3.13880000,1
1505906573,21907284,52.34,12.77440000,1
1505906563,21907279,52.30,12.77440000,1
1505906515,21907237,52.30,1.09780000,1
1505906504,21907230,52.33,1.09780000,1
1505906496,21907221,52.54,0.19000000,0
1505906480,21907212,52.53,1.00000000,0
1505906456,21907178,52.28,1.00000000,1
1505906447,21907169,52.29,14.97000000,1
1505906436,21907152,52.47,15.89000000,0
1505906436,21907151,52.47,1.57313093,0
1505906433,21907146,52.60,59.60129009,1
1505906433,21907145,52.60,59.45010700,1
1505906433,21907143,52.60,97.00000000,1
1505906433,21907142,52.60,50.00000000,1
1505906433,21907141,52.60,50.00000000,1
1505906433,21907140,52.60,50.00000000,1
1505906433,21907139,52.60,50.00000000,1
1505906432,21907138,52.60,50.00000000,1
1505906432,21907137,52.60,50.00000000,1
1505906432,21907136,52.60,50.00000000,1
1505906432,21907135,52.60,50.00000000,1
1505906432,21907134,52.60,50.00000000,1
1505906430,21907131,52.60,50.00000000,1
1505906430,21907130,52.60,50.00000000,1
1505906430,21907129,52.60,50.00000000,1
1505906430,21907128,52.60,50.00000000,1
1505906429,21907126,52.60,39.35057035,1
1505906427,21907121,52.60,59.19000000,1
1505906427,21907120,52.56,1.57940302,0
1505906427,21907119,52.55,527.77000000,0
1505906427,21907118,52.53,98.00000000,0
1505906427,21907117,52.51,3.31000000,0
1505906427,21907116,52.46,102.00000000,0
1505906426,21907115,52.44,16.55000000,0
1505906426,21907114,52.43,50.58488401,0
1505906426,21907113,52.30,12.31262741,0
1505906335,21907032,52.27,1.10000000,0
1505906329,21907029,52.14,32.61837318,1
1505906329,21907027,52.14,0.29072682,1
1505906329,21907025,52.16,11.49000000,1
1505906319,21907007,52.17,44.39910000,1
1505906310,21906990,52.20,11.46710000,1
1505906273,21906936,52.12,47.70000000,1
1505906233,21906908,52.30,2.70378515,0
1505906233,21906907,52.30,26.00910000,0
1505906233,21906906,52.28,1.10000000,0
1505906201,21906898,52.30,10.78090000,0
1505906201,21906897,52.29,1.10000000,0
1505906161,21906886,52.29,28.04427751,1
1505906161,21906885,52.28,1.10000000,0
1505906151,21906884,52.29,8.18186449,0
1505906151,21906883,52.28,1.10000000,1
1505906147,21906879,52.28,1.57385800,1
1505906144,21906878,52.28,7.08186449,0
1505906144,21906877,52.14,1.10000000,0
1505906013,21906790,52.21,1.68714582,0
1505906013,21906789,52.16,1.10000000,0
1505906013,21906788,52.15,0.71000000,0
1505905982,21906782,52.21,1.92923063,0
1505905982,21906781,52.04,2.97888470,0
1505905828,21906713,52.06,14.07242100,0
1505905816,21906703,51.82,0.71234820,1
1505905816,21906702,52.04,15.01641256,1
1505905816,21906701,52.06,6.05923924,1
1505905810,21906691,52.06,33.15000000,1
1505905809,21906690,52.05,0.79000000,0
1505905809,21906689,52.05,15.21000000,1
1505905807,21906685,52.04,36.79000000,1
1505905807,21906684,52.05,15.21000000,1
1505905643,21906586,52.13,1.74970856,1
1505905641,21906585,52.13,25.05794069,1
1505905641,21906584,52.14,1.94205931,1
1505905640,21906583,52.14,1.10000000,0
1505905509,21906526,52.07,6.04220562,1
1505905509,21906525,52.15,3.04205938,1
1505905509,21906524,52.15,1.10000000,0
1505905447,21906505,52.23,22.86817154,0
1505905447,21906504,52.23,1.10000000,0
1505905330,21906446,52.24,1.10000000,1
1505905328,21906442,52.24,1.10000000,0
1505905209,21906366,52.18,2.41400000,1
1505905197,21906296,52.18,11.01000000,1
1505905189,21906295,52.20,2.55700000,1
1505905177,21906292,52.21,4.82700000,1
1505905166,21906291,52.22,0.40000000,1
1505905158,21906289,52.22,11.76000000,1
1505905146,21906284,52.24,40.81100000,1
1505905139,21906282,52.24,1.99000000,1
1505905129,21906277,52.21,2.20434594,1
1505905129,21906276,52.22,45.58665406,1
1505905113,21906273,52.22,12.16000000,1
1505905105,21906269,52.21,12.16000000,1
1505905097,21906267,52.25,13.42400000,1
1505905084,21906258,52.26,11.08000000,1
1505905077,21906250,52.26,11.08000000,1
1505905071,21906247,52.28,33.22330000,0
1505905071,21906246,52.27,1.10000000,0
1505905070,21906245,52.19,29.58200000,1
1505905069,21906244,52.22,13.44000000,1
1505905063,21906238,52.19,8.57000000,1
1505905051,21906233,52.22,2.60000000,1
1505905043,21906227,52.28,4.57670000,0
1505905043,21906226,52.27,1.10000000,0
1505905040,21906224,52.19,8.88000000,1
1505905013,21906217,52.28,10.39540000,0
1505905013,21906216,52.27,1.10000000,0
1505904949,21906198,52.28,19.06737526,0
1505904919,21906185,52.28,12.06942734,0
1505904861,21906158,52.27,1.57940302,0
1505904858,21906154,52.27,0.33590623,0
1505904858,21906151,52.26,1.58843218,0
1505904858,21906149,52.23,1.10000000,0
1505904798,21906123,52.25,26.60923924,0
1505904798,21906122,52.24,12.29000000,0
1505904798,21906121,52.23,1.10000000,0
1505904770,21906111,52.18,23.16923924,0
1505904770,21906110,52.17,1.13000000,0
1505904770,21906109,52.17,14.60000000,0
1505904770,21906108,52.12,1.10000000,0
1505904514,21906004,51.99,1.10000000,1
1505904493,21905993,52.16,39.99923924,0
1505904482,21905989,52.17,2.19393824,1
1505904480,21905986,52.17,7.14230100,1
1505904479,21905984,52.11,30.66300000,0
1505904471,21905976,51.81,80.28666429,1
1505904470,21905975,51.82,155.01100000,1
1505904470,21905974,51.82,2.39000000,1
1505904470,21905973,51.89,1.92233571,1
1505904470,21905972,51.90,11.93000000,1
1505904470,21905971,51.93,5.70160000,1
1505904437,21905957,52.22,2.96573000,1
1505904437,21905956,52.22,1.10000000,1
1505904431,21905946,51.95,28.60800000,1
1505904418,21905938,51.93,16.65200000,1
1505904418,21905937,51.99,23.85600000,1
1505904212,21905768,51.93,15.21000000,1
1505904205,21905767,51.91,3.73000000,1
1505904204,21905766,51.93,11.48000000,1
1505904197,21905763,52.02,15.21000000,1
1505904191,21905761,52.04,15.21000000,1
1505904169,21905756,52.02,1.60000000,1
1505904155,21905753,51.92,13.67600000,1
1505904155,21905752,51.92,14.93200000,1
1505904148,21905751,52.07,3.79000000,1
1505904136,21905748,52.07,5.87000000,1
1505904124,21905732,52.02,1.10000000,1
1505904115,21905730,52.04,4.58000000,1
1505904104,21905725,52.08,1.10000000,1
1505904092,21905721,52.05,1.10000000,1
1505904083,21905716,52.05,2.89000000,1
1505904083,21905715,52.05,1.10000000,1
1505904072,21905711,52.07,3.47000000,1
1505904063,21905709,52.02,1.10000000,1
1505904057,21905706,52.04,0.99000000,1
1505904056,21905705,52.11,0.11000000,1
1505904044,21905703,52.11,0.99000000,1
1505904032,21905700,52.08,3.48000000,1
1505904032,21905699,52.10,1.10000000,1
1505903855,21905639,51.99,2.01300000,1
1505903797,21905595,52.00,2.37863034,1
1505903789,21905585,51.97,2.99300000,1
1505903486,21905463,51.97,0.68454312,0
1505903486,21905462,51.95,0.41545688,0
1505903484,21905459,51.95,2.76809084,1
1505903484,21905458,51.95,7.81645228,1
1505903375,21905413,51.97,1.10000000,1
1505903363,21905406,51.96,1.10000000,1
1505903315,21905385,52.03,5.22615799,1
1505903309,21905379,52.05,1.10000000,1
1505903297,21905374,52.03,1.14145685,1
1505903297,21905373,52.04,1.10000000,1
1505903229,21905334,52.02,2.53238516,0
1505903201,21905331,52.04,3.12589680,0
1505903199,21905330,52.03,11.43000000,0
1505903199,21905329,52.03,8.90000000,0
1505903130,21905264,52.04,8.90000000,0
1505903129,21905263,52.04,1.10000000,1
1505902945,21905173,51.96,5.13843072,0
1505902944,21905172,51.96,2.67802156,0
1505902943,21905171,51.96,5.71785989,0
1505902943,21905169,51.96,5.61258660,0
1505902933,21905155,51.96,1.00250627,0
1505902932,21905149,51.96,19.10421500,0
1505902921,21905132,51.96,2.19469900,0
1505902920,21905131,51.96,7.22866300,0
1505902914,21905127,51.96,2.32441700,0
1505902911,21905126,51.96,1.10000000,0
1505902908,21905124,52.00,0.99930048,1
1505902908,21905123,52.00,0.99930048,1
1505902908,21905122,52.01,1.10000000,1
1505902864,21905092,52.20,26.25321113,1
1505902863,21905091,52.20,59.14629093,1
1505902862,21905090,52.18,106.00000000,0
1505902862,21905089,52.17,50.31000000,0
1505902862,21905088,52.11,8.74000000,0
1505902862,21905087,52.11,1.10000000,0
1505902836,21905069,52.03,9.48798769,0
1505902822,21905057,52.00,0.99930048,1
1505902817,21905055,52.04,10.02506266,0
1505902792,21905045,52.02,8.92230576,0
1505902759,21905035,52.16,1.04120000,0
1505902740,21905021,51.94,42.76296582,1
1505902740,21905019,51.95,5.64860200,0
1505902739,21905018,51.95,1.58843218,0
1505902735,21905014,52.17,1.00000000,0
1505902735,21905013,51.92,30.32866077,1
1505902735,21905012,52.16,0.00275689,1
1505902728,21905008,52.19,3.28660000,0
1505902711,21904993,52.17,0.60945414,0
1505902708,21904987,52.16,1.10000000,0
1505902626,21904871,52.25,1.10275689,1
1505902626,21904870,52.26,5.49548872,0
1505902626,21904869,52.25,1.10000000,0
1505902623,21904867,52.08,109.00000000,1
1505902611,21904863,52.05,5.91456572,1
1505902611,21904862,52.05,18.25800000,1
1505902611,21904861,52.05,4.58000000,1
1505902611,21904860,52.06,70.24743428,1
1505902570,21904851,52.28,0.51330000,0
1505902570,21904850,52.27,1.10000000,0
1505902559,21904840,52.25,1.03060626,1
1505902539,21904824,52.28,3.78760000,0
1505902508,21904795,52.27,3.26560000,0
1505902480,21904728,52.25,0.06914311,0
1505902479,21904726,52.25,1.02810000,0
1505902460,21904718,52.26,0.00275689,1
1505902460,21904715,52.26,1.10000000,0
1505902438,21904651,52.28,24.79000000,0
1505902438,21904650,52.27,15.21000000,0
1505902423,21904628,52.12,49.07605930,1
1505902423,21904627,52.23,1.10000000,1
1505902314,21904476,52.28,1.10000000,1
1505902304,21904408,52.24,1.66126000,1
1505902300,21904384,52.27,1.10000000,1
1505902300,21904377,52.28,6.02149500,0
1505902299,21904375,52.28,3.00000000,0
1505902299,21904372,52.28,6.14253700,0
1505902005,21904182,52.42,11.79410000,0
1505901974,21904175,52.43,6.57153665,0
1505901943,21904165,52.41,40.00000000,0
1505901918,21904154,52.43,40.00000000,0
1505901848,21904135,52.49,14.20288481,1
1505901834,21904133,52.49,1.10000000,0
1505901734,21904076,52.25,1.10000000,1
1505901723,21904063,52.31,11.27713341,0
1505901679,21904039,52.36,23.67589763,1
1505901643,21904019,52.39,2.00000000,0
1505901598,21903928,52.39,37.80961039,0
1505901568,21903914,52.39,2.19038961,0
1505901504,21903876,52.38,9.06470000,0
1505901412,21903827,52.41,1.10000000,0
1505901404,21903823,52.42,1.10000000,1
1505901401,21903819,52.07,13.83830000,1
1505901400,21903818,52.00,41.87908442,1
1505901400,21903817,52.08,97.00000000,1
1505901400,21903816,52.21,2.60000000,1
1505901400,21903815,52.22,100.00000000,1
1505901400,21903814,52.26,53.69000000,1
1505901400,21903813,52.27,48.43300000,1
1505901400,21903812,52.38,48.11100000,1
1505901400,21903811,52.40,0.05440000,1
1505901399,21903810,52.41,1.10000000,1
1505901391,21903806,52.40,23.85000000,1
1505901391,21903805,52.42,1.10000000,1
1505901376,21903800,52.40,1.09560000,1
1505901376,21903799,52.41,0.00220000,1
1505901366,21903793,52.41,1.09780000,1
1505900987,21903533,52.39,0.70100000,1
1505900978,21903516,52.38,1.88900000,1
1505900971,21903514,52.62,0.35372180,1
1505900969,21903513,52.62,1.53500000,1
1505900788,21903384,52.55,1.86722995,0
1505900783,21903376,52.55,1.86853707,0
1505900783,21903373,52.55,1.86722995,0
1505900780,21903369,52.55,2.33020000,0
1505900776,21903366,52.55,2.18534728,0
1505900776,21903364,52.55,2.32519600,0
1505900592,21903221,52.41,38.69869157,0
1505900582,21903215,52.41,34.30845406,1
1505900438,21903126,52.49,1.10000000,0
1505900435,21903121,52.49,8.39953000,0
1505900429,21903118,52.49,1.10000000,0
1505900428,21903116,52.49,1.10000000,1
1505900136,21902936,52.45,1.00000000,1
1505900132,21902923,52.53,1.10000000,1
1505899964,21902855,52.41,16.84512493,1
1505899963,21902854,52.50,14.15487507,0
1505899958,21902853,52.41,17.96620000,1
1505899958,21902852,52.61,0.03580000,1
1505899951,21902849,52.61,18.00200000,1
1505899849,21902825,52.62,36.86220000,1
1505899838,21902819,52.61,35.76220000,1
1505899838,21902818,52.65,1.10000000,1
1505899796,21902784,52.66,5.68750569,0
1505899557,21902630,52.87,30.59542273,1
1505899556,21902629,52.85,5.45000000,1
1505899554,21902628,52.83,20.64718319,0
1505899402,21902584,52.69,3.12900000,1
1505899336,21902557,52.75,0.00000020,0
1505899335,21902556,52.75,4.27454300,0
1505899318,21902544,52.76,9.25080300,0
1505899240,21902457,52.53,1.09956900,0
1505899111,21902373,52.54,1.10000000,0
1505898731,21902044,52.39,1.00056169,1
1505898638,21901992,52.46,5.44880538,0
1505898609,21901958,52.46,1.10000000,1
1505898375,21901842,52.33,0.56000000,1
1505898375,21901841,52.39,19.44000000,1
1505898157,21901660,52.56,8.92085235,0
1505897907,21901258,52.54,44.92000000,0
1505897784,21901217,52.61,1.68465000,0
1505897783,21901216,52.61,0.58465000,0
1505897783,21901215,52.57,1.10000000,0
1505897763,21901210,52.58,1.02178943,1
1505897757,21901185,52.50,27.82765081,0
1505897756,21901182,52.50,29.50306866,0
1505897752,21901175,52.50,15.01085714,0
1505897736,21901151,52.50,0.77007200,0
1505897732,21901139,52.50,26.01142568,0
1505897731,21901135,52.50,6.49687770,0
1505897693,21901067,52.50,14.98950734,0
1505897624,21901006,52.49,8.57000000,1
1505897559,21900943,52.50,1.23290000,0
1505897528,21900935,52.50,3.63620000,0
1505897498,21900925,52.50,1.11340000,0
1505897468,21900911,52.50,6.67672863,0
1505897347,21900787,52.49,2.02850000,1
1505897288,21900764,52.50,27.58666800,0
1505897286,21900762,52.50,7.79396700,0
1505897286,21900760,52.50,10.56410200,0
1505897250,21900745,52.48,1.10000000,1
1505897244,21900743,52.50,0.11000000,0
1505897241,21900737,52.45,1.10000000,0
1505897189,21900705,52.46,1.10000000,0
1505896419,21900380,52.49,28.89757705,1
1505896275,21900317,52.50,8.44050000,0
1505896252,21900312,52.50,11.10242295,0
1505896245,21900309,52.50,1.84532944,0
1505896118,21900185,52.46,8.06342295,0
1505896118,21900184,52.45,1.10000000,0
1505896101,21900167,52.30,0.00000005,0
1505895896,21900020,52.30,4.08050000,0
1505895799,21900002,52.30,11.39448622,0
1505895791,21899993,52.30,0.50000000,1
1505895715,21899942,52.46,8.59147870,1
1505895388,21899771,52.50,45.32557000,1
1505895189,21899580,52.42,10.99315916,1
1505894969,21899512,52.56,9.98395990,1
1505894837,21899473,52.51,0.29539721,1
1505894627,21899366,52.45,0.00000048,0
1505894494,21899257,52.45,5.62349700,0
1505894085,21899002,52.44,1.73625464,1
1505894050,21898992,52.44,0.49900000,1
1505894042,21898986,52.39,0.49800000,1
1505894042,21898985,52.64,0.00100000,1
1505894034,21898983,52.64,0.49900000,1
1505894018,21898971,52.70,1.93900000,0
1505894000,21898956,52.46,1.09560000,1
1505893999,21898954,52.63,0.00220000,1
1505893988,21898942,52.63,1.09780000,1
1505893971,21898921,52.63,1.09780000,1
1505893961,21898906,52.62,1.09560000,1
1505893961,21898905,52.63,0.00220000,1
1505893953,21898902,52.74,40.00000000,0
1505893952,21898901,52.63,1.09780000,1
1505893895,21898887,52.60,1.00000000,1
1505893877,21898881,52.78,0.80143994,0
1505893840,21898873,52.53,1.09780000,1
1505893689,21898788,52.72,13.85130000,1
1505893679,21898780,52.72,0.40147779,1
1505893679,21898779,52.73,4.79412221,1
1505893667,21898771,52.65,3.43593148,1
1505893667,21898770,52.66,0.85000000,1
1505893667,21898769,52.71,1.56536852,1
1505893658,21898750,52.73,0.64538419,1
1505893658,21898749,52.74,5.20591581,1
1505893646,21898746,52.73,4.98897005,1
1505893646,21898745,52.82,1.96012995,1
1505893641,21898735,52.82,3.90329300,1
1505893624,21898714,52.82,1.10000000,1
1505893617,21898711,52.81,1.10000000,0
1505893563,21898693,52.82,0.75747823,0
1505893479,21898672,52.68,30.37920000,1
1505893473,21898668,52.65,25.60970000,1
1505893465,21898667,52.70,3.44310000,1
1505893435,21898658,52.68,8.60780000,1
1505893426,21898654,52.67,8.60780000,1
1505893421,21898651,52.96,29.21601208,1
1505893419,21898650,52.84,1.10000000,0
1505893389,21898639,52.61,0.49800000,1
1505893389,21898638,52.63,0.00100000,1
1505893379,21898637,52.63,0.49900000,1
1505893351,21898635,52.61,17.03370000,1
1505893350,21898634,52.62,1.10000000,1
1505893339,21898627,52.61,17.03370000,1
1505893339,21898626,52.62,1.10000000,1
1505893328,21898624,52.58,16.07130000,1
1505893328,21898623,52.59,3.64000000,1
1505893328,21898622,52.67,1.10000000,1
1505893317,21898616,52.67,19.71130000,1
1505893317,21898615,52.67,1.10000000,1
1505893220,21898521,52.73,24.97945300,0
1505893053,21898471,52.59,26.17060000,1
1505893042,21898463,52.58,5.98980000,1
1505893041,21898461,52.60,1.10000000,1
1505893031,21898451,52.58,1.34510000,1
1505893031,21898450,52.60,1.10000000,1
1505893001,21898431,52.54,1.09780000,1
1505892987,21898424,52.53,23.05160000,1
1505892987,21898423,52.61,1.10000000,1
1505892980,21898418,52.47,0.81160000,1
1505892980,21898417,52.54,22.24000000,1
1505892980,21898416,52.60,1.10000000,1
1505892967,21898405,52.60,1.09780000,1
1505892959,21898394,52.51,0.31720000,1
1505892959,21898393,52.59,1.10000000,1
1505892949,21898384,52.57,1.09560000,1
1505892949,21898383,52.57,0.00220000,1
1505892941,21898382,52.57,1.09780000,1
1505892913,21898362,52.50,1.09560000,1
1505892913,21898361,52.56,0.00220000,1
1505892893,21898349,52.56,1.09780000,1
1505892884,21898347,52.44,0.89308201,1
1505892884,21898346,52.50,0.76741799,1
1505892884,21898345,52.55,0.00220000,1
1505892874,21898341,52.55,1.09780000,1
1505892859,21898337,52.50,1.09560000,1
1505892859,21898336,52.54,0.00220000,1
1505892846,21898334,52.54,1.09780000,1
1505892811,21898320,52.50,6.85710000,1
1505892811,21898319,52.53,1.10000000,1
1505892799,21898307,52.51,0.72935514,1
1505892799,21898306,52.52,7.97324486,1
1505892769,21898257,52.50,0.00042039,0
1505892765,21898250,52.50,1.99957961,0
1505892761,21898237,52.48,4.13880000,1
1505892751,21898209,52.44,4.13880000,1
1505892747,21898192,52.56,4.22705910,1
1505892652,21898156,52.50,14.14050000,1
1505892651,21898155,52.51,1.10000000,1
1505892639,21898152,52.37,0.46900000,1
1505892639,21898151,52.50,0.03100000,1
1505892639,21898150,52.50,14.10900000,1
1505892639,21898149,52.50,1.13050000,1
1505892625,21898145,52.50,14.13950000,1
1505892625,21898143,52.51,1.10000000,1
1505892468,21898075,52.69,23.28582274,0
1505892420,21898051,52.63,16.93462600,0
1505892414,21898047,52.64,1.94159728,0
1505892414,21898046,52.63,15.69851872,0
1505892414,21898045,52.60,20.97160700,0
1505892385,21898036,52.66,0.00002695,1
1505892377,21898033,52.66,10.02503571,1
1505892221,21897962,52.76,17.59988628,1
1505892221,21897961,52.76,13.25000000,0
1505892059,21897852,52.65,7.10136000,1
1505892057,21897847,52.65,15.55600000,1
1505891962,21897779,52.73,6.52631579,0
1505891935,21897768,52.76,10.02506266,1
1505891613,21897550,52.62,1.09900474,0
1505891611,21897547,52.62,1.89099526,0
1505891611,21897546,52.62,12.27900474,0
1505891610,21897544,52.62,1.89099526,0
1505891608,21897543,52.59,1.10000000,1
1505891607,21897542,52.76,1.10000000,1
1505891592,21897537,52.75,58.04200000,1
1505891582,21897530,52.78,1.10000000,1
1505891574,21897526,52.78,1.10000000,1
1505891566,21897524,52.77,1.10000000,1
1505891552,21897518,52.76,1.30000000,1
1505891552,21897517,52.76,0.16200000,1
1505891544,21897508,52.76,0.93800000,1
1505891535,21897501,52.78,0.93800000,1
1505891519,21897482,52.77,1.10000000,1
1505891501,21897463,52.76,1.10000000,1
1505891466,21897422,52.76,1.10000000,1
1505891410,21897398,52.75,0.48610000,1
1505891402,21897386,52.76,0.31240000,1
1505891364,21897381,52.76,0.78700000,1
1505891223,21897288,52.79,4.99000000,1
1505891114,21897261,52.84,23.57580000,1
1505891060,21897227,52.76,8.66770000,1
1505891060,21897226,52.77,1.10000000,1
1505891060,21897225,52.78,34.30800000,1
1505891030,21897196,52.75,2.98410000,1
1505891023,21897189,52.75,53.87490000,1
1505891023,21897188,52.77,1.10000000,1
1505891012,21897171,52.79,0.34930000,1
1505891004,21897160,52.67,11.83310000,1
1505891004,21897159,52.89,1.10000000,1
1505890995,21897147,52.72,25.61876385,1
1505890995,21897146,52.75,1.56418398,1
1505890995,21897145,52.80,6.26000000,1
1505890994,21897143,52.84,31.30000000,1
1505890994,21897141,52.89,1.56005217,1
1505890994,21897139,52.90,1.10000000,1
1505890993,21897130,53.17,1.55251337,1
1505890988,21897123,53.18,0.48345242,0
1505890987,21897122,53.13,1.56239682,0
1505890970,21897097,53.00,3.31734581,0
1505890959,21897068,53.00,264.16466788,0
1505890959,21897067,52.99,5.83533212,0
1505890900,21897020,52.79,13.80146428,0
1505890898,21897018,52.86,1.56093572,1
1505890880,21896981,52.99,0.00924702,0
1505890880,21896980,52.97,1.18528281,1
1505890878,21896975,52.97,1.63000000,0
1505890875,21896964,52.96,5.81324500,0
1505890874,21896963,52.85,8.15000000,0
1505890828,21896939,52.81,1.10000000,0
1505890782,21896885,52.65,0.84457914,0
1505890781,21896883,52.65,1.00000000,0
1505890775,21896872,52.65,1.00000000,0
1505890769,21896867,52.65,1.00000000,0
1505890768,21896866,52.65,1.00000000,0
1505890762,21896865,52.65,1.00000000,0
1505890735,21896856,52.65,1.33800000,0
1505890728,21896850,52.65,0.57225000,0
1505890727,21896847,52.65,1.00000000,0
1505890725,21896843,52.65,2.87900000,0
1505890722,21896839,52.65,0.52477218,0
1505890698,21896824,52.65,4.83897900,0
1505890697,21896823,52.65,1.89938000,0
1505890689,21896820,52.65,15.93760000,0
1505890680,21896811,52.65,97.22238900,0
1505890679,21896809,52.65,1.23691000,0
1505890678,21896806,52.65,1.86684952,0
1505890678,21896804,52.65,1.18710995,0
1505890677,21896802,52.65,1.91383000,0
1505890676,21896801,52.65,1.40691000,0
1505890674,21896799,52.65,1.35913000,0
1505890673,21896796,52.65,20.75018000,0
1505890673,21896794,52.65,9.45766000,0
1505890673,21896792,52.65,7.05080000,0
1505890673,21896791,52.65,2.35371000,0
1505890672,21896788,52.65,9.40447642,0
1505890671,21896787,52.65,58.26000000,0
1505890670,21896786,52.65,0.59548979,0
1505890669,21896783,52.72,1.09999500,1
1505890622,21896700,52.90,5.81778622,0
1505890622,21896699,52.75,1.39600656,0
1505890615,21896695,52.75,34.28926700,0
1505890615,21896694,52.75,3.89100000,0
1505890613,21896692,52.75,0.67620000,0
1505890612,21896689,52.75,208.00000000,0
1505890611,21896688,52.75,1.39600700,0
1505890611,21896687,52.75,2.15421393,0
1505890609,21896685,52.75,37.84578607,0
1505890594,21896667,52.75,6.87577500,0
1505890562,21896631,52.76,1.10000000,1
1505890562,21896630,52.77,52.41768152,1
1505890505,21896580,52.90,7.43749459,0
1505890391,21896529,52.95,6.83515700,0
1505890388,21896527,52.95,22.35200000,0
1505890355,21896501,53.00,6.63230000,0
1505890350,21896498,53.00,9.69812000,0
1505890340,21896492,53.00,52.93228550,0
1505890340,21896491,53.00,12.33688352,0
1505890340,21896490,53.00,34.73083098,0
1505890261,21896395,53.00,2.15421393,0
1505890248,21896384,52.96,4.59980488,0
1505890248,21896383,52.95,15.27000000,0
1505890187,21896345,52.86,1.16961000,1
1505889996,21896221,52.98,3.95403878,1
1505889948,21896176,53.00,1.55730611,0
1505889945,21896171,52.99,37.91525000,1
1505889944,21896169,53.00,1.55764898,0
1505889942,21896165,52.87,0.00000563,0
1505889941,21896160,52.87,0.00317000,0
1505889941,21896158,52.87,1.56690000,0
1505889909,21896125,52.79,0.32585015,0
1505889906,21896116,52.79,21.61300214,0
1505889901,21896106,52.79,2.08475000,0
1505889900,21896105,52.79,28.39408500,0
1505889894,21896097,52.79,4.15798446,0
1505889872,21896048,52.79,1.61432825,0
1505889850,21896019,52.78,2.08475000,1
1505889628,21895888,52.57,47.36110000,1
1505889585,21895845,52.49,27.39387648,1
1505889585,21895844,52.50,10.33000000,1
1505889584,21895843,52.51,15.27000000,1
1505889584,21895841,52.55,18.03482352,1
1505889555,21895804,52.48,15.36602437,0
1505889553,21895799,52.57,0.00317563,1
1505889545,21895784,52.57,1.56690000,1
1505889524,21895760,52.37,2.97410000,1
1505889524,21895759,52.87,17.86562243,0
1505889524,21895758,52.87,6.71883000,1
1505889523,21895757,52.79,108.00000000,0
1505889523,21895756,52.79,50.00000000,1
1505889523,21895754,52.78,1.84000000,0
1505889522,21895752,52.71,97.00000000,0
1505889522,21895751,52.66,1.57624914,0
1505889522,21895750,52.64,9.21000000,0
1505889501,21895730,52.37,1.00000000,1
1505889491,21895727,52.37,0.32000000,1
1505889486,21895724,52.63,39.06000000,1
1505889486,21895723,52.60,10.94000000,0
1505889484,21895721,52.58,50.00000000,0
1505889461,21895696,52.55,0.54059226,0
1505889427,21895650,52.49,42.08047781,0
1505889427,21895649,52.48,13.11000000,0
1505889426,21895648,52.45,64.80952219,0
1505889400,21895625,52.41,1.40556000,0
1505889398,21895623,52.41,4.22332000,0
1505889395,21895618,52.41,6.63272000,0
1505889391,21895612,52.38,3.48843000,0
1505889362,21895576,52.39,1.67198000,0
1505889361,21895570,52.37,21.12000000,0
1505889360,21895568,52.35,17.89117100,0
1505889359,21895562,52.35,0.98882900,0
1505889350,21895547,52.40,3.15910000,0
1505889348,21895545,52.39,6.51363000,0
1505889344,21895538,52.39,6.51363000,0
1505889342,21895535,52.40,6.51363000,0
1505889319,21895524,52.33,0.00030542,1
1505889319,21895523,52.44,0.92369458,1
1505889312,21895519,52.44,5.43841542,0
1505889308,21895511,52.44,6.36090000,0
1505889306,21895506,52.44,6.36090000,0
1505889304,21895502,52.43,6.36090000,0
1505889296,21895495,52.42,3.04471000,0
1505889296,21895494,52.36,1.09709800,0
1505889294,21895492,52.36,3.04471000,0
1505889294,21895491,52.35,1.10000000,0
1505889281,21895474,52.36,2.92352000,0
1505889260,21895456,52.29,0.90000000,1
1505889258,21895453,52.30,1.10000000,1
1505889210,21895428,52.29,1.00000000,1
1505889197,21895419,52.28,28.57100000,1
1505889189,21895403,52.26,6.27700000,1
1505889179,21895394,52.26,15.27000000,1
1505889170,21895391,52.20,62.58100000,1
1505889161,21895385,52.24,17.97100000,1
1505889161,21895384,52.24,30.60000000,1
1505889116,21895366,52.30,29.34000000,1
1505889106,21895362,52.31,16.69600000,1
1505889097,21895360,52.31,33.77000000,1
1505889086,21895356,52.30,99.00000000,1
1505889079,21895349,52.30,3.00000000,1
1505889079,21895348,52.31,96.00000000,1
1505889008,21895324,52.44,17.50900935,0
1505888968,21895305,52.44,40.00000000,0
1505888903,21895275,52.44,24.19081800,0
1505888837,21895220,52.41,0.91014239,0
1505888829,21895214,52.42,1.00000000,0
1505888825,21895202,52.42,1.00000000,0
1505888818,21895200,52.42,1.00000000,0
1505888776,21895195,52.45,2.42386300,0
1505888723,21895174,52.48,8.39963400,0
1505888655,21895126,52.53,1.19626880,0
1505888638,21895109,52.34,13.69000000,1
1505888630,21895100,52.34,0.00018358,1
1505888630,21895099,52.36,17.85791642,1
1505888630,21895098,52.36,59.73990000,1
1505888621,21895097,52.37,11.26200000,1
1505888587,21895075,52.36,8.43110000,1
1505888587,21895074,52.38,1.00000000,1
1505888568,21895062,52.55,11.26223187,0
1505888558,21895050,52.60,15.27000000,1
1505888555,21895048,52.60,9.88320000,1
1505888550,21895045,52.41,2.00000000,0
1505888550,21895044,52.39,0.00008191,0
1505888550,21895043,52.39,1.19000000,0
1505888550,21895042,52.39,0.39448622,0
1505888539,21895031,52.38,1.00000000,0
1505888457,21894984,52.27,7.57200000,1
1505888447,21894963,52.28,7.42000000,1
1505888424,21894928,52.24,8.26100000,1
1505888407,21894912,52.28,16.94900000,1
1505888397,21894907,52.20,4.84350000,1
1505888396,21894906,52.21,0.90000000,1
1505888395,21894904,52.21,1.10000000,0
1505888354,21894875,52.04,2.99403648,1
1505888354,21894874,52.05,1.90996352,1
1505888339,21894864,52.05,0.00024594,1
1505888339,21894863,52.06,69.76075406,1
1505888326,21894841,52.00,0.90000000,1
1505888316,21894833,52.05,21.34283738,0
1505888311,21894826,52.04,1.10000000,0
1505888190,21894795,52.01,8.30554700,0
1505888143,21894767,51.90,1.40990000,1
1505888143,21894766,52.00,0.00010000,1
1505888132,21894751,52.00,58.22900000,1
1505888067,21894714,52.00,40.67090000,1
1505888066,21894713,51.92,1.10000000,0
1505888014,21894653,51.80,1.91298900,1
1505888014,21894651,51.80,0.00001100,1
1505888001,21894637,51.83,22.04500000,1
1505887983,21894628,51.80,2.95500000,1
1505887965,21894612,51.80,24.40198900,1
1505887930,21894606,51.80,4.64300000,1
1505887930,21894605,51.81,1.10000000,1
1505887917,21894603,51.81,1.10000000,1
1505887905,21894601,51.81,1.10000000,1
1505887757,21894562,51.80,0.30229900,1
1505887732,21894554,51.80,22.58852100,1
1505887732,21894553,51.82,1.10000000,1
1505887710,21894546,51.80,30.17875000,1
1505887710,21894544,51.81,1.10000000,1
1505887683,21894507,51.80,154.31309100,1
1505887642,21894441,51.95,22.77322632,0
1505887516,21894376,51.94,2.22682299,1
1505887445,21894341,52.05,23.77133296,0
1505887414,21894336,52.05,3.77050000,0
1505887289,21894307,52.05,39.41233100,0
1505887280,21894301,52.05,11.03758500,0
1505887239,21894260,52.14,0.95980934,1
1505887237,21894259,52.14,10.04019066,0
1505887162,21894234,52.14,39.95980934,0
1505887011,21894172,52.15,23.46300000,1
1505886949,21894133,52.10,2.19000000,1
1505886947,21894132,52.34,1.57624914,0
1505886941,21894130,52.33,9.73135180,0
1505886941,21894129,52.21,1.10000000,0
1505886941,21894128,52.20,1.10000000,0
1505886932,21894124,52.13,2.08590000,1
1505886920,21894120,52.12,0.98610000,1
1505886920,21894119,52.12,1.10000000,0
1505886852,21894098,52.01,1.76000000,1
1505886788,21894078,51.95,7.00000000,1
1505886762,21894069,51.95,10.00000000,1
1505886761,21894068,52.14,5.00000000,0
1505886688,21894055,51.96,16.55600000,1
1505886682,21894054,51.93,1.10000000,0
1505886679,21894053,52.18,32.30824079,0
1505886679,21894052,52.10,5.00000000,0
1505886678,21894051,51.95,1.59175921,0
1505886678,21894050,51.94,1.10000000,0
1505886613,21894036,51.85,26.01500000,1
1505886603,21894034,51.88,2.00000000,1
1505886587,21894030,51.78,1.10200000,1
1505886587,21894029,51.79,1.10000000,1
1505886587,21894028,51.87,50.36000000,1
1505886575,21894023,51.77,49.74940000,1
1505886566,21894014,51.71,16.68040000,1
1505886565,21894012,51.79,1.10000000,1
1505886537,21893989,51.77,1.09780000,1
1505886519,21893980,51.76,26.30200000,1
1505886412,21893855,51.61,8.29400000,1
