date,tid,price,amount,type
1505952064,21939428,0.18181,2500.00000000,0
1505952054,21939424,0.18163,392.92544800,1
1505952054,21939423,0.18178,633.00000000,1
1505952051,21939419,0.18213,2340.11283768,1
1505952050,21939417,0.18213,997.42500000,1
1505952050,21939415,0.18213,5337.07152000,1
1505952048,21939413,0.18213,2324.85054238,1
1505952047,21939412,0.18213,2500.00000000,1
1505952047,21939409,0.18213,160.54009994,1
1505952047,21939408,0.18213,2500.00000000,1
1505952046,21939407,0.18181,160.00000000,0
1505952046,21939406,0.18181,160.00000000,0
1505952046,21939405,0.18181,160.00000000,0
1505952046,21939404,0.18181,160.00000000,0
1505952046,21939403,0.18181,160.00000000,0
1505952046,21939402,0.18181,160.00000000,0
1505952046,21939401,0.18181,160.00000000,0
1505952046,21939400,0.18180,160.00000000,0
1505952045,21939399,0.18180,160.00000000,0
1505952045,21939398,0.18180,160.00000000,0
1505952045,21939397,0.18179,160.00000000,0
1505952045,21939396,0.18179,160.00000000,0
1505952045,21939395,0.18179,160.00000000,0
1505952045,21939394,0.18179,160.00000000,0
1505952045,21939393,0.18179,160.00000000,0
1505952045,21939392,0.18179,160.00000000,0
1505952045,21939391,0.18179,160.00000000,0
1505952045,21939390,0.18179,160.00000000,0
1505952044,21939389,0.18179,160.00000000,0
1505952044,21939388,0.18179,160.00000000,0
1505952044,21939387,0.18179,160.00000000,0
1505952044,21939386,0.18179,160.00000000,0
1505952044,21939385,0.18178,160.00000000,0
1505952044,21939384,0.18178,160.00000000,0
1505952043,21939383,0.18142,2311.71467100,1
1505952029,21939378,0.18182,160.00000000,1
1505952012,21939364,0.18163,499.75012493,0
1505952011,21939362,0.18141,4659.32300000,1
1505952008,21939360,0.18141,5806.60338700,1
1505952008,21939359,0.18142,1450.34001000,1
1505952005,21939353,0.18183,2500.00000000,0
1505951986,21939339,0.18191,2500.00000000,1
1505951951,21939324,0.18221,8183.89196606,1
1505951949,21939320,0.18221,2500.00000000,1
1505951948,21939318,0.18221,1598.47453400,1
1505951948,21939317,0.18221,1555.89704200,1
1505951947,21939316,0.18221,2500.00000000,1
1505951947,21939313,0.18206,2500.00000000,0
1505951887,21939269,0.18221,2500.00000000,0
1505951867,21939215,0.18233,2500.00000000,0
1505951864,21939202,0.18144,11546.27193200,1
1505951852,21939129,0.18145,3577.56716997,1
1505951851,21939128,0.18148,49.50598003,1
1505951847,21939095,0.18250,2500.00000000,0
1505951827,21938945,0.18259,2500.00000000,0
1505951805,21938916,0.18148,54.49401997,1
1505951722,21938780,0.18150,4553.50623165,1
1505951715,21938753,0.18150,2755.73192200,1
1505951715,21938752,0.18150,4786.51030157,1
1505951715,21938750,0.18151,4919.68699000,1
1505951715,21938748,0.18153,261.00662943,1
1505951707,21938705,0.18150,4907.63983600,1
1505951707,21938703,0.18150,22996.61170878,1
1505951707,21938702,0.18150,551.40041322,1
1505951706,21938700,0.18150,94.19353000,1
1505951706,21938699,0.18151,2011.41354195,1
1505951706,21938698,0.18151,2074.83871962,1
1505951706,21938697,0.18173,261.56406935,1
1505951706,21938696,0.18174,30000.00000000,1
1505951705,21938695,0.18178,7490.06729013,1
1505951703,21938690,0.18199,5000.00000000,0
1505951703,21938688,0.18180,160.54009994,1
1505951703,21938686,0.18180,3156.56169000,1
1505951703,21938684,0.18180,0.00000006,1
1505951676,21938593,0.18200,3949.27878480,1
1505951676,21938591,0.18205,3000.00000000,1
1505951663,21938573,0.18200,20718.00648387,1
1505951655,21938562,0.18201,153.30782300,1
1505951643,21938544,0.18201,417.09812200,1
1505951626,21938516,0.18256,538.00000000,1
1505951602,21938503,0.18270,5459.80421456,0
1505951543,21938459,0.18269,538.00000000,0
1505951478,21938446,0.18269,509.00000000,0
1505951351,21938406,0.18201,804.85175200,1
1505951330,21938395,0.18200,4773.60506100,1
1505951330,21938393,0.18201,7084.53470000,1
1505951330,21938391,0.18210,3000.00000000,1
1505951145,21938327,0.18275,6933.65866900,0
1505951145,21938326,0.18274,3066.34133100,0
1505951127,21938302,0.18285,5164.60481684,1
1505951125,21938300,0.18285,2977.36947900,0
1505951112,21938296,0.18285,133.00000000,0
1505951081,21938290,0.18303,134.00000000,0
1505951043,21938276,0.18242,1457.00000000,0
1505951024,21938268,0.18248,132.00000000,1
1505950973,21938240,0.18186,5440.40000000,1
1505950973,21938238,0.18199,3636.82482987,1
1505950954,21938230,0.18199,17081.18165400,1
1505950954,21938229,0.18200,593.37821000,1
1505950928,21938212,0.18266,591.00000000,0
1505950909,21938207,0.18273,591.00000000,0
1505950904,21938206,0.18277,65.73609400,0
1505950889,21938204,0.18288,914.00000000,0
1505950889,21938203,0.18236,76.00000000,0
1505950851,21938183,0.18209,130.00000000,0
1505950802,21938093,0.18200,2754.96855900,1
1505950757,21938064,0.18204,197.14107400,1
1505950757,21938063,0.18205,1510.82538000,1
1505950706,21938007,0.18220,1007.00000000,1
1505950686,21937983,0.18200,4586.98961600,1
1505950643,21937968,0.18228,244.46693100,0
1505950643,21937967,0.18227,2255.53306900,0
1505950630,21937955,0.18227,244.46693100,0
1505950626,21937951,0.18270,2962.52182800,1
1505950625,21937950,0.18270,4288.17114600,1
1505950624,21937949,0.18270,3309.99626700,1
1505950624,21937948,0.18270,4542.07550900,1
1505950623,21937947,0.18270,2500.00000000,1
1505950621,21937943,0.18268,15884.29500000,0
1505950621,21937942,0.18266,15999.99800000,0
1505950621,21937941,0.18264,4504.28525000,0
1505950621,21937940,0.18261,2500.00000000,0
1505950621,21937939,0.18260,13508.65700000,0
1505950609,21937932,0.18200,2658.04182500,1
1505950524,21937853,0.18181,3911.74189500,1
1505950502,21937776,0.18181,13078.64273100,1
1505950500,21937768,0.18181,29097.87347900,1
1505950499,21937762,0.18181,3911.74189500,1
1505950458,21937700,0.18180,999.99999994,1
1505950458,21937699,0.18193,262.12221994,1
1505950458,21937698,0.18200,1872.07553012,1
1505950428,21937640,0.18200,127.92446988,1
1505950428,21937638,0.18200,5000.00000000,1
1505950428,21937636,0.18206,1837.07553012,1
1505950428,21937634,0.18210,35.00000000,1
1505950422,21937621,0.18213,262.68083605,1
1505950421,21937619,0.18220,600.00000000,1
1505950421,21937618,0.18220,263.24014700,1
1505950419,21937606,0.18220,49736.75985300,1
1505950419,21937604,0.18222,400.00000000,1
1505950408,21937557,0.18232,83.17288000,1
1505950408,21937556,0.18233,263.24014651,1
1505950408,21937555,0.18240,600.00000000,1
1505950408,21937554,0.18250,0.00000011,1
1505950405,21937534,0.18250,1563.48925600,1
1505950382,21937416,0.18250,9700.93464525,1
1505950382,21937415,0.18250,4300.31065175,1
1505950374,21937372,0.18250,699.68934825,1
1505950374,21937371,0.18253,263.79990733,1
1505950374,21937370,0.18260,600.00000000,1
1505950374,21937368,0.18261,0.00000042,1
1505950371,21937362,0.18261,1242.69007300,1
1505950353,21937326,0.18261,1947.98020000,1
1505950350,21937323,0.18261,978.32972658,1
1505950349,21937322,0.18273,264.36034642,1
1505950301,21937250,0.18280,8407.61703500,1
1505950300,21937245,0.18280,4447.93339579,1
1505950300,21937243,0.18280,600.00000000,1
1505950300,21937241,0.18281,2892.07960000,1
1505950300,21937240,0.18290,1171.40143321,1
1505950296,21937229,0.18290,2328.59856679,1
1505950296,21937228,0.18293,264.92122093,1
1505950296,21937227,0.18300,298.55981228,1
1505950296,21937225,0.18300,701.44018772,1
1505950296,21937224,0.18300,9680.14884828,1
1505950290,21937204,0.18300,319.85115172,1
1505950290,21937203,0.18300,600.00000000,1
1505950290,21937201,0.18300,413.42623428,1
1505950290,21937200,0.18300,6240.43715800,1
1505950290,21937199,0.18300,2542.63770800,1
1505950288,21937184,0.18300,7591.77784800,1
1505950288,21937181,0.18300,3764.92122100,1
1505950239,21937098,0.18300,1709.73676200,1
1505950239,21937097,0.18303,30000.00000000,1
1505950238,21937096,0.18305,11303.15926000,1
1505950107,21936983,0.18305,3696.84074000,1
1505950107,21936982,0.18306,2722.08604000,1
1505949999,21936889,0.18365,40000.00000000,0
1505949888,21936844,0.18368,7702.23918600,1
1505949888,21936843,0.18368,2776.55426400,1
1505949887,21936842,0.18368,4521.20655000,1
1505949861,21936836,0.18374,10044.24040800,0
1505949861,21936835,0.18373,4590.36609200,0
1505949861,21936834,0.18373,159.39350000,0
1505949861,21936833,0.18338,206.00000000,0
1505949839,21936812,0.18301,427.36217200,1
1505949773,21936722,0.18300,12574.62296800,1
1505949773,21936720,0.18301,4428.57295000,1
1505949766,21936705,0.18300,4693.76213261,1
1505949766,21936704,0.18301,0.00000039,1
1505949759,21936696,0.18301,1999.99999961,1
1505949758,21936695,0.18301,544.20979739,1
1505949758,21936694,0.18303,4893.20074000,1
1505949758,21936693,0.18303,159.39350000,1
1505949472,21936611,0.18406,1956.72040850,0
1505949466,21936610,0.18301,455.79020261,1
1505949466,21936609,0.18302,5407.46271000,0
1505949464,21936608,0.18369,71.31580379,1
1505949464,21936607,0.18369,446.02300000,1
1505949429,21936603,0.18405,93.26680000,0
1505949306,21936510,0.18369,553.97700000,1
1505949249,21936502,0.18447,8840.12519800,1
1505949248,21936501,0.18443,1478.61499000,0
1505949248,21936500,0.18442,4681.25981200,0
1505949220,21936497,0.18381,9000.22000000,1
1505949194,21936492,0.18482,777.19343145,0
1505949175,21936478,0.18444,11230.89354000,1
1505949174,21936477,0.18444,2163.82681000,1
1505949173,21936476,0.18443,2163.82681000,0
1505949173,21936475,0.18442,69688.19200000,0
1505949173,21936474,0.18441,4753.26084000,0
1505949076,21936444,0.18441,35.36831900,0
1505949075,21936443,0.18441,29.54790000,0
1505949042,21936435,0.18418,130.00000000,0
1505948895,21936411,0.18381,58.99109800,1
1505948795,21936403,0.18381,1.44000000,1
1505948795,21936402,0.18390,2061.02000000,1
1505948787,21936401,0.18390,9938.98000000,1
1505948784,21936400,0.18391,1567.97000000,1
1505948784,21936399,0.18392,500.00000000,1
1505948740,21936390,0.18391,10522.90946122,1
1505948740,21936389,0.18400,1133.19252717,1
1505948740,21936388,0.18400,1286.68422961,1
1505948636,21936363,0.18400,3728.59032300,1
1505948633,21936359,0.18400,205.32093700,1
1505948633,21936358,0.18415,764.33700000,1
1505948633,21936357,0.18401,206.00000000,0
1505948605,21936349,0.18405,3656.95656700,1
1505948231,21936297,0.18406,242.61210000,1
1505948230,21936296,0.18407,159.54790000,1
1505948176,21936278,0.18492,3000.00000000,0
1505948132,21936272,0.18493,2115.27410800,0
1505948132,21936271,0.18492,4884.72589200,0
1505948011,21936229,0.18485,20915.58028800,0
1505948011,21936228,0.18483,4115.07061000,0
1505948011,21936227,0.18482,4969.34910200,0
1505947826,21936150,0.18391,58.99109800,1
1505947775,21936136,0.18492,618.90709495,0
1505947773,21936134,0.18479,1492.91565901,0
1505947422,21935973,0.18398,4584.00000000,1
1505947335,21935946,0.18479,106.10758038,0
1505947334,21935945,0.18479,2592.61988630,0
1505947334,21935944,0.18474,1000.00000000,0
1505947334,21935943,0.18470,1000.00000000,0
1505947333,21935941,0.18431,279.00000000,0
1505947182,21935894,0.18450,2103.58926800,1
1505947107,21935875,0.18469,27.00487303,0
1505946985,21935849,0.18469,5000.00000000,0
1505946778,21935791,0.18469,5000.00000000,0
1505946756,21935790,0.18464,5000.00000000,1
1505946744,21935786,0.18455,3832.32329900,1
1505946743,21935785,0.18455,1167.67670100,1
1505946724,21935783,0.18457,5000.00000000,0
1505946703,21935779,0.18462,6000.00000000,0
1505946676,21935774,0.18465,655.73834900,0
1505946676,21935773,0.18464,5343.81465100,0
1505946676,21935772,0.18438,0.44700000,0
1505946567,21935756,0.18469,638.48300000,1
1505946563,21935753,0.18469,9361.51700000,0
1505946491,21935741,0.18464,16000.00000000,0
1505946457,21935730,0.18468,1202.97043535,0
1505946237,21935654,0.18443,781.02862305,0
1505946237,21935653,0.18441,3986.29153000,0
1505946237,21935652,0.18420,291.00000000,0
1505946235,21935651,0.18373,279.00000000,0
1505946000,21935615,0.18304,279.00000000,1
1505944800,21935185,0.18301,698.11544000,1
1505944486,21935077,0.18370,311.23576483,0
1505944484,21935076,0.18369,160.04980000,0
1505944415,21935040,0.18300,1813.80505200,1
1505944399,21935030,0.18300,51131.32203200,1
1505944397,21935026,0.18300,5523.55088411,1
1505944397,21935025,0.18300,1463.00000000,1
1505944397,21935024,0.18300,55.57000000,1
1505944396,21935023,0.18301,17102.99271589,1
1505944396,21935022,0.18302,1654.88640000,1
1505944392,21935020,0.18301,1599.43319700,1
1505944391,21935019,0.18301,7384.31109711,1
1505944391,21935018,0.18310,35.00000000,1
1505944391,21935017,0.18313,265.48275789,1
1505944391,21935016,0.18320,600.00000000,1
1505944391,21935014,0.18322,11010.00000000,1
1505944391,21935011,0.18323,160.04980000,1
1505944374,21935003,0.18323,10553.35024300,1
1505944374,21935002,0.18329,1641.54580000,1
1505944374,21935000,0.18331,2500.00000000,1
1505944140,21934920,0.18323,2115.23500000,1
1505944133,21934917,0.18323,32.96700000,1
1505943744,21934716,0.18470,500.00000000,0
1505943696,21934701,0.18323,3877.99384827,1
1505943695,21934700,0.18333,266.04471559,1
1505943695,21934699,0.18340,600.00000000,1
1505943695,21934698,0.18351,12.74581614,1
1505943693,21934697,0.18370,777.21562000,1
1505943603,21934691,0.18410,64.88455300,0
1505943523,21934666,0.18427,381.00000000,0
1505943523,21934665,0.18380,119.00000000,0
1505943505,21934660,0.18380,500.00000000,0
1505943471,21934645,0.18435,500.00000000,0
1505943459,21934636,0.18370,123.78438000,1
1505943428,21934630,0.18442,500.00000000,0
1505943406,21934611,0.18446,500.00000000,0
1505943382,21934594,0.18450,500.00000000,0
1505943320,21934555,0.18459,144.00000000,0
1505943052,21934479,0.18474,3722.74924500,0
1505943052,21934478,0.18471,163.14722000,0
1505943052,21934477,0.18466,4656.10355500,0
1505943052,21934476,0.18466,4391.99998000,0
1505943032,21934465,0.18473,163.00596941,0
1505943031,21934460,0.18471,4701.77698400,1
1505943031,21934458,0.18471,18432.38000000,0
1505942948,21934439,0.18401,126.00000000,1
1505942900,21934432,0.18396,500.00000000,0
1505942890,21934428,0.18396,136.40616000,0
1505942400,21934250,0.18394,698.03798000,1
1505942072,21934172,0.18475,500.00000000,1
1505942024,21934159,0.18479,207.70570057,0
1505941803,21934067,0.18432,64.96201400,0
1505941456,21933927,0.18387,58.81656800,1
1505941309,21933845,0.18420,2120.00000000,1
1505940930,21933665,0.18519,7870.57145164,0
1505940930,21933664,0.18519,19093.67300000,0
1505940777,21933614,0.18491,45.86908423,0
1505940768,21933609,0.18531,4050.27181718,1
1505940763,21933605,0.18531,4891.16502300,1
1505940759,21933604,0.18531,692.25200000,1
1505940757,21933603,0.18531,4892.19167900,1
1505940756,21933602,0.18481,13395.49615000,0
1505940756,21933601,0.18481,3684.20317000,0
1505940487,21933467,0.18531,190.00000000,0
1505940400,21933406,0.18445,54.08218600,0
1505940266,21933295,0.18419,216.62544112,0
1505940200,21933259,0.18405,1907.47147514,0
1505940185,21933245,0.18405,230.31784841,0
1505940168,21933241,0.18405,16278.75609889,0
1505940141,21933228,0.18405,7088.12295572,0
1505940003,21933181,0.18403,65.05026400,0
1505939796,21933096,0.18403,2480.35021464,0
1505939373,21932909,0.18403,510.00000000,1
1505939110,21932821,0.18382,1798.69816500,0
1505939047,21932797,0.18351,1862.70602800,1
1505938996,21932775,0.18380,15373.56825897,1
1505938970,21932771,0.18380,187.63000000,1
1505938935,21932752,0.18351,60.06042300,1
1505938935,21932750,0.18351,19331.58729786,1
1505938935,21932749,0.18352,77.32970214,1
1505938933,21932747,0.18352,183.73819400,1
1505938735,21932619,0.18352,330.88063476,1
1505938728,21932617,0.18352,10318.09825300,1
1505938707,21932609,0.18352,39089.95321610,1
1505938707,21932608,0.18352,1500.00000000,1
1505938707,21932607,0.18352,3614.53145090,1
1505938680,21932590,0.18352,4388.34250200,1
1505938674,21932583,0.18352,9444.67296000,1
1505938570,21932548,0.18352,1295.68324700,1
1505938541,21932534,0.18352,6940.63752700,1
1505938459,21932515,0.18352,5447.17878200,1
1505938363,21932461,0.18422,5421.24459885,0
1505938361,21932460,0.18352,722.73660000,1
1505938250,21932421,0.18352,7833.80171200,1
1505938245,21932419,0.18352,2116.52825922,1
1505938204,21932403,0.18421,64.98317200,0
1505938195,21932400,0.18352,1604.73084700,1
1505938180,21932382,0.18352,6468.76343300,1
1505938160,21932373,0.18353,67.60732012,1
1505938060,21932317,0.18360,1105.86940500,1
1505938022,21932296,0.18353,199.00000000,1
1505938011,21932285,0.18351,4495.46866619,1
1505938011,21932284,0.18352,291.49825981,1
1505938006,21932246,0.18352,1531.83678772,1
1505938006,21932245,0.18373,267.17056328,1
1505937992,21932226,0.18352,76.66495247,1
1505937992,21932224,0.18360,800.00000053,1
1505937989,21932218,0.18360,1269.99999947,1
1505937989,21932217,0.18360,600.00000000,1
1505937988,21932215,0.18393,267.73420507,1
1505937988,21932213,0.18400,800.00000046,1
1505937983,21932208,0.18400,40800.89614600,1
1505937982,21932207,0.18400,445.65744049,1
1505937982,21932206,0.18400,8074.05391304,1
1505937982,21932205,0.18400,19132.29807247,1
1505937982,21932204,0.18405,4000.00000000,1
1505937970,21932202,0.18465,113.66299400,0
1505937936,21932189,0.18400,8317.70192753,1
1505937936,21932188,0.18400,5184.55576086,1
1505937936,21932187,0.18400,3004.91453804,1
1505937936,21932186,0.18400,2493.65510357,1
1505937919,21932172,0.18400,216.95966386,1
1505937919,21932171,0.18400,2000.00000000,1
1505937919,21932170,0.18400,1043.90990214,1
1505937914,21932162,0.18401,9053.92814800,1
1505937912,21932157,0.18401,3121.94775100,1
1505937907,21932151,0.18402,947.68400000,1
1505937905,21932150,0.18401,2879.17792096,1
1505937905,21932149,0.18410,409.56711504,1
1505937892,21932133,0.18497,2445.41909499,0
1505937869,21932128,0.18410,100.00000000,1
1505937858,21932108,0.18410,58.93175100,1
1505937849,21932098,0.18410,1788.64400000,1
1505937849,21932096,0.18411,400.00000000,1
1505937816,21932067,0.18568,2684.74210835,1
1505937816,21932066,0.18568,1940.17100000,1
1505937816,21932065,0.18566,965.27295000,0
1505937815,21932063,0.18537,4826.36476000,0
1505937815,21932062,0.18534,7389.64561900,1
1505937813,21932060,0.18533,7196.04909000,0
1505937810,21932059,0.18411,100.00000000,1
1505937774,21932038,0.18556,8998.42371852,1
1505937774,21932037,0.18485,5.94353512,0
1505937772,21932036,0.18472,45055.45600000,0
1505937739,21932018,0.18410,1352.85149501,1
1505937739,21932017,0.18410,10585.94850499,1
1505937686,21931947,0.18410,810.76900000,1
1505937680,21931940,0.18410,28.86000166,1
1505937680,21931939,0.18424,271.59299834,1
1505937582,21931879,0.18424,191.40700166,1
1505937383,21931760,0.18410,131.70152977,1
1505937382,21931759,0.18413,268.29847023,1
1505937231,21931666,0.18410,4724.57493879,1
1505937231,21931664,0.18411,4397.17319000,1
1505937231,21931663,0.18433,268.86335074,1
1505937183,21931562,0.18410,35.00000000,1
1505937183,21931559,0.18423,0.73372325,1
1505937183,21931558,0.18453,69.42917762,1
1505937178,21931552,0.18500,8494.06646488,1
1505937166,21931531,0.18500,1934.34311000,1
1505937166,21931530,0.18500,6090.38695205,1
1505937164,21931522,0.18500,522.31364107,1
1505937163,21931508,0.18500,1022.61044600,1
1505937162,21931505,0.18500,1936.27938600,1
1505937130,21931458,0.18453,199.99989132,1
1505937106,21931404,0.18445,269.99331709,0
1505937101,21931395,0.18445,92.68684000,1
1505937100,21931393,0.18493,270.56022882,1
1505937065,21931352,0.18513,0.00002334,1
1505937065,21931351,0.18513,271.12770000,1
1505937035,21931314,0.18474,1000.00000000,1
1505937035,21931313,0.18475,40.15075404,1
1505937035,21931312,0.18491,82.61937000,1
1505937034,21931311,0.18499,2239.02571702,1
1505937034,21931310,0.18500,992.59337837,1
1505937034,21931309,0.18500,257.53000000,1
1505937034,21931308,0.18510,35.00000000,1
1505937034,21931307,0.18510,48.89876751,1
1505937034,21931305,0.18533,271.69556458,1
1505936996,21931270,0.18510,53.10123249,1
1505936994,21931269,0.18553,272.26420204,1
1505936948,21931229,0.18573,272.83317191,1
1505936941,21931225,0.18578,209.00000000,1
1505936932,21931218,0.18580,0.00000013,1
1505936814,21931129,0.18580,8660.86989500,1
1505936776,21931056,0.18580,6522.60696170,1
1505936776,21931053,0.18581,4137.75557230,1
1505936771,21931038,0.18598,948.76304000,1
1505936478,21930790,0.18638,1873.20087992,0
1505936403,21930725,0.18638,64.23006800,0
1505936211,21930687,0.18640,2967.84232833,0
1505935988,21930610,0.18650,2973.72667560,1
1505935939,21930589,0.18687,5353.21178200,1
1505935915,21930581,0.18687,1618.01801400,1
1505935887,21930576,0.18687,4149.01769400,1
1505935885,21930574,0.18686,1379.75251000,0
1505935885,21930573,0.18685,2500.00000000,0
1505935810,21930511,0.18692,112.28081532,0
1505935337,21930250,0.18592,58.58407100,1
1505935120,21930103,0.18664,534.45467210,0
1505934797,21929903,0.18689,667.13039756,0
1505934603,21929810,0.18691,64.04451100,0
1505934459,21929757,0.18699,2695.93978779,0
1505934459,21929756,0.18698,1947.69495000,0
1505934457,21929754,0.18620,562.54681700,0
1505934413,21929732,0.18620,2749.10333400,0
1505934413,21929731,0.18620,2251.81617200,0
1505934413,21929730,0.18620,975.23367700,0
1505934261,21929696,0.18590,58.58407100,1
1505934183,21929651,0.18698,133.37068136,0
1505934006,21929574,0.18697,64.02738400,0
1505934000,21929571,0.18622,413.87658000,1
1505933812,21929499,0.18699,1066.90860474,0
1505933523,21929346,0.18700,19782.27438395,0
1505933523,21929345,0.18698,2613.92903000,0
1505933523,21929344,0.18697,1331.01430000,1
1505933521,21929343,0.18690,1325.10750000,0
1505933150,21929090,0.18699,7521.70592010,0
1505932926,21928904,0.18701,213.35885782,0
1505932916,21928888,0.18703,578.64317793,0
1505932890,21928817,0.18686,26.69126619,0
1505932838,21928760,0.18581,154.78250000,1
1505932836,21928759,0.18625,64.12341300,0
1505932647,21928579,0.18581,2226.48757300,1
1505932647,21928578,0.18581,4694.04346900,1
1505932516,21928477,0.18581,11269.67005580,1
1505932480,21928463,0.18591,98.00711944,1
1505932214,21928272,0.18591,379.75400000,1
1505932120,21928184,0.18600,1566.74006399,0
1505932115,21928178,0.18600,1566.73218467,0
1505932012,21928116,0.18600,132.39668300,0
1505931813,21927910,0.18600,596.95300000,0
1505931813,21927909,0.18591,478.00000000,0
1505931737,21927819,0.18595,58.75739600,1
1505931645,21927780,0.18593,273.40269497,1
1505931596,21927758,0.18581,37517.26082990,1
1505931596,21927757,0.18588,27.20000000,1
1505931596,21927756,0.18590,27330.00000000,1
1505931596,21927755,0.18613,273.97299010,1
1505931596,21927754,0.18615,695.16434000,1
1505931596,21927753,0.18615,3473.64820000,1
1505931596,21927752,0.18627,1338.42840000,1
1505931596,21927750,0.18628,16109.32524000,1
1505931595,21927748,0.18657,1060.00000000,1
1505931595,21927746,0.18660,2000.00000000,1
1505931595,21927745,0.18660,1000.00000000,1
1505931363,21927601,0.18759,626.95888107,0
1505931361,21927598,0.18730,500.00000000,0
1505931005,21927395,0.18724,63.93164200,0
1505930658,21927255,0.18657,58.75739600,1
1505930587,21927211,0.18789,11367.67717524,0
1505930584,21927210,0.18789,37.26909362,0
1505930530,21927197,0.18797,2403.92495100,0
1505930511,21927192,0.18800,405.85524643,0
1505930511,21927191,0.18800,5009.58603828,0
1505930511,21927190,0.18780,21355.00000000,0
1505930511,21927189,0.18779,500.62698000,1
1505930510,21927188,0.18750,5000.00000000,0
1505930510,21927187,0.18750,1090.04196000,1
1505930510,21927186,0.18750,3083.48711000,1
1505930510,21927185,0.18730,1883.00000000,0
1505930509,21927184,0.18725,2503.13491000,1
1505930508,21927183,0.18725,1442.88750000,0
1505930477,21927175,0.18724,2173.58535000,0
1505930477,21927174,0.18722,1379.53200000,1
1505930475,21927172,0.18722,478.00000000,1
1505930475,21927171,0.18722,15968.88265000,0
1505930400,21927102,0.18633,439.10775000,1
1505929998,21926913,0.18730,1065.11597346,1
1505929998,21926912,0.18710,1375.49120000,0
1505929996,21926911,0.18709,3382.91397000,0
1505929596,21926705,0.18611,3085.45640341,1
1505929596,21926704,0.18633,274.54359659,1
1505929594,21926702,0.18635,250.00000000,1
1505929559,21926684,0.18700,79.90995800,0
1505929557,21926683,0.18659,577.89224700,0
1505929204,21926452,0.18727,63.92140100,0
1505929103,21926415,0.18610,2612.31934077,1
1505929103,21926414,0.18610,1778.89000000,1
1505929103,21926413,0.18653,275.11495934,1
1505929103,21926412,0.18660,320.00000000,1
1505929099,21926410,0.18738,2822.82527484,0
1505928953,21926361,0.18748,1582.10090164,1
1505928724,21926248,0.18582,2721.89287925,1
1505928723,21926247,0.18590,27426.00000000,1
1505928723,21926246,0.18591,5000.00000000,0
1505928723,21926245,0.18592,7744.28817800,1
1505928723,21926244,0.18592,2500.00000000,0
1505928722,21926243,0.18600,2410.00000000,1
1505928722,21926242,0.18600,1736.13831012,1
1505928722,21926241,0.18601,2500.00000000,0
1505928722,21926240,0.18613,2047.77170000,1
1505928720,21926237,0.18673,275.68684463,1
1505928675,21926198,0.18603,4062.81114252,1
1505928675,21926197,0.18609,2144.53950000,1
1505928675,21926196,0.18676,2500.00000000,1
1505928674,21926195,0.18693,276.25924518,1
1505928580,21926166,0.18600,2049.02298020,1
1505928580,21926165,0.18601,5000.00000000,0
1505928580,21926164,0.18658,687.82972000,1
1505928580,21926163,0.18658,3444.72638000,1
1505928579,21926162,0.18660,12773.87682000,0
1505928579,21926161,0.18713,276.83215377,1
1505928579,21926160,0.18715,250.00000000,1
1505928577,21926159,0.18750,741.24260400,1
1505928509,21926143,0.18785,477.91088635,0
1505928398,21926029,0.18756,1003.27020686,0
1505928279,21925964,0.18750,100.00000000,1
1505928215,21925936,0.18750,100.00000000,1
1505928196,21925926,0.18750,58.75739600,1
1505927404,21925546,0.18799,63.67998300,0
1505927201,21925435,0.18800,85.00000000,1
1505927136,21925387,0.18762,58.58407100,1
1505927057,21925300,0.18656,3352.52458903,1
1505927057,21925299,0.18656,5000.00000000,0
1505927057,21925297,0.18733,1330.36350000,1
1505927057,21925295,0.18733,277.40578674,1
1505927056,21925284,0.18760,807.81272800,1
1505927050,21925258,0.18760,1692.18727200,1
1505927046,21925250,0.18844,9276.51198655,1
1505927046,21925249,0.18844,10000.00000000,1
1505927045,21925245,0.18844,6984.18496600,1
1505927045,21925243,0.18844,4937.13999000,1
1505927045,21925240,0.18844,3429.44220973,1
1505927045,21925239,0.18844,14168.52557400,1
1505927044,21925236,0.18844,11022.86641000,1
1505927044,21925235,0.18844,1021.35000000,1
1505927043,21925234,0.18844,2280.53217600,1
1505927043,21925233,0.18844,3388.52230700,1
1505927043,21925232,0.18844,1722.02964900,1
1505927043,21925231,0.18844,5234.03652900,1
1505927043,21925230,0.18844,1561.56284900,1
1505927042,21925227,0.18844,338.84037372,1
1505927042,21925226,0.18844,12621.96500000,1
1505927041,21925222,0.18832,1131.33198000,0
1505927041,21925221,0.18831,12636.15800000,0
1505927041,21925220,0.18830,2500.00000000,0
1505926891,21925137,0.18874,17632.87362302,1
1505926890,21925136,0.18863,279.34123000,0
1505926890,21925135,0.18863,1396.70615000,0
1505926890,21925134,0.18800,4897.60965495,0
1505926888,21925132,0.18777,1017.00000000,0
1505926828,21925070,0.18800,4897.53227505,1
1505926824,21925064,0.18800,4171.98404500,1
1505926824,21925061,0.18800,5498.34933545,1
1505926818,21925055,0.18800,2331.14865582,1
1505926816,21925050,0.18800,241.40042493,1
1505926815,21925048,0.18800,232.71718086,1
1505926815,21925046,0.18800,2331.14863858,1
1505926813,21925041,0.18800,1534.39168100,1
1505926812,21925038,0.18800,5365.23669700,1
1505926812,21925036,0.18800,3496.33066000,1
1505926745,21924840,0.18750,18996.26973100,1
1505926745,21924838,0.18751,3790.81920000,1
1505926741,21924823,0.18919,759.31220920,0
1505926741,21924821,0.18919,3650.93641620,1
1505926741,21924820,0.18919,2298.62239361,1
1505926740,21924819,0.18918,2540.24651700,0
1505926740,21924818,0.18918,8347.25283800,0
1505926740,21924817,0.18910,250.00000000,0
1505926740,21924816,0.18910,35.00000000,0
1505926740,21924815,0.18905,218.52732060,0
1505926739,21924813,0.18900,8257.21803228,0
1505926739,21924811,0.18877,218.04519780,0
1505926739,21924810,0.18864,543.45912149,0
1505926738,21924807,0.18863,2298.62244000,1
1505926738,21924806,0.18857,277.22742346,0
1505926738,21924805,0.18855,459.72449000,1
1505926738,21924804,0.18837,276.65245511,0
1505926737,21924803,0.18817,276.07776595,0
1505926737,21924802,0.18810,15189.36032038,0
1505926737,21924801,0.18810,250.00000000,0
1505926737,21924800,0.18800,2400.00000000,0
1505926737,21924799,0.18797,275.50404064,0
1505926736,21924798,0.18795,2000.00000000,0
1505926736,21924797,0.18780,1000.00000000,0
1505926736,21924796,0.18779,2539.00439800,0
1505926734,21924792,0.18757,0.98453237,0
1505926495,21924620,0.18777,1407.61546763,1
1505926463,21924536,0.18777,16103.83802800,1
1505926448,21924524,0.18777,537.72600000,1
1505926446,21924519,0.18795,1100.80800000,1
1505926445,21924515,0.18795,899.19200000,1
1505926433,21924506,0.18777,100.00000000,1
1505926429,21924501,0.18777,2450.11000000,1
1505926423,21924497,0.18777,281.95200000,1
1505926421,21924494,0.18777,2430.83000000,1
1505926410,21924489,0.18777,1498.68000000,1
1505926406,21924485,0.18777,2392.61000000,1
1505926394,21924475,0.18777,1074.54000000,1
1505926384,21924459,0.18777,10000.00000000,1
1505926383,21924457,0.18777,10000.00000000,1
1505926383,21924456,0.18777,10000.00000000,1
1505926383,21924454,0.18777,10000.00000000,1
1505926383,21924453,0.18777,10000.00000000,1
1505926383,21924452,0.18777,10000.00000000,1
1505926383,21924451,0.18777,10000.00000000,1
1505926383,21924450,0.18777,10000.00000000,1
1505926382,21924447,0.18777,10000.00000000,1
1505926382,21924446,0.18777,10000.00000000,1
1505926380,21924442,0.18777,3166.44867895,1
1505926380,21924441,0.18778,4648.94898000,1
1505926378,21924434,0.18777,3584.62516700,1
1505926378,21924433,0.18777,7031.72156400,1
1505926378,21924432,0.18777,1657.05856900,1
1505926376,21924428,0.18777,7692.73143221,1
1505926375,21924426,0.18777,530.46900000,1
1505926373,21924424,0.18777,531.00000000,1
1505926372,21924423,0.18777,1802.03169000,1
1505926372,21924421,0.18777,2367.91000000,1
1505926372,21924420,0.18777,2366.73000000,1
1505926372,21924419,0.18777,2689.10336800,1
1505926372,21924418,0.18777,4916.79950600,1
1505926371,21924417,0.18777,10414.75656800,1
1505926371,21924416,0.18777,2870.68362500,1
1505926371,21924414,0.18777,1309.27984151,1
1505926369,21924412,0.18777,274.93083583,0
1505926369,21924411,0.18776,2746.60975000,0
1505926369,21924410,0.18741,11398.80694705,0
1505926369,21924409,0.18741,4370.40196182,0
1505926284,21924375,0.18741,2000.00000000,0
1505926165,21924292,0.18721,1337.39433000,0
1505926148,21924256,0.18741,4810.78841487,1
1505926148,21924254,0.18741,4320.49762553,1
1505926147,21924253,0.18741,3260.43756800,1
1505926147,21924252,0.18741,1212.63566700,1
1505926146,21924251,0.18741,1224.60232600,1
1505926146,21924250,0.18741,5271.89304100,1
1505926146,21924248,0.18741,4558.43242100,1
1505926146,21924247,0.18741,12355.67523800,1
1505926146,21924246,0.18741,5756.07775100,1
1505926145,21924245,0.18741,74.22093360,1
1505926143,21924242,0.18724,19051.32200000,0
1505926143,21924241,0.18722,4839.75464000,0
1505926143,21924240,0.18721,4329.31296000,0
1505926143,21924239,0.18721,24674.73500000,0
1505926143,21924238,0.18720,4259.61441400,0
1505926076,21924203,0.18681,4837.76089208,0
1505926074,21924200,0.18681,4193.16167000,0
1505926061,21924185,0.18681,4633.59957000,0
1505926047,21924169,0.18680,4290.35478000,1
1505926047,21924168,0.18680,4290.35478000,0
1505926008,21924106,0.18680,19130.44530700,1
1505925943,21924051,0.18680,25562.12039623,1
1505925876,21924027,0.18681,4219.97323000,0
1505925861,21924017,0.18680,4194.49136700,0
1505925850,21924014,0.18680,109.10350300,1
1505925657,21923905,0.18680,7947.69153073,1
1505925656,21923904,0.18680,913.55924700,1
1505925656,21923901,0.18680,244.85487153,1
1505925655,21923900,0.18680,1620.18019300,1
1505925654,21923899,0.18680,13223.75200000,1
1505925653,21923898,0.18679,13583.99800000,0
1505925653,21923897,0.18678,6432.76298000,0
1505925653,21923896,0.18641,551.00000000,0
1505925639,21923887,0.18624,397.26965158,0
1505925604,21923818,0.18624,64.27835100,0
1505925446,21923668,0.18601,2663.69367400,1
1505925232,21923567,0.18600,777.80651600,1
1505925188,21923555,0.18624,38.45199742,0
1505924888,21923395,0.18600,2144.15445700,1
1505924887,21923393,0.18601,2348.40511000,1
1505924886,21923392,0.18600,5303.18978000,1
1505924886,21923391,0.18601,2348.40511000,1
1505924864,21923382,0.18592,10000.00000000,1
1505924837,21923371,0.18593,945.64194200,0
1505924835,21923370,0.18593,551.00000000,1
1505924783,21923332,0.18592,2255.71182200,1
1505924778,21923326,0.18593,513.63595049,1
1505924757,21923316,0.18593,4486.36404951,1
1505924757,21923315,0.18597,274.93083583,1
1505924757,21923314,0.18624,1054.47329466,1
1505924680,21923264,0.18624,1644.17738000,1
1505924680,21923263,0.18625,351.97562000,1
1505924677,21923262,0.18669,2292.91128900,1
1505924536,21923205,0.18669,57.73255800,1
1505924498,21923145,0.18669,1696.58605200,1
1505924415,21923109,0.18669,6253.28742100,1
1505924414,21923108,0.18674,2000.00000000,1
1505924189,21922998,0.18594,2274.49595936,1
1505924189,21922997,0.18610,150.00000000,1
1505924189,21922996,0.18617,275.50404064,1
1505924187,21922991,0.18624,800.00000000,1
1505924180,21922988,0.18624,200.00000000,1
1505924171,21922984,0.18680,533.96499100,0
1505924083,21922633,0.18681,3738.15116964,0
1505924067,21922586,0.18681,4424.48985600,0
1505924066,21922581,0.18680,4238.69397000,0
1505924066,21922580,0.18680,4779.95160000,0
1505923889,21922082,0.18680,11203.10492505,0
1505923806,21922052,0.18680,64.08222300,0
1505923749,21921999,0.18681,1000.00000000,0
1505923712,21921981,0.18636,195.70202200,1
1505923709,21921977,0.18681,1841.66361228,0
1505923653,21921931,0.18636,439.65276313,1
1505923653,21921930,0.18637,276.07776595,1
1505923651,21921929,0.18640,3553.26947092,1
1505923458,21921784,0.18640,58.07017500,1
1505923389,21921575,0.18640,128.00000000,1
1505923215,21921494,0.18700,550.99993629,0
1505922996,21921362,0.18661,100.72134853,1
1505922628,21921095,0.18661,88114.82292000,1
1505922627,21921094,0.18662,1309.74130000,1
1505922626,21921093,0.18662,2366.55940000,1
1505922626,21921092,0.18662,3208.87638000,1
1505922540,21921071,0.18661,400.00000000,1
1505922493,21921056,0.18661,500.00000000,1
1505922472,21921042,0.18661,918.77300000,1
1505922458,21921034,0.18708,101.64419500,1
1505922308,21920930,0.18718,3489.70835616,0
1505922306,21920928,0.18690,367.57689260,0
1505922304,21920926,0.18690,548.42310740,0
1505922249,21920867,0.18661,925.95843800,1
1505922003,21920722,0.18733,63.90434000,0
1505922001,21920721,0.18649,681.28866489,1
1505922000,21920720,0.18657,184.12417511,1
1505921976,21920714,0.18741,2604.11526000,1
1505921975,21920713,0.18783,3251.10000000,1
1505921964,21920704,0.18786,53.68242308,0
1505921962,21920701,0.18740,2090.38360500,1
1505921959,21920698,0.18740,14735.19887200,1
1505921957,21920695,0.18740,31964.82528585,1
1505921957,21920694,0.18741,2877.63821000,1
1505921957,21920693,0.18742,24095.67015915,1
1505921949,21920684,0.18742,2849.43970300,1
1505921949,21920683,0.18742,3668.92023500,1
1505921948,21920682,0.18742,782.81129900,1
1505921943,21920676,0.18742,30642.22860400,1
1505921874,21920618,0.18742,9260.92999985,1
1505921848,21920601,0.18740,15015.52326200,1
1505921848,21920600,0.18741,3179.89941000,1
1505921826,21920558,0.18741,271.45860100,1
1505921767,21920510,0.18740,2633.46739304,0
1505921746,21920497,0.18740,526.96430096,0
1505921713,21920479,0.18739,1463.00000000,0
1505921695,21920472,0.18738,2500.00000000,0
1505921535,21920373,0.18742,700.52988700,0
1505921017,21920047,0.18665,55.00000000,1
1505920999,21920040,0.18764,1001.00000000,0
1505920839,21919945,0.18746,1263.73626373,0
1505920834,21919943,0.18691,50.58715424,0
1505920763,21919875,0.18760,0.00000015,1
1505920747,21919853,0.18760,1287.99861100,1
1505920726,21919829,0.18760,9074.61898700,1
1505920702,21919782,0.18760,3976.34793600,1
1505920696,21919778,0.18760,6466.98834200,1
1505920691,21919774,0.18760,1004.76811600,1
1505920690,21919773,0.18761,2890.86114000,1
1505920647,21919745,0.18761,1622.66886300,1
1505920404,21919572,0.18761,11005.75826584,1
1505920315,21919488,0.18761,146.00000000,1
1505920281,21919461,0.18768,2749.55600000,0
1505920204,21919347,0.18768,63.78516600,0
1505920185,21919323,0.18760,1148.99067000,1
1505920185,21919321,0.18761,3851.00933000,1
1505920159,21919289,0.18760,5720.04230000,1
1505920158,21919286,0.18761,2555.55517000,1
1505920157,21919282,0.18761,2200.00000000,1
1505920102,21919234,0.18760,1320.24503785,0
1505920093,21919231,0.18760,1451.55824083,0
1505919908,21919105,0.18760,1000.00000000,0
1505919857,21919088,0.18659,58.07017500,1
1505919778,21919033,0.18764,1496.51394896,1
1505919777,21919032,0.18764,636.59166000,0
1505919777,21919031,0.18764,3182.95829000,0
1505919775,21919030,0.18698,916.00000000,0
1505919549,21918828,0.18767,137.41943400,0
1505919420,21918736,0.18673,4841.96954000,1
1505919420,21918735,0.18700,1160.00000000,1
1505919420,21918734,0.18701,1319.11690000,0
1505919418,21918733,0.18726,978.91356000,1
1505919299,21918671,0.18787,51.21163000,0
1505919299,21918670,0.18786,79.22837000,0
1505919299,21918669,0.18780,500.00000000,0
1505919049,21918458,0.18787,91.99999965,0
1505919047,21918455,0.18750,0.00000035,0
1505919041,21918450,0.18727,506.68900000,1
1505918905,21918350,0.18750,3830.36484000,0
1505918904,21918349,0.18750,6169.63515965,0
1505918904,21918348,0.18745,0.00000035,0
1505918836,21918315,0.18729,3283.67482256,0
1505918812,21918296,0.18726,957.08644000,1
1505918812,21918295,0.18728,1324.38920000,1
1505918812,21918294,0.18728,30768.90000000,1
1505918810,21918293,0.18729,6949.62436000,1
1505918687,21918188,0.18745,3416.11010000,0
1505918639,21918145,0.18745,1996.28285400,0
1505918623,21918129,0.18745,413.27200000,0
1505918609,21918104,0.18745,3569.67238217,0
1505918564,21918041,0.18745,41696.58090000,0
1505918564,21918040,0.18744,2875.22600000,0
1505918507,21917944,0.18745,921.65674900,0
1505918507,21917943,0.18744,3416.11010000,0
1505918430,21917895,0.18726,564.00000000,0
1505918403,21917868,0.18749,63.84980500,0
1505918402,21917864,0.18749,1330.21190463,0
1505918400,21917860,0.18657,92.52828000,1
1505918310,21917778,0.18677,0.00000001,0
1505918308,21917776,0.18677,2498.61969100,0
1505918308,21917775,0.18677,18109.36062300,0
1505918306,21917772,0.18677,277.22742346,1
1505918158,21917634,0.18799,9.99680834,0
1505918157,21917633,0.18798,53.68000000,0
1505918044,21917533,0.18799,57.20043619,0
1505917901,21917409,0.18748,295.39377238,0
1505917896,21917405,0.18748,8280.15407859,0
1505917896,21917404,0.18748,1719.84592141,0
1505917845,21917356,0.18748,2274.77575634,0
1505917843,21917352,0.18748,2144.92766100,0
1505917840,21917351,0.18748,4292.91192157,1
1505917808,21917326,0.18748,54.41697843,1
1505917760,21917229,0.18799,650.00000000,0
1505917760,21917228,0.18748,7652.67110000,1
1505917759,21917226,0.18749,1847.32890000,1
1505917759,21917225,0.18760,2500.00000000,1
1505917663,21917157,0.18858,0.00000030,1
1505917647,21917138,0.18858,3189.99386400,1
1505917646,21917135,0.18850,254.00000000,0
1505917646,21917134,0.18849,278.00613570,0
1505917491,21917046,0.18808,471.47171416,0
1505917489,21917044,0.18795,58.93175100,0
1505917338,21916944,0.18704,58.93175100,1
1505917237,21916875,0.18800,2978.76621700,1
1505917237,21916873,0.18800,7703.55178300,1
1505917215,21916861,0.18800,317.68200000,1
1505917120,21916778,0.18800,44962.05452627,1
1505917120,21916776,0.18801,9449.13457000,1
1505917118,21916774,0.18841,277.92178573,1
1505917098,21916762,0.18841,962.00000000,1
1505917042,21916664,0.18841,585.83700000,1
1505917041,21916659,0.18841,3210.83220000,1
1505916977,21916572,0.18801,250.99872762,1
1505916975,21916570,0.18840,548.03609341,1
1505916943,21916500,0.18841,245.34889100,1
1505916939,21916492,0.18841,8744.51349087,1
1505916939,21916491,0.18850,7409.44848806,1
1505916916,21916458,0.18840,1256.82091100,1
1505916915,21916455,0.18840,768.99918100,1
1505916915,21916454,0.18841,11012.71372000,1
1505916915,21916452,0.18841,1151.29000000,1
1505916914,21916446,0.18863,1114.30140050,0
1505916912,21916441,0.18863,3602.83624025,0
1505916912,21916440,0.18857,100.00000000,0
1505916911,21916434,0.18840,902.62900000,1
1505916910,21916429,0.18840,2999.84023355,1
1505916910,21916428,0.18840,3000.00000000,1
1505916909,21916424,0.18840,901.99735100,1
1505916906,21916414,0.18840,200.00000000,0
1505916866,21916274,0.18757,820.00000000,1
1505916837,21916198,0.18733,9964.65029091,0
1505916836,21916197,0.18732,13166.62781000,0
1505916835,21916195,0.18733,9204.69391000,0
1505916835,21916194,0.18731,795.30609000,0
1505916832,21916190,0.18732,103.71419000,0
1505916832,21916189,0.18732,795.30609000,0
1505916817,21916169,0.18733,5536.52538700,0
1505916813,21916162,0.18733,1042.20514500,0
1505916811,21916161,0.18733,2125.23751100,0
1505916811,21916160,0.18732,944.91813000,0
1505916794,21916095,0.18732,979.88773000,1
1505916786,21916050,0.18733,6687.89808000,0
1505916786,21916049,0.18732,1307.01032000,0
1505916778,21916007,0.18732,368.21400000,0
1505916768,21915931,0.18733,1475.46758200,0
1505916768,21915927,0.18733,3394.84153900,0
1505916747,21915817,0.18733,686.76600000,0
1505916746,21915814,0.18733,1160.75000000,0
1505916739,21915776,0.18733,13481.43608400,0
1505916734,21915748,0.18733,682.34800000,0
1505916730,21915736,0.18733,221.67051000,0
1505916710,21915686,0.18732,283.20183500,0
1505916708,21915682,0.18730,2562.71498093,1
1505916701,21915656,0.18733,852.72287421,0
1505916701,21915654,0.18733,1312.26350000,0
1505916695,21915625,0.18733,2713.58358688,0
1505916665,21915576,0.18844,1271.03448275,0
1505916652,21915558,0.18850,3345.15904397,1
1505916652,21915555,0.18849,217.56364158,0
1505916651,21915554,0.18849,670.35521706,1
1505916651,21915552,0.18849,5381.20000000,1
1505916651,21915549,0.18842,3500.00000000,0
1505916650,21915547,0.18841,597.06289000,1
1505916650,21915545,0.18841,2985.31444000,1
1505916650,21915542,0.18821,217.08238550,0
1505916650,21915539,0.18820,35.00000000,0
1505916649,21915538,0.18810,35.00000000,0
1505916649,21915537,0.18800,3971.00000000,0
1505916648,21915536,0.18793,216.60143876,0
1505916648,21915535,0.18781,271.29789910,0
1505916648,21915534,0.18780,27805.00000000,0
1505916648,21915532,0.18779,597.06289000,0
1505916647,21915531,0.18779,2985.31444000,0
1505916647,21915528,0.18765,216.12081070,0
1505916647,21915524,0.18761,270.73276438,0
1505916646,21915519,0.18753,82.00604000,0
1505916646,21915515,0.18750,982.75862068,0
1505916646,21915513,0.18745,91.83785000,0
1505916644,21915508,0.18737,215.64051074,0
1505916632,21915477,0.18729,982.04481000,0
1505916625,21915474,0.18729,2713.20163700,0
1505916624,21915471,0.18729,1499.85423957,0
1505916624,21915469,0.18710,35.00000000,0
1505916624,21915468,0.18709,151.14343643,0
1505916603,21915413,0.18709,64.01711200,0
1505916599,21915406,0.18700,962.00000000,1
1505916598,21915405,0.18700,0.00000048,0
1505916598,21915403,0.18700,2124.13656600,0
1505916596,21915396,0.18690,1713.00000000,0
1505916512,21915264,0.18700,1000.00000000,0
1505916497,21915238,0.18700,861.42191000,0
1505916490,21915227,0.18671,1255.12789458,0
1505916461,21915181,0.18671,213.70167640,0
1505916405,21915130,0.18633,1959.84924596,0
1505916316,21914974,0.18633,40.15075404,0
1505916283,21914903,0.18600,30506.58767400,1
1505916283,21914900,0.18610,7871.52265000,1
1505916281,21914893,0.18611,17041.53745000,1
1505916258,21914869,0.18608,58.93175100,1
1505916181,21914783,0.18601,1077.39795600,1
1505916141,21914729,0.18644,229.21769024,1
1505916129,21914703,0.18644,172.64053616,1
1505916120,21914681,0.18644,1128.70953555,1
1505916054,21914581,0.18644,1422.21514100,1
1505916032,21914528,0.18644,390.85480000,1
1505916031,21914527,0.18645,1314.26940000,1
1505916025,21914522,0.18700,6178.42531304,0
1505916025,21914521,0.18698,27.00000000,0
1505916025,21914518,0.18697,2000.00000000,0
1505916024,21914517,0.18696,1546.50313898,0
1505916024,21914514,0.18695,9948.40000000,1
1505916024,21914513,0.18695,1297.13912811,1
1505916024,21914511,0.18694,1318.17520000,0
1505916023,21914508,0.18671,1337.59611162,1
1505916022,21914506,0.18671,317.36916987,0
1505916018,21914502,0.18696,316.94480102,1
1505916018,21914501,0.18671,564.00000000,0
1505916016,21914497,0.18645,487.00000000,0
1505916002,21914472,0.18644,2222.21402904,1
1505915993,21914464,0.18695,4882.82316127,1
1505915992,21914462,0.18681,214.68093338,0
1505915992,21914461,0.18653,214.20167536,0
1505915992,21914459,0.18646,107.94200390,0
1505915990,21914458,0.18645,50000.00000000,0
1505915989,21914456,0.18644,2213.99755000,1
1505915984,21914447,0.18644,2630.49214000,0
1505915941,21914297,0.18644,269.01709400,0
1505915925,21914227,0.18644,1171.44470000,1
1505915908,21914158,0.18644,150.00000000,1
1505915902,21914125,0.18619,1127.00100058,1
1505915901,21914110,0.18644,3175.94437000,0
1505915898,21914081,0.18640,27.00000000,0
1505915898,21914078,0.18633,274.25200816,0
1505915898,21914074,0.18622,400.00000000,0
1505915890,21914011,0.18619,508.38900000,1
1505915883,21913963,0.18619,2050.70438800,0
1505915867,21913900,0.18598,9260.93000000,1
1505915857,21913873,0.18618,803.66274573,0
1505915855,21913865,0.18618,959.43007462,0
1505915855,21913864,0.18613,273.67621738,0
1505915834,21913802,0.18594,65.73886845,0
1505915834,21913800,0.18594,0.00001648,0
1505915833,21913799,0.18600,384.95798352,1
1505915829,21913765,0.18600,66.40255000,0
1505915829,21913764,0.18593,273.10120913,0
1505915829,21913763,0.18591,0.00000210,0
1505915829,21913762,0.18571,10000.00000000,0
1505915829,21913760,0.18571,440.96161025,0
1505915829,21913758,0.18569,3834.57664500,0
1505915826,21913741,0.18571,606.59506757,0
1505915814,21913698,0.18571,8952.44332218,0
1505915810,21913674,0.18590,3282.57446397,1
1505915809,21913673,0.18590,3912.20046800,1
1505915809,21913672,0.18590,22379.02510031,0
1505915809,21913671,0.18573,426.19996772,0
1505915806,21913659,0.18505,1034.32185815,1
1505915800,21913630,0.18590,5564.97489969,0
1505915800,21913629,0.18590,3979.90756400,1
1505915800,21913625,0.18573,272.52652894,0
1505915794,21913604,0.18553,271.95264771,0
1505915794,21913602,0.18533,271.37841051,0
1505915786,21913567,0.18500,1153.96197893,0
1505915784,21913551,0.18500,4846.03802107,0
1505915784,21913549,0.18500,3000.00000000,0
1505915784,21913547,0.18499,2153.96197893,0
1505915784,21913544,0.18499,2364.99561107,0
1505915777,21913523,0.18496,189.83193479,0
1505915772,21913507,0.18496,188.91491359,0
1505915741,21913372,0.18480,299.82841405,0
1505915740,21913371,0.18478,16060.81452000,0
1505915713,21913308,0.18480,1629.17158595,0
1505915627,21913111,0.18400,1042.03627675,0
1505915624,21913102,0.18400,2885.46095600,0
1505915617,21913075,0.18400,1042.03627700,0
1505915614,21913069,0.18400,110.00439505,0
1505915602,21913054,0.18400,3628.60993196,0
1505915563,21913004,0.18400,2610.64211956,0
1505915529,21912940,0.18400,2132.00000000,0
1505915529,21912938,0.18400,1431.12191900,0
1505915494,21912871,0.18400,1952.16748900,0
1505915494,21912870,0.18400,2946.73738300,0
1505915491,21912866,0.18400,5381.20000000,0
1505915490,21912864,0.18400,5381.20000000,0
1505915490,21912863,0.18400,5805.08909300,0
1505915463,21912815,0.18400,2228.76584200,0
1505915159,21912691,0.18362,28.00000000,1
1505915155,21912689,0.18362,28.00000000,1
1505915057,21912612,0.18366,28.00000000,1
1505915055,21912610,0.18366,28.00000000,1
1505914993,21912588,0.18400,8505.00000000,0
1505914989,21912584,0.18400,131.39578400,0
1505914924,21912546,0.18367,28.00000000,1
1505914803,21912425,0.18464,22.82482300,0
1505914803,21912423,0.18418,42.00000000,0
1505914420,21912312,0.18475,809.79558370,0
1505914313,21912277,0.18361,658.61300000,0
1505914311,21912275,0.18361,1341.38700000,1
1505914231,21912251,0.18352,1091.40480000,0
1505914217,21912243,0.18351,160.36850000,1
1505914211,21912240,0.18352,160.36850000,1
1505914211,21912238,0.18352,1357.22670000,1
1505914120,21912186,0.18447,383.05285461,0
1505914114,21912184,0.18351,12088.62315676,1
1505914114,21912183,0.18352,504.59361000,1
1505914113,21912182,0.18353,2100.00000000,1
1505914113,21912181,0.18374,2519.95346000,1
1505914113,21912180,0.18376,1347.36900000,1
1505914111,21912179,0.18416,37836.46077324,1
1505914025,21912116,0.18416,600.00000000,1
1505913932,21912098,0.18416,28.00000000,1
1505913931,21912096,0.18471,540.53095238,0
1505913922,21912092,0.18416,42.00000000,0
1505913737,21912010,0.18352,59.10714300,1
1505913333,21911800,0.18351,28.00000000,1
1505913003,21911650,0.18463,64.83886700,0
1505912910,21911619,0.18354,28.00000000,1
1505912897,21911611,0.18463,54.02729784,0
1505912851,21911592,0.18463,3034.37017000,0
1505912839,21911581,0.18380,0.00000407,0
1505912702,21911496,0.18351,25.36403949,1
1505912701,21911495,0.18352,8190.54455000,1
1505912701,21911494,0.18353,1512.71300000,1
1505912701,21911493,0.18353,271.37841051,1
1505912657,21911483,0.18354,58.24046900,1
1505912564,21911400,0.18350,17457.86023729,1
1505912564,21911399,0.18354,5958.06789000,1
1505912564,21911398,0.18358,1482.18940000,1
1505912562,21911395,0.18373,101.88247271,1
1505912525,21911380,0.18373,28.00000000,1
1505912514,21911366,0.18373,28.00000000,1
1505912513,21911365,0.18373,28.00000000,1
1505912505,21911363,0.18373,28.00000000,1
1505912479,21911350,0.18380,148.59034000,0
1505912465,21911347,0.18377,42.00000000,0
1505912457,21911342,0.18380,600.00000000,1
1505912457,21911341,0.18381,329.50965593,1
1505912427,21911336,0.18381,28.00000000,1
1505912426,21911335,0.18381,28.00000000,1
1505912425,21911334,0.18381,28.00000000,1
1505912421,21911332,0.18381,28.00000000,1
1505912420,21911331,0.18453,5784.82970248,0
1505912420,21911330,0.18453,270.66092234,0
1505912387,21911252,0.18455,53.00000000,0
1505912068,21911049,0.18459,135.09751341,0
1505911949,21911019,0.18405,28.00000000,1
1505911874,21910997,0.18463,2501.35638845,0
1505911790,21910904,0.18396,28.00000000,1
1505911719,21910863,0.18430,200.07091698,0
1505911697,21910855,0.18394,28.00000000,1
1505911611,21910830,0.18450,153.61409000,1
1505911426,21910667,0.18450,28.00000000,1
1505911203,21910562,0.18495,64.72668300,0
1505911200,21910559,0.18450,62.38591000,1
1505911122,21910511,0.18450,28.00000000,1
1505911113,21910506,0.18511,1223.23974934,0
1505910723,21909843,0.18451,28.00000000,1
1505910696,21909812,0.18517,290.44617470,0
1505910614,21909738,0.18450,28.00000000,1
1505910589,21909711,0.18520,100.18147948,0
1505910497,21909649,0.18500,2203.30661924,1
1505910464,21909594,0.18500,2284.52302700,1
1505910426,21909556,0.18500,887.03900000,1
1505910422,21909544,0.18500,2500.00000000,1
1505910410,21909526,0.18461,1319.78710000,1
1505910348,21909448,0.18545,268.94208682,0
1505910327,21909441,0.18445,28.00000000,1
1505910267,21909409,0.18544,268.95658973,0
1505910185,21909379,0.18536,473.34522011,0
1505910183,21909376,0.18479,65.00000000,0
1505910070,21909312,0.18391,28.00000000,1
1505910066,21909304,0.18390,28.00000000,1
1505910060,21909295,0.18460,297.61408451,0
1505909403,21908980,0.18482,64.75819500,0
1505909360,21908947,0.18520,286.44825820,0
1505909307,21908871,0.18421,359.82008995,0
1505909057,21908716,0.18381,58.24046900,1
1505908811,21908544,0.18380,8389.79347123,1
1505908811,21908543,0.18381,1335.50574508,0
1505908809,21908541,0.18381,1158.09647000,1
1505908800,21908531,0.18381,193.40603000,1
1505908633,21908491,0.18466,296.88400303,0
1505908495,21908462,0.18401,185.00000000,1
1505908343,21908427,0.18401,1458.99800000,1
1505908292,21908411,0.18401,2976.54762000,1
1505908292,21908409,0.18402,1818.85342700,1
1505908290,21908405,0.18402,716.60524300,1
1505908274,21908357,0.18408,1383.47227900,1
1505908274,21908356,0.18409,17194.48718000,1
1505907928,21907978,0.18505,85.00000000,0
1505907646,21907869,0.18527,2099.67308938,0
1505907603,21907851,0.18462,64.59396800,0
1505907538,21907810,0.18550,2468.27671159,0
1505907477,21907751,0.18534,11465.90562177,0
1505907475,21907750,0.18533,367.93799000,1
1505907475,21907749,0.18533,3410.77596100,0
1505907128,21907647,0.18393,0.00000039,0
1505907098,21907641,0.18393,2504.35200000,0
1505907077,21907635,0.18393,547.16700000,0
1505907076,21907633,0.18393,3281.25618300,0
1505907076,21907632,0.18393,1890.51637900,0
1505907076,21907631,0.18393,8501.90071000,0
1505907076,21907630,0.18393,3601.59380600,0
1505907031,21907586,0.18393,200.00000000,0
1505906990,21907559,0.18393,997.07176400,0
1505906891,21907521,0.18393,2088.07176904,0
1505906882,21907507,0.18393,519.71942681,0
1505906877,21907497,0.18393,10305.42753100,0
1505906859,21907493,0.18393,812.10178800,0
1505906846,21907484,0.18393,579.72296948,0
1505906844,21907479,0.18393,1571.00905700,0
1505906803,21907451,0.18393,1814.21939800,0
1505906709,21907380,0.18377,177.99775400,1
1505906702,21907377,0.18393,2085.53402400,0
1505906702,21907376,0.18393,1635.77616400,0
1505906701,21907375,0.18393,2233.66683700,0
1505906693,21907372,0.18393,878.38800000,0
1505906678,21907369,0.18393,788.21196400,0
1505906632,21907354,0.18393,2407.79600000,0
1505906616,21907344,0.18393,797.76524800,0
1505906576,21907290,0.18393,213.52248000,0
1505906538,21907270,0.18393,1809.90664000,0
1505906537,21907269,0.18373,58.07017500,1
1505906524,21907249,0.18393,158.00000000,0
1505906497,21907223,0.18393,36332.38276917,0
1505906497,21907222,0.18392,299.15501283,0
1505906485,21907214,0.18392,86.42469717,1
1505906468,21907198,0.18393,5466.07981300,0
1505906465,21907193,0.18393,3003.74034500,0
1505906459,21907184,0.18392,458.11451000,1
1505906451,21907171,0.18393,1091.28051000,0
1505906451,21907170,0.18392,544.29447000,0
1505906442,21907159,0.18393,1123.26117000,0
1505906442,21907157,0.18392,646.68649000,0
1505906415,21907102,0.18393,1288.92000000,0
1505906407,21907091,0.18393,9163.91685000,0
1505906407,21907089,0.18392,836.08315000,0
1505906405,21907087,0.18392,99.79392100,0
1505906403,21907084,0.18392,260.31231616,0
1505906403,21907083,0.18383,258.00000000,0
1505906395,21907078,0.18392,512.96289824,0
1505906393,21907077,0.18392,0.58534553,1
1505906390,21907075,0.18392,722.21534307,0
1505906382,21907067,0.18392,309.57006693,0
1505906350,21907043,0.18392,100.00000000,0
1505906328,21907024,0.18393,39236.39865800,0
1505906328,21907023,0.18392,1244.69553000,0
1505906031,21906800,0.18392,862.17576500,0
1505905896,21906737,0.18392,323.18399304,0
1505905813,21906695,0.18393,644.46496000,0
1505905813,21906694,0.18392,1701.83465000,0
1505905803,21906681,0.18392,65.08916900,0
1505905787,21906677,0.18392,1344.33680000,0
1505905772,21906671,0.18392,685.52331600,1
1505905746,21906656,0.18392,945.16969900,0
1505905726,21906638,0.18392,1193.53400000,0
1505905720,21906633,0.18392,945.17044600,0
1505905706,21906626,0.18393,2572.58723500,0
1505905706,21906625,0.18392,63.21026000,0
1505905694,21906619,0.18393,272.52652894,1
1505905456,21906508,0.18395,58.07017500,1
1505905398,21906491,0.18515,2032.36672967,1
1505905397,21906490,0.18468,258.00000000,0
1505905200,21906299,0.18442,63.21026000,1
1505904770,21906107,0.18564,2709.54435723,1
1505904769,21906106,0.18564,1530.63639302,0
1505904769,21906105,0.18563,5381.20000000,0
1505904769,21906104,0.18562,1820.67040000,0
1505904769,21906103,0.18562,3778.87371400,0
1505904769,21906102,0.18562,11248.88000000,0
1505904716,21906090,0.18531,3843.94666900,1
1505904687,21906075,0.18531,2860.20635400,1
1505904685,21906073,0.18527,3913.17757200,0
1505904685,21906072,0.18525,11673.63189000,0
1505904685,21906071,0.18523,3505.93214000,0
1505904685,21906070,0.18523,1319.60660000,0
1505904516,21906005,0.18414,950.03719700,1
1505904403,21905936,0.18469,2700.48789864,0
1505904012,21905694,0.18470,5467.60741028,0
1505904003,21905690,0.18436,64.78973900,0
1505903777,21905580,0.18494,395.26053000,0
1505903776,21905579,0.18484,500.00000000,0
1505903776,21905578,0.18480,4576.73947000,0
1505903774,21905574,0.18443,128.00000000,0
1505903593,21905486,0.18401,1500.47062200,1
1505903424,21905434,0.18401,1289.14000000,1
1505902936,21905162,0.18401,58.07017500,1
1505902903,21905119,0.18400,9212.00000000,1
1505902874,21905108,0.18400,159.68000000,1
1505902868,21905099,0.18400,11180.41165800,1
1505902868,21905098,0.18401,648.66372000,1
1505902837,21905071,0.18400,807.66776300,1
1505902807,21905048,0.18400,712.27282500,1
1505902800,21905046,0.18400,63.36418000,1
1505902754,21905034,0.18400,699.00000000,1
1505902723,21905006,0.18467,1439.75680000,0
1505902723,21905005,0.18467,160.24320000,0
1505902633,21904879,0.18472,642.82223666,0
1505902427,21904630,0.18406,9222.67317127,1
1505902408,21904615,0.18413,273.10120913,1
1505902316,21904486,0.18430,2819.15353200,1
1505902303,21904407,0.18430,2164.57293100,1
1505902303,21904406,0.18434,491.52506000,1
1505902303,21904405,0.18451,1111.59105000,1
1505902302,21904398,0.18451,1344.98610000,1
1505902301,21904391,0.18430,22575.32485872,1
1505902301,21904390,0.18433,273.67621738,1
1505902301,21904389,0.18434,555.65943000,1
1505902301,21904387,0.18450,53.00000000,1
1505902300,21904386,0.18451,2777.41139000,1
1505902300,21904382,0.18484,107.94200390,1
1505902300,21904380,0.18485,1344.98610000,1
1505902300,21904376,0.18489,4414.20377263,1
1505902299,21904374,0.18489,1346.83000000,1
1505902299,21904370,0.18490,5994.71463000,1
1505902265,21904251,0.18492,524.75680000,0
1505902265,21904247,0.18492,160.24320000,1
1505902204,21904227,0.18521,64.63581900,0
1505901863,21904142,0.18489,58.07017500,1
1505901600,21903930,0.18490,67.56942000,1
1505901009,21903544,0.18558,285.00348200,0
1505900951,21903501,0.18490,10772.79704883,1
1505900908,21903493,0.18489,2375.53644800,1
1505900641,21903246,0.18489,609.21772182,1
1505900568,21903196,0.18540,539.00000000,1
1505900403,21903098,0.18554,64.43057100,0
1505900400,21903094,0.18528,1693.59419500,1
1505900400,21903093,0.18550,539.10000000,1
1505899372,21902574,0.18591,1557.90008000,0
1505899338,21902559,0.18554,58.07017500,1
1505899313,21902538,0.18591,2102.64288823,0
1505899303,21902526,0.18591,1338.45702967,0
1505899213,21902437,0.18543,132.00000000,0
1505899159,21902402,0.18586,4418.60356000,1
1505899159,21902401,0.18586,9247.12486000,0
1505899159,21902400,0.18586,4418.60356000,0
1505899156,21902399,0.18586,1881.52898000,0
1505899142,21902387,0.18589,1516.77000000,0
1505898691,21902009,0.18575,1794.51845938,0
1505898604,21901957,0.18577,64.44097500,0
1505898473,21901915,0.18489,11310.43987166,0
1505898289,21901817,0.18450,12018.50667322,1
1505898289,21901816,0.18453,274.25200816,1
1505898288,21901815,0.18484,338.20511298,1
1505898288,21901814,0.18500,1936.98334768,1
1505898288,21901813,0.18501,1135.14626000,1
1505898288,21901812,0.18513,1364.59270000,1
1505898288,21901811,0.18514,2500.00000000,1
1505898288,21901810,0.18540,132.00000000,1
1505898288,21901809,0.18540,300.31389800,1
1505898258,21901752,0.18540,58.07017500,1
1505898129,21901558,0.18540,132.00000000,0
1505898000,21901295,0.18506,608.47198000,1
1505897922,21901266,0.18591,50.00000000,0
1505897921,21901265,0.18591,100.00000000,0
1505897921,21901264,0.18591,300.00000000,0
1505897921,21901263,0.18591,549.00000000,0
1505897387,21900800,0.18609,677.01128486,0
1505897178,21900701,0.18500,548.40968819,0
1505897151,21900691,0.18500,8874.35084400,0
1505897151,21900690,0.18500,1578.49700000,0
1505896930,21900598,0.18500,814.52801352,1
1505896804,21900554,0.18606,64.33362000,0
1505896800,21900551,0.18501,1208.17243000,1
1505896781,21900546,0.18564,1056.67700000,0
1505896761,21900539,0.18500,500.00000000,1
1505896321,21900337,0.18590,5579.93132000,1
1505896302,21900329,0.18590,101.64776278,1
1505896302,21900328,0.18590,6839.08423722,1
1505896283,21900320,0.18617,1310.94420889,0
1505896273,21900316,0.18590,648.19614300,1
1505896225,21900299,0.18590,2912.00000000,1
1505896215,21900290,0.18590,2901.36410000,1
1505896102,21900169,0.18508,1300.00000000,1
1505896102,21900168,0.18508,2700.00000000,1
1505896002,21900105,0.18513,4014.52801400,1
1505895990,21900101,0.18511,4515.72825000,1
1505895990,21900100,0.18512,17005.56389000,1
1505895990,21900099,0.18522,1327.20090000,1
1505895990,21900098,0.18522,1466.00000000,1
1505895958,21900046,0.18617,360.93677821,0
1505895958,21900045,0.18596,1725.94220000,0
1505895956,21900044,0.18595,3276.97993600,0
1505895789,21899987,0.18618,221.49980700,0
1505895760,21899964,0.18575,214.82756393,0
1505895736,21899957,0.18530,58.07017500,1
1505895004,21899534,0.18619,64.29561200,0
1505894726,21899429,0.18620,1062.51419908,0
1505894656,21899388,0.18515,58.07017500,1
1505894562,21899351,0.18619,2685.61585000,0
1505894459,21899234,0.18575,1591.28000000,1
1505894421,21899180,0.18602,1423.00000000,0
1505894324,21899132,0.18555,418.48000000,1
1505894305,21899128,0.18618,101.79723923,0
1505894078,21899000,0.18508,678.21065045,1
1505894044,21898989,0.18570,153.37294000,0
1505894009,21898961,0.18570,27000.00000000,0
1505893984,21898936,0.18575,2031.05045265,1
1505893984,21898934,0.18600,91.36595690,1
1505893973,21898923,0.18600,3500.00000000,1
1505893703,21898796,0.18600,4943.26353300,1
1505893700,21898794,0.18600,23432.53376010,0
1505893700,21898793,0.18599,804.13675000,0
1505893665,21898766,0.18599,750.67539500,0
1505893601,21898706,0.18599,50.00000000,0
1505893568,21898700,0.18605,22649.11994990,1
1505893564,21898696,0.18604,2243.94150000,0
1505893563,21898694,0.18603,1328.27690000,0
1505893540,21898691,0.18605,175.34629000,1
1505893307,21898602,0.18575,281.20198102,0
1505893305,21898590,0.18575,2032.20661540,0
1505893303,21898589,0.18575,239.88236300,0
1505893301,21898581,0.18575,240.31229600,0
1505893246,21898536,0.18575,1310.00000000,0
1505893245,21898535,0.18506,2134.13217610,1
1505893245,21898534,0.18510,5200.08617000,1
1505893244,21898531,0.18512,1600.68300000,1
1505893236,21898530,0.18550,8463.43311000,0
1505893203,21898515,0.18575,64.53477100,0
1505893200,21898513,0.18550,433.00000000,1
1505893199,21898512,0.18550,17386.77600000,0
1505893197,21898511,0.18550,1919.77000000,0
1505893195,21898508,0.18550,693.45400000,0
1505893148,21898502,0.18575,466.09861000,0
1505893030,21898449,0.18575,3574.91700358,0
1505893001,21898432,0.18574,1790.84636000,1
1505892986,21898422,0.18574,1790.84636000,1
1505892971,21898411,0.18575,1790.84636000,0
1505892838,21898325,0.18597,1790.84636000,0
1505892825,21898323,0.18599,1492.86958000,0
1505892812,21898321,0.18600,296.41406000,0
1505892795,21898300,0.18600,1195.15283000,0
1505892536,21898110,0.18599,262.61984000,0
1505892522,21898104,0.18599,0.83765000,0
1505892522,21898103,0.18598,1197.18235000,0
1505892482,21898098,0.18599,3652.45661000,0
1505892482,21898097,0.18598,1347.54339000,0
1505892366,21898029,0.18599,470.93514500,0
1505892351,21897997,0.18599,1575.93775800,0
1505892272,21897980,0.18608,1316.49240000,0
1505892206,21897951,0.18647,527.56910000,0
1505892165,21897915,0.18639,1915.91990779,0
1505892165,21897914,0.18625,0.00000421,0
1505892135,21897906,0.18577,58.07017278,1
1505892135,21897905,0.18600,0.00000222,1
1505892111,21897887,0.18600,85.13999778,0
1505892098,21897883,0.18600,0.00000222,1
1505892072,21897865,0.18625,213.72278000,0
1505892058,21897850,0.18610,552.00000000,0
1505892046,21897828,0.18600,55.00299678,0
1505892046,21897827,0.18600,2466.26457100,0
1505892032,21897820,0.18600,3106.75907000,0
1505892019,21897812,0.18600,2589.82916000,0
1505892006,21897802,0.18600,21219.89247300,0
1505892006,21897800,0.18567,433.00000000,0
1505891999,21897799,0.18600,572.25472600,0
1505891918,21897732,0.18599,1370.53849400,0
1505891888,21897699,0.18500,1239.02898178,0
1505891887,21897697,0.18500,1995.34000000,0
1505891886,21897695,0.18500,2166.49449000,0
1505891886,21897694,0.18500,3495.33061000,0
1505891886,21897693,0.18500,4301.41317600,0
1505891884,21897691,0.18520,537.52699784,1
1505891884,21897690,0.18521,16799.25398000,1
1505891884,21897689,0.18538,1826.87900000,1
1505891884,21897688,0.18539,2500.00000000,1
1505891883,21897687,0.18581,270.73276438,1
1505891848,21897675,0.18610,62.48411000,0
1505891835,21897665,0.18610,298.01829000,0
1505891829,21897663,0.18610,2330.01647915,0
1505891829,21897662,0.18600,3040.58316125,0
1505891829,21897661,0.18599,4125.17474000,0
1505891815,21897656,0.18600,12392.41683875,1
1505891811,21897654,0.18600,1760.20479046,1
1505891793,21897646,0.18600,17900.00000000,1
1505891765,21897635,0.18600,14846.00000000,1
1505891758,21897631,0.18600,49999.00000000,1
1505891748,21897628,0.18600,5000.00000000,1
1505891742,21897625,0.18600,5000.00000000,1
1505891738,21897621,0.18610,100.65764637,0
1505891738,21897620,0.18610,35.00000000,0
1505891736,21897618,0.18609,194.00000000,1
1505891736,21897617,0.18609,159.57210000,0
1505891734,21897616,0.18600,3430.68315500,1
1505891730,21897615,0.18600,7912.00000000,1
1505891698,21897596,0.18600,20000.16000000,1
1505891694,21897594,0.18600,20001.76000000,1
1505891687,21897593,0.18600,10001.76000000,1
1505891672,21897588,0.18600,1804.17176900,1
1505891670,21897587,0.18600,5000.00000000,1
1505891592,21897538,0.18600,67413.78683000,1
1505891591,21897536,0.18601,5086.21317000,1
1505891534,21897500,0.18601,739.83500000,1
1505891532,21897499,0.18601,745.07500000,1
1505891525,21897493,0.18600,1320.65000000,1
1505891525,21897491,0.18600,33952.28565414,1
1505891525,21897490,0.18601,5776.42392000,1
1505891524,21897489,0.18601,271.29789910,1
1505891510,21897477,0.18600,2321.89000000,1
1505891507,21897471,0.18600,4.16871000,1
1505891507,21897470,0.18601,159.57210000,1
1505891507,21897469,0.18601,5798.04919000,1
1505891498,21897460,0.18600,2326.48000000,1
1505891496,21897456,0.18597,213.24426991,0
1505891496,21897455,0.18580,215890.01008274,0
1505891496,21897454,0.18579,1509.32790000,0
1505891472,21897432,0.18579,220.12890898,0
1505891443,21897416,0.18521,1242.38000000,1
1505891429,21897412,0.18580,40129.88080418,0
1505891429,21897411,0.18579,20000.00000000,0
1505891429,21897410,0.18578,1834.67126000,0
1505891428,21897409,0.18569,212.76585682,0
1505891428,21897408,0.18550,2000.00000000,0
1505891428,21897407,0.18550,1802.22000000,0
1505891428,21897406,0.18520,7.45207900,0
1505891413,21897403,0.18520,1928.01315000,0
1505891403,21897389,0.18520,64.53477100,0
1505891238,21897301,0.18550,1197.78000000,0
1505891055,21897222,0.18489,58.24046900,1
1505891042,21897209,0.18540,2822.19567992,0
1505891039,21897207,0.18550,177.80432008,1
1505891003,21897157,0.18550,893.38000000,1
1505890979,21897113,0.18550,3500.00000000,0
1505890969,21897092,0.18540,5000.00000000,0
1505890890,21897015,0.18510,958.17479500,0
1505890880,21896982,0.18510,289.65700000,0
1505890876,21896967,0.18510,1752.16820500,0
1505890874,21896961,0.18484,433.00000000,0
1505890801,21896920,0.18431,179.55092500,1
1505890800,21896919,0.18432,160.44119500,1
1505890790,21896916,0.18539,167.03450801,1
1505890789,21896913,0.18539,701.42920500,0
1505890789,21896910,0.18539,1573.34114500,0
1505890789,21896907,0.18538,160.44120000,0
1505890782,21896887,0.18515,128.17765666,0
1505890779,21896880,0.18515,3209.99000000,0
1505890779,21896877,0.18515,161.83234334,0
1505890708,21896833,0.18500,2065.89727700,0
1505890703,21896828,0.18500,434.10272276,1
1505890660,21896769,0.18500,35.72936724,0
1505890658,21896755,0.18500,434.10272276,0
1505890646,21896740,0.18500,1337.76011000,0
1505890640,21896738,0.18510,692.40780000,1
1505890580,21896652,0.18510,1776.27000000,0
1505890576,21896649,0.18510,2223.73000000,0
1505890403,21896537,0.18539,1491.11355800,0
1505890281,21896435,0.18479,2784.80086525,1
1505890266,21896415,0.18366,43199.46040000,1
1505890266,21896413,0.18471,1744.09840000,1
1505890266,21896411,0.18471,160.44120000,1
1505890265,21896409,0.18472,2500.00000000,1
1505890192,21896351,0.18564,2280.32800043,0
1505890191,21896350,0.18563,20390.84800000,0
1505890191,21896349,0.18550,272.46471487,0
1505890191,21896348,0.18541,1000.00000000,0
1505890191,21896347,0.18541,212.28783910,0
1505890190,21896346,0.18525,58.41176467,0
1505890054,21896269,0.18524,698.42006524,0
1505890054,21896268,0.18513,211.81022704,0
1505890054,21896267,0.18510,35.00000000,0
1505890053,21896266,0.18509,279.93905668,0
1505890053,21896265,0.18491,82.55462000,0
1505890053,21896264,0.18485,211.33303104,0
1505889920,21896138,0.18450,488.86125562,0
1505889914,21896131,0.18478,14511.13874438,1
1505889886,21896068,0.18478,678.22157600,1
1505889867,21896042,0.18478,2459.50731772,0
1505889858,21896033,0.18478,221.33212469,0
1505889849,21896015,0.18478,6337.65394759,0
1505889849,21896014,0.18477,7081.98300000,0
1505889849,21896013,0.18457,210.85597241,0
1505889805,21895970,0.18445,93.33115000,0
1505889725,21895944,0.18400,1655.05557066,0
1505889648,21895900,0.18400,1344.94442934,1
1505889646,21895897,0.18430,1421.18497800,0
1505889603,21895859,0.18415,65.00787400,0
1505889472,21895715,0.18360,548.33453900,1
1505889253,21895447,0.18364,9008.36294513,1
1505889253,21895446,0.18370,272.46471487,1
1505889214,21895430,0.18428,366.00000000,0
1505888756,21895186,0.18430,4916.60336408,0
1505888752,21895183,0.18430,41.21165755,0
1505888752,21895182,0.18429,210.37934922,0
1505888752,21895181,0.18407,0.00000023,0
1505888565,21895054,0.18407,1815.19999977,0
1505888565,21895053,0.18401,209.90317223,0
1505888559,21895052,0.18400,5000.00000000,0
1505888559,21895051,0.18391,193.88448216,0
1505888558,21895049,0.18352,0.42766000,0
1505888536,21895028,0.18345,58.41176467,1
1505888536,21895027,0.18345,0.00000033,1
1505888436,21894955,0.18347,405.00000000,0
1505888192,21894797,0.18370,610.93134000,1
1505888168,21894784,0.18370,1333.25090000,1
1505888164,21894782,0.18362,17389.42700000,0
1505888164,21894781,0.18355,2204.44453000,0
1505888164,21894780,0.18355,1349.22490000,0
1505888164,21894779,0.18353,17112.72133000,0
1505888153,21894775,0.18345,21086.97860200,1
1505888137,21894763,0.18345,3226.01639000,1
1505888135,21894758,0.18341,3226.01639000,0
1505888135,21894756,0.18340,1349.88780000,0
1505888108,21894743,0.18338,608.04403600,0
1505888108,21894742,0.18337,96.94408100,0
1505888049,21894688,0.18273,194.00000000,1
1505888047,21894685,0.18273,2912.00000000,1
1505887809,21894575,0.18273,194.00000000,1
1505887803,21894572,0.18340,65.27371900,0
1505887744,21894557,0.18273,611.03079700,1
1505887743,21894556,0.18273,194.00000000,1
1505887738,21894555,0.18273,171.07247000,1
1505887728,21894551,0.18273,1740.32060000,1
1505887727,21894550,0.18274,1365.67940000,1
1505887666,21894491,0.18273,2912.00000000,1
1505887663,21894486,0.18274,824.03780000,1
1505887663,21894485,0.18274,368.22417000,1
1505887657,21894476,0.18274,118.89859000,1
1505887599,21894426,0.18274,2140.86454200,1
1505887599,21894425,0.18275,1653.15580000,1
1505887571,21894404,0.18275,142.41753200,1
1505887566,21894401,0.18274,2014.93110000,1
1505887555,21894399,0.18274,194.00000000,1
1505887548,21894395,0.18274,876.61350000,1
1505887548,21894394,0.18278,1137.35500000,1
1505887546,21894393,0.18278,194.00000000,1
1505887543,21894392,0.18277,2912.00000000,1
1505887540,21894391,0.18277,194.00000000,1
1505887536,21894388,0.18277,292.03636000,1
1505887536,21894387,0.18278,2813.96364000,1
1505887531,21894386,0.18277,3106.00000000,1
1505887526,21894385,0.18275,1678.67860000,1
1505887525,21894384,0.18283,1427.32140000,1
1505887521,21894379,0.18275,2179.39130000,1
1505887486,21894367,0.18281,1982.33480000,1
1505887480,21894362,0.18278,1574.67438300,1
1505887456,21894349,0.18274,58.41176500,1
1505887267,21894285,0.18297,405.00000000,0
1505887200,21894245,0.18281,621.42953000,1
1505886788,21894077,0.18258,4806.11551784,0
1505886786,21894076,0.18276,193.88448216,1
1505886746,21894064,0.18399,13873.14381216,0
1505886746,21894063,0.18381,430.67960000,0
1505886745,21894062,0.18373,340.23854007,0
1505886745,21894061,0.18369,2153.39799000,0
1505886745,21894060,0.18355,1337.06500000,0
1505886743,21894059,0.18345,850.91783807,0
1505886606,21894035,0.18281,194.00000000,1
1505886576,21894025,0.18300,1572.59887868,1
1505886575,21894022,0.18300,194.00000000,1
1505886566,21894016,0.18300,194.00000000,1
1505886566,21894015,0.18300,1811.20440000,1
1505886566,21894013,0.18301,162.21780000,1
1505886502,21893947,0.18354,850.50059932,1
1505886502,21893946,0.18345,339.46637207,0
1505886502,21893944,0.18343,1000.00000000,0
1505886500,21893941,0.18317,190.57971572,0
1505886500,21893940,0.18317,338.69428629,0
1505886496,21893934,0.18307,190.20545052,0
1505886496,21893932,0.18297,189.83175890,0
1505886496,21893931,0.18287,189.45847518,0
1505886496,21893930,0.18283,290.72286925,0
1505886495,21893928,0.18268,0.00000242,0
1505886463,21893902,0.18268,289.86304000,0
1505886453,21893895,0.18259,15439.49003307,0
1505886453,21893894,0.18258,0.00000044,0
1505886453,21893892,0.18258,865.80244700,0
1505886450,21893886,0.18258,432.10606256,0
1505886421,21893861,0.18258,0.05414912,1
1505886418,21893857,0.18258,1526.70256443,0
1505886410,21893851,0.18258,547.70511557,0
1505886374,21893831,0.18258,2464.64279444,0
1505886199,21893731,0.18259,2500.00000000,0
1505886188,21893728,0.18257,188.34564923,0
1505886063,21893656,0.18213,500.00000000,1
1505886060,21893653,0.18211,1842.19514200,0
1505886003,21893605,0.18233,65.57046600,0
1505885924,21893528,0.18256,211.03830214,0
1505885923,21893527,0.18247,189.13305839,0
1505885923,21893525,0.18237,188.76025347,0
1505885915,21893521,0.18227,188.38786452,0
1505885915,21893520,0.18227,500.00000000,0
1505885915,21893519,0.18216,188.01606313,0
1505885877,21893487,0.18208,1053.11417398,0
1505885877,21893486,0.18208,1378.30000000,0
1505885877,21893484,0.18208,1099.60000000,0
1505885877,21893483,0.18208,1603.99035302,0
1505885865,21893466,0.18208,1348.07298917,0
1505885854,21893444,0.18208,1378.33886781,0
1505885842,21893413,0.18208,1099.59779000,0
1505885842,21893412,0.18206,3494.71228000,0
1505885837,21893406,0.18211,3929.36691971,0
1505885829,21893384,0.18211,826.25385050,0
1505885824,21893367,0.18212,1067.86219638,0
1505885822,21893361,0.18212,867.67727900,0
1505885819,21893351,0.18212,2081.27137200,0
1505885818,21893348,0.18207,1801.76196490,1
1505885817,21893340,0.18204,500.00000000,0
1505885817,21893337,0.18203,7961.82570000,0
1505885816,21893336,0.18200,3000.00000000,0
1505885788,21893275,0.18170,311.53388326,0
1505885787,21893272,0.18170,1346.65687260,0
1505885786,21893266,0.18170,1740.05697000,0
1505885780,21893253,0.18170,1662.11954092,0
1505885775,21893242,0.18170,212.35309658,0
1505885773,21893239,0.18170,634.78629000,0
1505885750,21893201,0.18170,2517.82818000,0
1505885275,21892991,0.18102,3500.00000000,1
1505885275,21892989,0.18109,539.00000000,1
1505885275,21892987,0.18109,446.21536147,1
1505885248,21892978,0.18109,539.84500471,0
1505885129,21892939,0.18109,190.55951000,0
1505885108,21892933,0.18100,538.74817735,1
1505884963,21892879,0.18109,1805.00000000,0
1505884935,21892858,0.18100,58.41176500,1
1505884880,21892845,0.18109,127.98388000,0
1505884839,21892813,0.18109,16460.00000000,0
1505884839,21892812,0.18105,687.00000000,0
1505884821,21892805,0.18109,3024.47574365,1
1505884821,21892804,0.18110,2646.88773185,1
1505884821,21892802,0.18111,1364.32500000,1
1505884718,21892779,0.18109,1143.25270400,1
1505884610,21892748,0.18161,10846.00000000,0
1505884545,21892734,0.18109,10000.00000000,1
1505884505,21892708,0.18110,700.00000000,1
1505884464,21892682,0.18179,100.00000000,1
1505884333,21892631,0.18180,2500.00000000,0
1505884323,21892625,0.18109,15708.67548000,1
1505884322,21892618,0.18111,1365.69720000,0
1505884321,21892601,0.18111,13817.62732000,1
1505884237,21892569,0.18199,55.00000000,0
1505884217,21892546,0.18192,3293.66700000,0
1505884217,21892545,0.18184,1392.33300000,0
1505884217,21892544,0.18183,2500.00000000,0
1505884203,21892540,0.18185,65.82646000,0
1505884087,21892518,0.18101,123.59607235,0
1505884085,21892516,0.18101,188.01606313,0
1505884079,21892514,0.18112,188.38786452,1
1505883910,21892473,0.18109,3006.65151153,1
1505883909,21892472,0.18122,130.34848847,1
1505883858,21892447,0.18122,58.41176500,1
1505883849,21892434,0.18172,2512.03437000,0
1505883847,21892433,0.18106,635.29220061,1
1505883846,21892432,0.18132,189.13305839,1
1505883785,21892335,0.18186,6035.00000000,0
1505883691,21892310,0.18137,9693.55106154,0
1505883691,21892308,0.18154,687.00000000,1
1505883690,21892306,0.18155,1175.01471000,0
1505883690,21892305,0.18157,1341.12660000,1
1505883688,21892304,0.18220,996.75229246,1
1505883676,21892299,0.18220,1219.16485000,1
1505883675,21892298,0.18220,2797.08285754,1
1505883675,21892297,0.18220,0.00000046,1
1505883666,21892289,0.18220,996.75229100,1
1505883664,21892285,0.18220,2299.38560000,1
1505883664,21892284,0.18215,188.71566871,0
1505883663,21892283,0.18215,189.08576983,0
1505883663,21892282,0.18212,4942.74317000,0
1505883663,21892281,0.18206,1371.31750000,0
1505883662,21892280,0.18206,2500.00000000,0
1505883630,21892267,0.18211,3554.00000000,0
1505883623,21892263,0.18154,687.00000000,0
1505883606,21892257,0.18206,332.00000000,0
1505883601,21892253,0.18100,27.88575077,1
1505883601,21892252,0.18142,188.34564923,1
1505883083,21892015,0.18169,80.00000000,0
1505883081,21892014,0.18170,7427.78541953,0
1505882929,21891956,0.18200,1000.00000000,0
1505882925,21891954,0.18202,427.14628901,1
1505882911,21891944,0.18100,1567.85371099,0
1505882908,21891943,0.18100,2260.00527404,0
1505882907,21891941,0.18100,188.71566871,0
1505882906,21891933,0.18100,2263.27415000,0
1505882903,21891929,0.18100,2260.00527404,0
1505882899,21891919,0.18100,189.08576983,0
1505882897,21891915,0.18100,1344.48070000,0
1505882896,21891913,0.18100,874.78975900,0
1505882896,21891911,0.18100,17150.03867400,0
1505882894,21891909,0.18100,100.00000000,1
1505882894,21891908,0.18100,100.00000000,1
1505882893,21891906,0.18100,1700.00000000,1
1505882893,21891905,0.18100,10000.00000000,1
1505882893,21891904,0.18100,45522.90415820,1
1505882893,21891903,0.18106,1085.98931000,1
1505882893,21891902,0.18133,5427.74211000,1
1505882893,21891901,0.18134,1469.56880000,1
1505882893,21891900,0.18169,11454.08816601,1
1505882893,21891899,0.18170,5430.00000000,1
1505882892,21891898,0.18172,189.45847518,1
1505882796,21891824,0.18171,761.17643610,1
1505882796,21891823,0.18182,189.83175890,1
1505882704,21891727,0.18169,974.48289800,1
1505882703,21891723,0.18169,1761.24576548,1
1505882703,21891722,0.18192,190.20545052,1
1505882700,21891720,0.18216,3648.13280000,1
1505882698,21891719,0.18215,1351.86720000,0
1505882676,21891711,0.18169,1096.22000000,1
1505882674,21891710,0.18169,905.64028428,1
1505882674,21891709,0.18202,190.57971572,1
1505882628,21891677,0.18202,948.15359100,1
1505882582,21891647,0.18202,1217.94412484,1
1505882582,21891646,0.18202,1364.13887516,1
1505882579,21891638,0.18202,4065.86112484,0
1505882541,21891613,0.18202,5000.00000000,0
1505882528,21891606,0.18169,111.04969500,1
1505882466,21891564,0.18169,954.80729500,1
1505882402,21891516,0.18186,65.76859700,0
1505882259,21891364,0.18169,22842.72069300,1
1505882258,21891363,0.18169,14904.01183100,1
1505882256,21891361,0.18169,11460.56000000,0
1505881948,21891196,0.18187,1101.82600000,1
1505881945,21891193,0.18187,1362.17400000,0
1505881877,21891117,0.18100,28528.61314566,1
1505881877,21891116,0.18100,431.76795580,1
1505881877,21891115,0.18101,1900.00000000,1
1505881877,21891114,0.18102,1427.87260000,1
1505881877,21891113,0.18103,599.96436802,1
1505881876,21891112,0.18110,35.00000000,1
1505881876,21891111,0.18110,35.00000000,1
1505881876,21891110,0.18118,289.86304242,1
1505881876,21891109,0.18120,35.00000000,1
1505881876,21891108,0.18132,156.86888810,1
1505881850,21891068,0.18132,26000.00000000,1
1505881822,21891000,0.18132,2164.36615600,1
1505881798,21890979,0.18132,6804.90000000,1
1505881789,21890966,0.18132,553.28090000,1
1505881774,21890959,0.18132,3167.73535600,1
1505881773,21890958,0.18132,1832.26464400,1
1505881764,21890937,0.18132,1991.40546100,1
1505881761,21890934,0.18132,552.97500000,1
1505881743,21890924,0.18132,2564.64388400,1
1505881715,21890910,0.18132,8014.00754500,1
1505881698,21890900,0.18132,6447.46046775,1
1505881698,21890899,0.18133,290.72286925,1
1505881651,21890849,0.18133,2816.21397110,1
1505881358,21890418,0.18132,2045.28252100,1
1505881358,21890415,0.18135,3984.56897711,1
1505881357,21890414,0.18150,93.33115000,1
1505881355,21890401,0.18171,338.69428629,1
1505881354,21890400,0.18172,441.58823500,1
1505881338,21890317,0.18172,58.41176500,1
1505881335,21890316,0.18202,222.58599500,0
1505881309,21890294,0.18202,1641.13794495,0
1505881309,21890293,0.18189,0.00000005,0
1505881250,21890233,0.18189,11342.87601100,0
1505881250,21890232,0.18181,282.00000000,0
1505881204,21890190,0.18189,1338.52641200,1
1505881204,21890189,0.18195,1635.67796000,1
1505881200,21890180,0.18195,216.51919000,1
1505881173,21890146,0.18202,2775.00000000,0
1505880945,21889909,0.18202,238.94990675,0
1505880945,21889908,0.18200,532.28753225,0
1505880922,21889874,0.18200,985.00000000,0
1505880904,21889864,0.18200,522.00000000,0
1505880900,21889858,0.18200,2013.22397812,0
1505880900,21889857,0.18200,89.77602188,0
1505880882,21889821,0.18193,6185.84557224,1
1505880882,21889820,0.18199,0.00013766,1
1505880881,21889818,0.18199,339.46623441,1
1505880880,21889811,0.18200,12600.61417000,0
1505880880,21889809,0.18200,1500.00000000,1
1505880880,21889807,0.18200,110.00000000,1
1505880880,21889805,0.18200,1755.75678615,1
1505880879,21889798,0.18200,16507.99706000,1
1505880879,21889796,0.18200,10000.00000000,1
1505880879,21889795,0.18200,100.00000000,1
1505880879,21889793,0.18200,500.00000000,1
1505880878,21889792,0.18200,2000.00000000,1
1505880878,21889791,0.18200,2000.00000000,1
1505880878,21889790,0.18201,2000.00000000,1
1505880878,21889788,0.18202,1343.61310000,1
1505880663,21889473,0.18203,1335.67720000,1
1505880663,21889472,0.18210,35.00000000,1
1505880663,21889471,0.18220,500.00000000,1
1505880662,21889469,0.18220,35.00000000,1
1505880648,21889450,0.18227,340.23854007,1
1505880648,21889449,0.18227,30.17501600,1
1505880648,21889448,0.18230,1100.00000000,1
1505880648,21889447,0.18232,82.55462000,1
1505880648,21889446,0.18241,88.81092000,1
1505880647,21889445,0.18248,769.48252391,1
1505880604,21889408,0.18282,65.48080100,0
1505880529,21889319,0.18248,3139.63853477,1
1505880529,21889318,0.18250,2000.00000000,1
1505880529,21889317,0.18250,85.00000000,1
1505880529,21889316,0.18250,2758.14349723,1
1505880448,21889247,0.18250,7241.85650277,1
1505880448,21889246,0.18255,2000.00000000,1
1505880448,21889245,0.18255,209.90317223,1
1505880396,21889219,0.18256,1482.12153500,1
1505880314,21889190,0.18257,3513.42703000,1
1505880314,21889189,0.18258,4082.56997000,1
1505880258,21889164,0.18256,58.41176500,1
1505880205,21889129,0.18257,1000.00000000,1
1505880158,21889050,0.18258,4097.25307200,1
1505879600,21888838,0.18290,1000.00000000,1
1505879598,21888836,0.18330,8339.50857040,1
1505879594,21888834,0.18330,5080.72589200,1
1505879594,21888833,0.18330,1652.37874000,1
1505879537,21888811,0.18330,9985.00000000,1
1505879524,21888808,0.18426,11566.36059174,0
1505879524,21888807,0.18425,5000.00000000,0
1505879524,21888806,0.18408,776.65714000,0
1505879524,21888805,0.18408,3883.28568000,0
1505879523,21888804,0.18406,1604.10709000,0
1505879523,21888803,0.18327,2312.01618214,0
1505879523,21888802,0.18326,2500.00000000,0
1505879513,21888800,0.18324,5986.00000000,0
1505879511,21888799,0.18326,2500.00000000,0
1505879473,21888793,0.18256,1584.86005800,1
1505879449,21888771,0.18360,2636.47674983,0
1505879448,21888769,0.18357,16982.48814000,1
1505879448,21888768,0.18357,2557.53031700,0
1505879448,21888767,0.18357,5115.06063400,0
1505879370,21888696,0.18270,1943.04798000,1
1505879369,21888695,0.18271,1721.98689000,1
1505879367,21888691,0.18280,4000.00000000,1
1505879121,21888553,0.18334,3591.00000000,0
1505879108,21888543,0.18334,2500.00000000,0
1505878966,21888517,0.18330,7624.08529072,1
1505878944,21888515,0.18330,19080.82929375,1
1505878944,21888514,0.18333,7624.18980025,1
1505878922,21888504,0.18333,3718.68621080,0
1505878911,21888494,0.18332,519.00000000,0
1505878838,21888485,0.18331,1245.84500000,1
1505878837,21888484,0.18331,2502.53687000,1
1505878837,21888483,0.18332,1624.77770000,1
1505878803,21888474,0.18333,65.29864200,0
1505878702,21888456,0.18325,1785.29322400,1
1505878696,21888453,0.18325,10849.11323300,1
1505878516,21888427,0.18320,2617.61136900,1
1505878348,21888373,0.18317,500.00000000,0
1505877738,21888266,0.18272,58.41176500,1
1505877600,21888252,0.18274,453.66928000,1
1505877592,21888250,0.18359,1567.32934131,0
1505877003,21888090,0.18324,65.33071400,0
1505876805,21888015,0.18283,384.02109477,1
1505876797,21888013,0.18283,2836.71000000,1
1505876659,21887991,0.18282,58.75739600,1
1505876400,21887935,0.18271,675.98506000,1
1505876382,21887924,0.18271,510.14462600,1
1505876382,21887923,0.18271,1340.29290000,1
1505876380,21887921,0.18272,5461.38975200,1
1505876378,21887919,0.18283,210.37934922,1
1505876378,21887918,0.18287,100.00000000,1
1505876378,21887917,0.18300,1500.00000000,1
1505876378,21887916,0.18300,2011.62500000,1
1505876378,21887915,0.18300,1000.00000000,1
1505876378,21887914,0.18300,1000.00000000,1
1505876378,21887913,0.18300,2975.93106900,1
1505876306,21887881,0.18364,9045.31000000,0
1505876260,21887873,0.18300,286.55852600,1
1505876243,21887844,0.18362,1476.33664200,1
1505876240,21887843,0.18362,24874.27727400,1
1505876236,21887840,0.18357,3984.07055400,0
1505876234,21887839,0.18358,815.04483059,0
1505876115,21887819,0.18353,26607.00000000,0
1505875938,21887758,0.18300,1781.42395800,1
1505875938,21887757,0.18300,1336.39850000,1
1505875938,21887756,0.18302,6894.80110000,1
1505875910,21887744,0.18300,3619.68794700,1
1505875910,21887743,0.18300,1000.00000000,1
1505875910,21887742,0.18300,100.00000000,1
1505875910,21887741,0.18300,654.00000000,1
1505875910,21887740,0.18301,7619.42568000,1
1505875910,21887739,0.18310,35.00000000,1
1505875910,21887738,0.18310,35.00000000,1
1505875909,21887737,0.18311,210.85597241,1
1505875909,21887736,0.18311,200.00000000,1
1505875909,21887735,0.18320,35.00000000,1
1505875909,21887734,0.18329,0.00000004,1
1505875844,21887678,0.18329,1176.87250996,1
1505875844,21887676,0.18339,211.33303104,1
1505875653,21887596,0.18371,2500.00000000,0
1505875601,21887577,0.18351,1462.59829800,1
1505875555,21887562,0.18351,911.66914400,1
1505875554,21887561,0.18355,10000.00000000,1
1505875302,21887512,0.18409,505.59357596,0
1505875266,21887509,0.18351,2568.00000000,1
1505875203,21887486,0.18382,65.01493500,0
1505875066,21887457,0.18400,16117.22293000,1
1505875018,21887442,0.18400,50604.00000000,1
1505875018,21887441,0.18400,27173.00000000,1
1505874605,21887372,0.18509,70.06094332,0
1505874479,21887354,0.18471,674.00000000,0
1505874138,21887296,0.18411,57.56521700,1
1505874019,21887242,0.18460,741.00000000,0
1505874000,21887240,0.18400,166.23816000,1
1505873895,21887201,0.18506,2654.49638398,0
1505873730,21887104,0.18357,635.03611600,1
1505873727,21887101,0.18507,486.36018803,0
1505873726,21887099,0.18483,1331.92370000,1
1505873725,21887098,0.18483,3577.96946000,0
1505873619,21887053,0.18465,1026.40769022,0
1505873455,21886991,0.18378,5303.93247200,1
1505873455,21886990,0.18382,16940.01053000,1
1505873404,21886969,0.18508,64.77571600,0
1505873403,21886968,0.18500,0.00000211,1
1505873403,21886967,0.18500,1359.27842000,1
1505873402,21886965,0.18500,200.03816880,1
1505873401,21886964,0.18500,15000.00000000,0
1505873401,21886961,0.18500,4041.41284849,0
1505873401,21886958,0.18499,864.73748700,0
1505873401,21886957,0.18484,3458.55547000,0
1505873401,21886954,0.18481,11622.49625000,0
1505873400,21886952,0.18480,3871.95175900,0
1505873135,21886816,0.18355,4341.73438506,0
1505873124,21886803,0.18355,1911.27000000,0
1505873085,21886772,0.18355,2795.53261069,0
1505873062,21886760,0.18355,3296.46300425,0
1505873057,21886757,0.18351,57.73255800,1
1505873054,21886755,0.18354,574.76183610,0
1505872862,21886629,0.18355,97.88681500,1
1505872848,21886609,0.18352,2200.11035200,1
1505872811,21886558,0.18361,1585.27680000,1
1505872804,21886548,0.18362,1326.72320000,1
1505872801,21886535,0.18361,281.29081000,1
1505872800,21886533,0.18361,194.00000000,1
1505872799,21886531,0.18361,2912.00000000,1
1505872799,21886528,0.18360,7105.94600000,1
1505872787,21886519,0.18359,194.00000000,1
1505872784,21886514,0.18358,194.00000000,1
1505872772,21886503,0.18357,195.00000000,1
1505872770,21886496,0.18356,1835.40805598,1
1505872770,21886495,0.18360,1090.59313702,1
1505872723,21886467,0.18460,85.11863599,1
1505872723,21886466,0.18460,3907.51649800,1
1505872723,21886464,0.18460,1821.69471601,1
1505872722,21886462,0.18459,3479.94130000,0
1505872722,21886461,0.18458,5394.60000000,0
1505872722,21886460,0.18455,68366.76400000,0
1505872722,21886459,0.18453,6944.36485000,0
1505872708,21886448,0.18361,1841.46087400,1
1505872699,21886435,0.18471,108.00194890,0
1505872664,21886412,0.18360,2239.00646700,1
1505872604,21886377,0.18370,5939.49114800,1
1505872502,21886327,0.18370,35919.15221200,1
1505872501,21886326,0.18371,7891.06097000,1
1505872377,21886271,0.18370,8141.35664000,1
1505872371,21886270,0.18372,5090.61928900,1
1505872270,21886230,0.18500,3564.45541602,1
1505872268,21886229,0.18500,2291.49781138,1
1505872268,21886228,0.18500,16759.83997000,1
1505872268,21886226,0.18430,3264.18046000,0
1505872268,21886225,0.18424,57.56521660,0
1505872267,21886224,0.18424,4062.46112600,0
1505872225,21886209,0.18360,11752.32311800,1
1505872225,21886207,0.18361,4014.72890000,1
1505872127,21886188,0.18380,9000.00000000,1
1505872068,21886168,0.18450,0.00000040,1
1505872010,21886139,0.18450,1072.87987500,1
1505871604,21886046,0.18481,64.70918900,0
1505871532,21886035,0.18490,1000.00000000,0
1505871348,21885980,0.18470,1446.45444000,1
1505871348,21885979,0.18470,10000.00000000,1
1505871348,21885978,0.18470,10000.00000000,1
1505871347,21885977,0.18470,4276.77278000,1
1505871344,21885976,0.18444,4276.77278000,0
1505871279,21885963,0.18360,11968.07727798,1
1505871279,21885962,0.18390,14927.40619902,1
1505871279,21885961,0.18391,7465.99478000,1
1505871279,21885960,0.18393,1332.51040000,1
1505871279,21885959,0.18400,2878.20434300,1
1505871276,21885958,0.18400,8421.79565700,1
1505871276,21885957,0.18400,500.00000000,1
1505871272,21885956,0.18401,1000.00000000,1
1505871229,21885949,0.18401,3106.00000000,1
1505871224,21885946,0.18401,194.00000000,1
1505871220,21885945,0.18401,2912.00000000,1
1505871191,21885932,0.18402,2912.00000000,1
1505871176,21885930,0.18407,1336.62800000,1
1505871129,21885920,0.18405,2912.00000000,1
1505871125,21885919,0.18406,2634.00000000,1
1505870950,21885872,0.18493,235.55448007,0
1505870820,21885852,0.18400,1272.10918000,1
1505870786,21885847,0.18488,23538.42268000,0
1505870786,21885846,0.18486,6461.57732000,0
1505870744,21885833,0.18444,346.00000000,0
1505870589,21885741,0.18407,6453.80850000,1
1505870536,21885709,0.18413,57.56521700,1
1505870202,21885621,0.18461,3320.12940000,0
1505870202,21885620,0.18460,12668.87060000,0
1505870034,21885577,0.18477,1003.00000000,0
1505869978,21885571,0.18457,2500.00000000,0
1505869960,21885569,0.18434,2500.00000000,0
1505869851,21885544,0.18400,1529.94789100,1
1505869824,21885541,0.18400,8353.30275900,1
1505869804,21885536,0.18458,64.86345900,0
1505869713,21885514,0.18458,484.00000000,0
1505869588,21885481,0.18422,9978.66351400,1
1505869587,21885477,0.18423,9978.66351400,1
1505869584,21885474,0.18416,1324.40230000,0
1505869584,21885473,0.18413,3569.25230000,0
1505869584,21885472,0.18412,4517.68188600,0
1505869456,21885467,0.18352,58.07017500,1
1505869443,21885464,0.18352,1047.49585000,1
1505869443,21885463,0.18353,1355.07580000,1
1505869401,21885446,0.18444,1598.00000000,0
1505869383,21885442,0.18447,2500.00000000,0
1505869331,21885403,0.18364,1332.50720000,1
1505869236,21885384,0.18358,2463.58253300,0
1505869213,21885382,0.18393,346.00000000,0
1505869209,21885380,0.18353,1631.99113310,1
1505869209,21885379,0.18357,7284.84801000,1
1505869201,21885378,0.18355,271.47358296,1
1505869200,21885377,0.18367,211.81022704,1
1505869200,21885376,0.18372,250.00000000,1
1505869161,21885372,0.18436,2500.00000000,0
1505868933,21885348,0.18493,1237.95625608,0
1505868369,21885221,0.18498,3346.04624438,0
1505868369,21885220,0.18497,3933.72205000,0
1505868368,21885219,0.18451,4679.37860562,0
1505868368,21885218,0.18450,1324.85310000,0
1505868292,21885213,0.18389,3834.74630600,1
1505868292,21885212,0.18400,214.41200000,1
1505868122,21885195,0.18451,501.00000000,0
1505868086,21885162,0.18451,2500.00000000,0
1505868003,21885145,0.18453,64.71618600,0
1505867918,21885135,0.18500,3865.18287576,1
1505867910,21885131,0.18500,8016.00004400,1
1505867896,21885130,0.18500,1068.88988024,0
1505867896,21885129,0.18499,1322.40720000,0
1505867746,21885102,0.18401,91.52070000,1
1505867605,21885081,0.18400,285.58800000,1
1505867380,21885044,0.18377,115.00000000,0
1505867380,21885043,0.18377,2500.00000000,1
1505867088,21884978,0.18500,931.11011976,0
1505867088,21884977,0.18499,4599.15063700,0
1505867055,21884974,0.18497,852.06238850,0
1505866940,21884937,0.18402,57.39884400,1
1505866828,21884898,0.18449,798.00000000,0
1505866799,21884890,0.18460,9890.29749000,0
1505866213,21884694,0.18531,6739.43029696,1
1505866213,21884693,0.18531,3131.41031000,1
1505866210,21884691,0.18532,64.58699800,0
1505866051,21884657,0.18386,1412.44546120,1
1505866051,21884656,0.18395,212.28783910,1
1505865985,21884648,0.18369,1831.44870245,1
1505865985,21884647,0.18400,900.00000000,1
1505865984,21884646,0.18400,3381.21339130,1
1505865984,21884645,0.18423,212.76585682,1
1505865984,21884644,0.18449,13448.57204943,1
1505865982,21884643,0.18450,226.00000000,1
1505865970,21884599,0.18451,2270.08548200,1
1505865959,21884591,0.18580,2845.69989235,0
1505865959,21884590,0.18580,32598.40922073,0
1505865959,21884588,0.18580,19130.68800000,1
1505865959,21884587,0.18580,829.60767700,1
1505865958,21884586,0.18578,16169.17865217,0
1505865958,21884585,0.18577,9853.06519300,1
1505865958,21884584,0.18564,679.26942000,0
1505865958,21884583,0.18564,3396.34708000,0
1505865957,21884582,0.18535,9853.06519300,1
1505865957,21884581,0.18500,1486.27250573,0
1505865956,21884577,0.18476,798.00000000,0
1505865946,21884576,0.18452,4192.38796200,1
1505865859,21884555,0.18450,57.48207200,1
1505865834,21884552,0.18450,201.05927100,1
1505865731,21884475,0.18450,1022.38855300,1
1505865726,21884471,0.18450,9495.77438040,1
1505865718,21884453,0.18451,2574.82264500,1
