date,tid,price,amount,type
1506643227,22490343,3536.00,0.03769753,0
1506643224,22490340,3536.00,0.01445952,0
1506643219,22490336,3536.00,0.03695135,0
1506643213,22490334,3535.50,0.10988949,1
1506643209,22490325,3536.00,0.07278280,0
1506643208,22490323,3536.00,0.01445984,0
1506643208,22490322,3536.00,0.01445984,0
1506643206,22490321,3536.00,0.01445984,0
1506643134,22490300,3536.00,0.06314952,0
1506643062,22490284,3535.50,0.00991645,1
1506643050,22490282,3536.00,0.02795260,0
1506642974,22490245,3535.10,0.08600000,1
1506642968,22490243,3536.00,0.13744095,0
1506642833,22490228,3535.99,0.01325002,0
1506642827,22490225,3536.10,2.38420000,1
1506642781,22490193,3538.97,0.02786279,0
1506642743,22490183,3539.00,0.12525000,0
1506642742,22490182,3539.00,0.02244674,0
1506642742,22490181,3538.99,0.04000000,0
1506642742,22490179,3538.00,0.19314355,0
1506642690,22490165,3538.00,0.66971038,0
1506642678,22490162,3538.00,0.00900000,0
1506642651,22490161,3538.00,0.01111553,0
1506642638,22490154,3538.00,0.14500099,0
1506642588,22490140,3538.00,0.23353787,0
1506642588,22490139,3538.00,0.36461080,0
1506642578,22490126,3533.41,0.01445817,0
1506642574,22490125,3533.41,0.02373945,0
1506642556,22490118,3533.71,0.04684863,1
1506642545,22490116,3538.00,0.03787509,0
1506642480,22490101,3537.60,0.00226114,1
1506642474,22490099,3538.00,0.05743250,0
1506642389,22490067,3538.00,0.22293781,0
1506642231,22490025,3537.60,0.12070000,1
1506642231,22490024,3537.93,0.02330000,1
1506642189,22490005,3537.82,0.02786284,0
1506641892,22489932,3529.80,0.06470836,1
1506641773,22489903,3538.00,0.05563548,0
1506641772,22489902,3537.94,0.06952901,0
1506641721,22489888,3537.86,0.02278038,0
1506641554,22489813,3537.60,0.01897292,1
1506641390,22489791,3537.60,0.02853556,1
1506641389,22489790,3537.82,0.03640000,1
1506641129,22489731,3537.67,0.00150000,0
1506641000,22489663,3531.42,1.34369000,0
1506641000,22489662,3531.40,1.45588660,0
1506640999,22489661,3531.40,0.06577900,0
1506640996,22489658,3531.40,0.03421900,0
1506640952,22489631,3531.40,0.02795440,0
1506640889,22489606,3531.42,0.15631000,1
1506640850,22489599,3531.42,0.01599000,1
1506640836,22489598,3532.31,0.09380393,0
1506640810,22489590,3531.42,0.02000000,1
1506640718,22489578,3536.81,0.11281352,0
1506640682,22489555,3535.00,0.00226280,1
1506640642,22489545,3537.99,0.10163408,0
1506640590,22489529,3538.77,0.02201053,0
1506640254,22489448,3538.02,0.04200655,0
1506640208,22489443,3523.03,0.41946987,1
1506640208,22489442,3525.86,0.00565819,1
1506640206,22489440,3526.50,0.14000334,1
1506640074,22489396,3526.50,0.06000000,1
1506640013,22489389,3535.20,0.01373395,0
1506640009,22489388,3526.85,0.00142507,1
1506639965,22489379,3538.89,0.06264990,0
1506639943,22489373,3528.50,0.54666279,1
1506639943,22489372,3528.51,0.95333721,1
1506639903,22489354,3539.90,0.02592446,0
1506639896,22489351,3527.11,0.00285013,1
1506639894,22489350,3527.21,0.00570028,1
1506639889,22489348,3527.10,0.01140054,1
1506639887,22489347,3526.91,0.02280108,1
1506639854,22489335,3539.42,2.38735958,0
1506639854,22489334,3539.30,2.39210000,0
1506639854,22489333,3539.29,0.78160130,0
1506639729,22489297,3539.80,0.01640529,0
1506639706,22489292,3536.99,0.00790420,0
1506639672,22489280,3532.30,0.05339864,1
1506639639,22489266,3538.37,0.00282535,0
1506639615,22489256,3539.49,0.04184540,0
1506639595,22489251,3539.10,0.04345629,0
1506639572,22489248,3539.90,0.01762472,0
1506639569,22489247,3539.58,0.00254090,0
1506639553,22489242,3539.89,0.00537566,1
1506639448,22489214,3540.00,0.48340225,0
1506639448,22489212,3539.00,1.23239383,0
1506639448,22489211,3538.98,0.04000000,0
1506639448,22489210,3538.57,0.11124400,0
1506639448,22489209,3538.40,2.39210000,0
1506639447,22489208,3538.38,0.01447118,0
1506639447,22489207,3538.33,0.33581757,0
1506639403,22489181,3528.21,0.39000000,1
1506639402,22489180,3538.52,0.14094876,0
1506639325,22489159,3528.11,0.45304000,1
1506639315,22489155,3527.83,0.01568700,1
1506639306,22489150,3538.57,0.01366800,0
1506639305,22489149,3538.58,0.02742778,0
1506639301,22489145,3527.10,0.11494500,1
1506639244,22489111,3538.87,0.06271528,0
1506639244,22489110,3531.31,0.00525178,0
1506639222,22489097,3531.31,0.02321234,0
1506639192,22489083,3531.31,0.09227788,0
1506639184,22489080,3527.47,0.50000000,1
1506639161,22489066,3538.99,0.02253526,0
1506639143,22489052,3539.00,0.00816282,0
1506639094,22489043,3538.99,0.16262583,1
1506639090,22489042,3538.99,0.07793483,0
1506639062,22489038,3539.00,0.35000000,0
1506639013,22489034,3539.00,1.40944335,0
1506638984,22489011,3538.99,0.01324624,0
1506638721,22488967,3530.01,0.01474690,1
1506638721,22488966,3534.95,0.00003188,1
1506638713,22488956,3538.99,0.06971855,0
1506638705,22488938,3534.95,0.07967537,1
1506638681,22488924,3534.95,0.01918093,1
1506638681,22488923,3535.15,0.01000000,1
1506638653,22488908,3540.00,0.44551055,0
1506638649,22488896,3540.00,0.06214124,0
1506638624,22488883,3540.00,0.02824800,0
1506638622,22488881,3540.00,0.16107062,0
1506638620,22488879,3539.92,0.00799724,0
1506638583,22488868,3539.92,0.02200276,0
1506638557,22488865,3540.00,0.18251694,0
1506638556,22488864,3539.99,0.02000000,0
1506638484,22488850,3540.00,0.02525000,0
1506638469,22488849,3540.00,0.03348363,0
1506638461,22488848,3540.00,0.02824800,0
1506638404,22488837,3540.00,0.03193098,0
1506638384,22488835,3540.00,0.02153623,0
1506638383,22488834,3539.99,0.02000000,0
1506638361,22488829,3540.00,0.76182301,0
1506638359,22488828,3540.00,2.00000000,0
1506638248,22488778,3540.00,0.00430000,0
1506638191,22488767,3540.00,0.14104520,0
1506638157,22488754,3540.00,0.02792059,0
1506638148,22488742,3540.00,0.02794475,0
1506638065,22488735,3534.95,0.15111182,1
1506638056,22488733,3535.10,0.00226260,1
1506638055,22488732,3540.00,0.02792059,0
1506638046,22488727,3540.00,0.29087462,0
1506638031,22488725,3534.95,0.27012143,0
1506638031,22488724,3535.17,0.19512314,1
1506638029,22488723,3538.23,0.01503107,1
1506637996,22488717,3540.00,0.13139759,0
1506637993,22488716,3540.00,0.27692276,0
1506637977,22488707,3540.00,0.10030000,0
1506637865,22488669,3538.80,0.00160218,1
1506637860,22488665,3538.71,0.00320436,1
1506637859,22488664,3540.00,0.17320395,0
1506637854,22488663,3538.61,0.00640872,1
1506637850,22488662,3538.60,0.01281743,1
1506637845,22488661,3538.51,0.02563487,1
1506637839,22488659,3538.50,0.05126974,1
1506637824,22488658,3538.30,0.06035072,1
1506637824,22488657,3538.31,0.02000000,1
1506637802,22488650,3540.00,1.33846045,0
1506637799,22488648,3538.30,0.05656381,1
1506637784,22488647,3540.00,0.01362649,0
1506637764,22488646,3540.00,0.04800000,0
1506637744,22488636,3540.00,0.10963928,0
1506637701,22488618,3540.00,0.01092019,0
1506637686,22488612,3540.00,0.06129704,0
1506637684,22488609,3539.99,0.01895000,0
1506637618,22488560,3540.00,0.01439670,0
1506637618,22488559,3539.99,0.02000000,0
1506637563,22488539,3540.00,0.12961864,0
1506637545,22488535,3540.00,0.04110254,0
1506637484,22488528,3540.00,0.09515804,0
1506637465,22488525,3540.00,0.01663424,0
1506637453,22488516,3540.00,0.17885000,0
1506637452,22488514,3540.00,0.23621900,0
1506637367,22488480,3540.00,0.03995190,0
1506637329,22488442,3539.90,0.10000000,1
1506637326,22488440,3540.00,0.00791441,0
1506637303,22488433,3540.00,0.01303350,0
1506637303,22488432,3539.99,0.02000000,0
1506637298,22488431,3540.00,0.69415537,0
1506637266,22488424,3540.00,0.01512320,0
1506637235,22488422,3540.00,0.03523230,0
1506637223,22488417,3540.00,0.02747260,0
1506637212,22488416,3540.00,0.04299910,0
1506637190,22488409,3540.00,0.00676271,0
1506637125,22488393,3540.00,0.13692684,0
1506637102,22488387,3540.00,0.10352323,0
1506637061,22488366,3540.00,0.04212000,0
1506637059,22488364,3540.00,0.02000000,0
1506637010,22488327,3540.00,0.01000000,0
1506637005,22488322,3540.00,0.06328862,0
1506636990,22488315,3540.00,0.01000000,0
1506636964,22488314,3540.00,0.13597511,0
1506636926,22488285,3539.99,0.03000000,0
1506636906,22488280,3539.99,0.00784672,0
1506636904,22488279,3540.00,0.00790378,0
1506636896,22488272,3539.99,0.03000000,0
1506636870,22488260,3539.99,0.03000000,0
1506636824,22488257,3539.99,0.02824333,0
1506636823,22488256,3539.99,0.00997500,0
1506636823,22488255,3539.99,0.84978167,0
1506636784,22488251,3539.99,0.03305208,0
1506636784,22488250,3539.98,0.01587796,0
1506636763,22488246,3539.98,0.02679275,0
1506636763,22488245,3538.99,0.02892652,0
1506636745,22488243,3538.99,0.01445331,0
1506636738,22488242,3538.99,0.05702017,0
1506636738,22488241,3538.99,0.02125275,0
1506636725,22488237,3538.99,0.05926525,0
1506636723,22488235,3538.99,0.01178800,0
1506636723,22488234,3538.99,0.06402262,0
1506636711,22488224,3538.99,0.02825600,0
1506636702,22488221,3538.99,0.12851720,0
1506636695,22488217,3538.99,0.01423287,0
1506636685,22488215,3538.99,0.35808800,0
1506636663,22488209,3538.99,0.02593112,0
1506636659,22488207,3537.90,0.01342043,0
1506636625,22488206,3537.90,0.01000000,0
1506636608,22488203,3537.90,0.19172390,0
1506636570,22488201,3537.90,0.01409593,0
1506636561,22488200,3538.15,0.03405016,1
1506636554,22488199,3538.15,0.07486704,0
1506636524,22488198,3537.50,0.10000000,1
1506636476,22488193,3538.15,0.09585518,0
1506636446,22488186,3538.15,0.00500000,0
1506636417,22488159,3538.15,0.02795260,0
1506636406,22488158,3538.15,0.01313796,0
1506636404,22488157,3538.15,0.02713892,0
1506636380,22488154,3538.15,0.10000000,0
1506636305,22488139,3538.99,0.00813735,0
1506636291,22488136,3533.70,0.23778107,1
1506636248,22488100,3538.99,0.02653835,0
1506636248,22488099,3528.70,0.00226723,1
1506636246,22488098,3538.99,0.02860859,0
1506636245,22488097,3538.99,0.00856255,0
1506636226,22488083,3528.00,0.00253947,1
1506636225,22488082,3528.20,0.00507894,1
1506636211,22488076,3538.99,0.27713556,0
1506636210,22488075,3538.98,0.01571536,0
1506636202,22488072,3538.99,0.01000002,0
1506636191,22488067,3538.99,0.02196977,0
1506636191,22488066,3538.99,0.00597500,0
1506636143,22488061,3538.04,0.04604830,0
1506636132,22488059,3538.04,0.01000000,1
1506636114,22488055,3538.99,0.00400000,1
1506636104,22488048,3539.99,0.05195430,0
1506636101,22488046,3539.99,0.01324253,0
1506636078,22488040,3536.10,0.00997500,1
1506636078,22488039,3536.10,0.00997500,1
1506636071,22488037,3539.99,0.02025000,0
1506636047,22488032,3539.99,0.42317634,0
1506635982,22487995,3539.99,0.00817747,0
1506635905,22487974,3539.99,0.01267800,0
1506635888,22487967,3539.99,0.01298960,0
1506635867,22487960,3539.99,0.05328890,0
1506635865,22487959,3539.99,0.07799040,0
1506635865,22487958,3539.97,0.02478998,0
1506635805,22487920,3527.50,0.03502973,1
1506635768,22487910,3539.99,0.22567295,0
1506635763,22487909,3539.99,0.02592380,0
1506635734,22487902,3539.99,0.02794477,0
1506635652,22487877,3539.99,0.16387719,0
1506635652,22487876,3539.99,0.10000000,0
1506635626,22487869,3540.00,0.39751009,0
1506635625,22487868,3539.99,0.01000000,1
1506635611,22487867,3539.99,0.03000000,1
1506635598,22487866,3539.99,0.03000000,1
1506635595,22487863,3539.99,0.03000000,0
1506635561,22487841,3540.00,0.06979436,0
1506635561,22487840,3539.99,0.04000000,0
1506635548,22487814,3539.99,0.02798387,0
1506635513,22487802,3540.00,0.40000000,0
1506635508,22487799,3540.00,0.02472785,0
1506635508,22487798,3539.99,0.03000000,0
1506635506,22487797,3540.00,0.00786653,0
1506635474,22487791,3539.99,0.02522461,0
1506635449,22487785,3540.00,0.92987006,0
1506635446,22487784,3540.00,0.02332119,0
1506635441,22487783,3540.00,0.46285445,0
1506635441,22487782,3535.23,0.02346142,0
1506635441,22487780,3535.00,0.00926533,0
1506635431,22487770,3535.00,0.09974823,0
1506635424,22487766,3535.00,0.00791491,0
1506635401,22487745,3535.00,0.01915527,0
1506635376,22487705,3535.00,0.35376283,0
1506635364,22487689,3535.00,0.01326873,0
1506635344,22487673,3535.00,0.06489957,0
1506635328,22487667,3535.00,0.01693069,0
1506635324,22487666,3535.00,0.08014111,0
1506635317,22487660,3535.00,0.33491333,1
1506635313,22487659,3535.00,0.02210000,0
1506635313,22487658,3535.00,0.01000000,0
1506635313,22487657,3535.00,0.76173085,0
1506635296,22487653,3535.00,0.60668458,0
1506635231,22487623,3535.00,13.25527613,0
1506635231,22487622,3533.00,0.38000000,0
1506635231,22487621,3533.00,5.51169100,0
1506635217,22487614,3530.30,0.63000000,1
1506635204,22487611,3533.00,2.31838761,0
1506635187,22487606,3530.11,0.56646707,0
1506635186,22487605,3530.11,0.23407796,1
1506635186,22487604,3533.00,0.14372159,0
1506635184,22487602,3533.00,0.00925673,0
1506635171,22487598,3533.00,0.02522461,0
1506635094,22487572,3533.00,0.01385006,0
1506635048,22487553,3533.00,1.41081735,0
1506635005,22487516,3533.00,0.04942100,0
1506634986,22487510,3533.00,0.05229318,0
1506634963,22487494,3533.00,0.07214548,0
1506634958,22487491,3527.90,0.00250000,1
1506634948,22487483,3527.90,0.00500000,1
1506634940,22487482,3528.50,0.01000000,1
1506634932,22487477,3528.50,0.01999999,1
1506634925,22487474,3528.50,0.03999999,1
1506634923,22487473,3533.00,0.06925000,0
1506634905,22487469,3533.00,0.00792997,0
1506634880,22487459,3533.00,0.00185000,0
1506634834,22487352,3533.00,0.19472375,0
1506634832,22487350,3533.00,0.27925900,0
1506634826,22487340,3533.00,20.00000000,0
1506634826,22487338,3533.00,0.00787320,0
1506634808,22487315,3528.10,0.14000000,1
1506634796,22487295,3527.92,0.00257500,1
1506634786,22487283,3533.00,0.29671191,0
1506634772,22487266,3533.00,13.40034213,0
1506634772,22487265,3532.70,0.15000000,0
1506634771,22487264,3531.99,0.66615668,0
1506634771,22487263,3528.29,0.96350119,0
1506634676,22487209,3527.77,0.14351963,0
1506634656,22487196,3527.77,0.00989577,0
1506634588,22487176,3527.77,0.02386922,0
1506634584,22487175,3527.77,0.00820445,0
1506634466,22487146,3527.77,0.02354992,0
1506634465,22487145,3527.77,0.01096101,0
1506634435,22487140,3520.37,0.00227290,0
1506634363,22487075,3528.20,0.55668882,0
1506634346,22487071,3528.20,0.00817742,0
1506634318,22487064,3528.08,0.03526202,0
1506634224,22487049,3518.81,0.05999461,1
1506634175,22487040,3528.20,0.02800829,0
1506634144,22486986,3528.20,0.00822080,0
1506634124,22486983,3528.20,0.03746450,0
1506634064,22486969,3528.20,0.01374119,0
1506634044,22486966,3528.20,0.00793753,0
1506634031,22486961,3531.90,0.56289691,0
1506634031,22486960,3531.89,0.40000000,0
1506634030,22486959,3528.29,0.31715889,0
1506634023,22486955,3518.40,0.04894949,1
1506634015,22486948,3531.99,0.31628628,0
1506634014,22486947,3531.89,0.13137946,0
1506634014,22486946,3531.79,0.11117286,1
1506634014,22486945,3531.79,0.15000000,0
1506634012,22486943,3528.29,0.11129500,0
1506634009,22486938,3531.90,0.11121104,0
1506634007,22486937,3531.79,0.03000000,0
1506633984,22486931,3531.90,0.06678686,0
1506633972,22486927,3531.99,0.13959226,0
1506633968,22486923,3532.80,1.85548007,0
1506633967,22486922,3531.99,0.06297481,0
1506633967,22486921,3531.99,0.06258866,0
1506633967,22486920,3524.93,0.05329660,0
1506633966,22486919,3521.33,0.11546965,0
1506633964,22486918,3521.33,0.26344591,0
1506633924,22486898,3515.20,0.03298938,1
1506633918,22486895,3521.33,0.00560000,1
1506633865,22486872,3524.93,0.00002133,1
1506633861,22486865,3524.93,0.02338835,1
1506633860,22486863,3524.94,0.02992958,1
1506633831,22486847,3528.88,0.02087753,0
1506633802,22486826,3531.99,0.90276871,1
1506633798,22486821,3531.99,0.06297481,1
1506633796,22486819,3533.00,0.00580391,0
1506633769,22486813,3531.99,0.96861255,1
1506633698,22486785,3533.00,1.71047307,0
1506633698,22486784,3532.99,0.03000000,0
1506633698,22486783,3532.00,0.22952693,0
1506633681,22486779,3532.00,0.03146093,0
1506633671,22486776,3532.00,0.01773723,0
1506633662,22486769,3531.99,0.32499152,1
1506633644,22486762,3532.00,0.01996405,0
1506633610,22486755,3531.99,1.70000000,1
1506633577,22486737,3531.99,0.07065241,0
1506633564,22486722,3531.99,0.00846267,0
1506633524,22486706,3532.00,0.10986149,0
1506633520,22486705,3531.99,0.00582224,0
1506633475,22486681,3531.99,0.01129675,0
1506633424,22486632,3525.10,0.02927367,1
1506633405,22486618,3531.99,0.01474434,0
1506633403,22486617,3532.00,0.18066826,0
1506633403,22486616,3531.93,0.29806092,0
1506633383,22486614,3524.63,0.06975108,1
1506633343,22486597,3525.00,0.01346702,1
1506633273,22486570,3533.00,0.02525000,0
1506633270,22486569,3533.00,4.39372445,0
1506633270,22486568,3532.99,0.03000000,0
1506633270,22486567,3531.00,0.98024800,0
1506633270,22486566,3530.65,0.47774402,0
1506633269,22486565,3530.50,0.11828353,0
1506633263,22486557,3530.38,0.05650950,0
1506633246,22486551,3524.60,0.22862883,1
1506633233,22486549,3530.40,0.00565260,1
1506633231,22486548,3530.50,0.08171647,0
1506633224,22486547,3530.40,0.02666045,0
1506633205,22486526,3530.65,0.02225598,0
1506633176,22486516,3524.10,0.19954300,1
1506633160,22486510,3524.10,0.57000000,1
1506633122,22486506,3530.84,0.01193822,0
1506633107,22486487,3530.87,0.23925000,0
1506633098,22486483,3524.10,1.07000000,1
1506633087,22486480,3530.94,0.20025000,0
1506633064,22486472,3521.61,0.04887270,1
1506633061,22486469,3521.47,0.02832761,1
1506633046,22486455,3523.40,0.13660926,1
1506633004,22486424,3530.76,0.08860471,0
1506632964,22486401,3530.80,0.09292808,0
1506632944,22486395,3530.69,0.05554920,0
1506632928,22486392,3520.31,0.01447061,1
1506632926,22486387,3520.30,0.47455071,1
1506632926,22486386,3520.33,0.94554118,1
1506632858,22486358,3518.53,0.01545882,1
1506632781,22486336,3531.00,0.00791940,0
1506632725,22486283,3531.00,0.01183260,0
1506632725,22486282,3530.99,0.01528000,0
1506632677,22486258,3521.80,1.00000000,1
1506632643,22486238,3532.90,0.02712926,0
1506632643,22486237,3532.89,0.10274988,0
1506632629,22486231,3532.89,0.00564580,0
1506632603,22486220,3534.68,0.00300768,0
1506632603,22486219,3534.68,0.01566462,0
1506632593,22486217,3534.68,0.03600000,0
1506632581,22486210,3534.68,0.00794015,0
1506632543,22486185,3518.63,0.03900000,1
1506632530,22486173,3525.61,0.00234666,1
1506632506,22486163,3534.68,0.02741194,0
1506632504,22486162,3534.68,0.01332152,0
1506632500,22486158,3525.31,0.00226932,0
1506632498,22486157,3528.68,0.00000235,1
1506632495,22486146,3534.70,0.08594237,0
1506632494,22486145,3534.68,0.01443600,1
1506632493,22486144,3534.68,0.01080441,1
1506632493,22486142,3534.68,0.02844132,0
1506632485,22486127,3528.68,0.03126949,1
1506632483,22486126,3534.70,0.02403615,0
1506632460,22486115,3534.18,0.09433027,0
1506632448,22486110,3534.40,0.00511710,1
1506632448,22486109,3530.00,0.12000000,0
1506632448,22486108,3525.48,0.02354292,0
1506632447,22486107,3525.30,0.02354413,0
1506632447,22486106,3525.00,0.01575225,0
1506632447,22486105,3520.00,0.01306450,0
1506632445,22486104,3519.99,0.23888628,0
1506632421,22486082,3519.00,1.54068914,0
1506632416,22486080,3519.00,0.04712431,0
1506632414,22486079,3518.99,0.00027948,0
1506632410,22486071,3518.99,0.00682012,0
1506632410,22486069,3518.99,0.00397840,0
1506632382,22486038,3519.00,10.00000000,0
1506632381,22486037,3519.00,0.00445297,0
1506632378,22486036,3519.00,9.21258027,0
1506632376,22486034,3518.59,0.71167417,0
1506632363,22486031,3518.59,0.01000000,0
1506632361,22486030,3518.59,0.00789506,0
1506632344,22486025,3518.59,0.14695399,0
1506632344,22486024,3515.89,0.05339877,0
1506632344,22486023,3515.88,0.02215600,0
1506632326,22486016,3515.00,6.87809931,0
1506632325,22486015,3515.00,0.40000000,0
1506632315,22486005,3515.00,0.01698500,0
1506632303,22485996,3515.00,9.95568800,0
1506632303,22485995,3514.99,0.04431200,0
1506632291,22485988,3514.99,0.03372000,0
1506632205,22485960,3515.00,14.00000000,0
1506632197,22485958,3515.00,0.97000000,0
1506632197,22485957,3514.99,0.03000000,0
1506632186,22485955,3515.00,5.97000000,0
1506632186,22485954,3514.99,0.03000000,0
1506632104,22485908,3509.30,0.30570000,1
1506632085,22485903,3515.00,0.02140462,0
1506632083,22485901,3515.00,0.04877707,0
1506632051,22485890,3515.00,0.04139021,0
1506632043,22485888,3515.00,0.01333668,0
1506631993,22485831,3508.91,0.00997500,1
1506631992,22485830,3509.00,0.78696191,1
1506631965,22485822,3515.00,0.00804836,0
1506631962,22485821,3515.00,0.00930416,0
1506631947,22485816,3515.00,0.34932556,0
1506631945,22485814,3515.00,0.01529671,0
1506631932,22485810,3515.00,0.05000000,0
1506631903,22485798,3515.00,0.02785848,0
1506631883,22485797,3515.00,0.04022326,0
1506631845,22485780,3515.00,0.01169676,0
1506631845,22485779,3514.99,0.01581219,0
1506631837,22485775,3514.99,0.01418781,0
1506631793,22485758,3515.00,0.02678135,0
1506631788,22485756,3515.00,0.04248576,0
1506631788,22485755,3514.99,0.03000000,0
1506631781,22485754,3515.00,0.05625647,0
1506631780,22485753,3515.00,0.06997917,0
1506631780,22485752,3515.00,0.02725000,0
1506631777,22485751,3509.31,1.00000000,1
1506631761,22485748,3515.00,0.01431174,0
1506631761,22485747,3515.00,0.01643427,0
1506631759,22485746,3514.99,0.01382993,0
1506631744,22485738,3515.00,0.13355114,0
1506631744,22485737,3514.99,0.02765986,0
1506631673,22485708,3514.90,0.05143457,1
1506631673,22485707,3514.99,0.14615402,1
1506631673,22485706,3514.99,0.07865377,1
1506631672,22485705,3514.99,0.01586918,1
1506631667,22485698,3515.00,0.00804236,0
1506631648,22485683,3514.99,0.02581765,1
1506631643,22485680,3515.00,0.01333668,0
1506631642,22485679,3514.99,0.21801494,1
1506631642,22485678,3514.99,0.07186294,1
1506631634,22485673,3514.99,0.01493800,1
1506631632,22485671,3515.00,0.02121059,0
1506631624,22485663,3514.99,0.02500000,1
1506631588,22485647,3514.99,0.01310000,1
1506631588,22485646,3514.99,0.00223562,1
1506631588,22485645,3514.99,0.00223692,1
1506631587,22485644,3514.99,0.00223692,1
1506631587,22485643,3514.99,0.00223692,1
1506631587,22485640,3514.99,0.00223692,1
1506631563,22485623,3514.99,0.01010530,1
1506631546,22485613,3514.99,0.02000000,1
1506631529,22485608,3515.00,0.14445800,0
1506631528,22485607,3515.00,0.14445800,0
1506631523,22485604,3515.00,0.02678135,0
1506631516,22485603,3515.00,0.07855950,0
1506631514,22485602,3515.00,0.14984100,0
1506631484,22485600,3515.00,0.01499346,0
1506631464,22485597,3515.00,0.03215808,0
1506631440,22485595,3514.99,0.28509440,1
1506631435,22485592,3515.00,0.02910930,0
1506631427,22485591,3515.00,0.00567740,0
1506631385,22485577,3515.00,0.02626330,0
1506631343,22485564,3515.00,0.00384068,0
1506631337,22485562,3515.00,0.03153952,0
1506631321,22485557,3514.99,0.02000000,1
1506631310,22485552,3515.00,0.02215287,0
1506631309,22485551,3515.00,0.00930416,0
1506631307,22485530,3515.00,0.05364512,0
1506631305,22485518,3515.00,0.02017032,0
1506631303,22485516,3514.99,0.04420650,1
1506631303,22485515,3514.99,0.02000000,1
1506631292,22485512,3515.00,1.00000000,0
1506631229,22485473,3514.99,0.02000000,1
1506631216,22485468,3514.99,0.03000000,1
1506631188,22485445,3515.00,0.04256615,0
1506631173,22485444,3515.00,0.01977417,0
1506631153,22485431,3514.99,0.03000000,0
1506631088,22485395,3515.00,0.47000000,0
1506631088,22485394,3514.99,0.03000000,0
1506630966,22485322,3515.00,0.01622626,0
1506630966,22485321,3514.99,0.02000000,0
1506630964,22485320,3513.99,0.00967489,1
1506630943,22485313,3515.00,0.01181600,0
1506630923,22485305,3515.00,0.03844416,0
1506630923,22485304,3514.99,0.10045000,0
1506630841,22485266,3515.00,0.01240818,0
1506630841,22485265,3514.99,0.01705957,0
1506630831,22485259,3514.99,0.00567740,1
1506630829,22485257,3515.00,0.02837838,0
1506630785,22485246,3514.99,0.07662652,0
1506630766,22485241,3509.40,0.14700795,1
1506630744,22485233,3515.00,0.01362371,0
1506630720,22485227,3515.00,0.00722294,0
1506630704,22485223,3515.00,0.02678135,0
1506630566,22485145,3515.00,0.04500000,0
1506630527,22485138,3515.00,0.05330533,0
1506630523,22485135,3507.31,0.37934513,0
1506630522,22485134,3507.31,0.01443900,0
1506630519,22485130,3507.31,0.11934300,0
1506630511,22485127,3515.00,0.01986628,0
1506630505,22485122,3515.00,0.05242358,0
1506630485,22485116,3515.00,0.01482370,0
1506630445,22485106,3515.00,1.38690198,0
1506630444,22485105,3514.99,0.05366785,0
1506630438,22485104,3514.99,0.00567569,0
1506630433,22485102,3515.00,0.27671693,0
1506630423,22485101,3514.99,0.02838130,0
1506630379,22485086,3515.00,0.02603345,0
1506630377,22485085,3514.99,0.03000000,0
1506630314,22485063,3514.99,0.01446800,0
1506630304,22485060,3514.99,0.00814185,0
1506630293,22485059,3515.00,4.97000000,0
1506630293,22485058,3514.99,0.03000000,0
1506630277,22485050,3515.00,0.07236077,0
1506630275,22485049,3514.99,0.00948464,0
1506630274,22485047,3507.30,0.07281865,1
1506630272,22485046,3515.00,0.02945596,0
1506630271,22485045,3515.00,0.02556356,0
1506630270,22485044,3515.00,0.02785920,0
1506630269,22485043,3514.99,0.01700263,0
1506630268,22485042,3514.99,0.00814206,0
1506630267,22485041,3514.99,0.01485531,0
1506630265,22485040,3515.00,0.00795997,0
1506630263,22485039,3515.00,0.06743815,0
1506630263,22485038,3514.99,0.04000000,0
1506630221,22485020,3514.99,0.02731185,0
1506630125,22484955,3515.00,0.10740000,0
1506630125,22484954,3514.99,0.04000000,0
1506630068,22484908,3514.99,0.00567740,0
1506630065,22484906,3515.00,0.21392034,0
1506630063,22484904,3514.99,0.05000000,0
1506629988,22484897,3515.00,0.12551179,0
1506629919,22484867,3514.99,0.00525000,0
1506629905,22484862,3514.99,0.04507036,0
1506629892,22484858,3514.90,0.25128216,0
1506629891,22484857,3514.90,0.02450642,0
1506629881,22484850,3514.99,0.04256626,0
1506629877,22484845,3514.90,0.42473681,0
1506629871,22484841,3514.90,0.00789928,0
1506629869,22484840,3514.90,0.00792330,0
1506629850,22484811,3515.00,0.51762731,0
1506629848,22484810,3514.99,0.05000000,0
1506629839,22484804,3514.99,0.03649162,0
1506629839,22484803,3514.99,0.00551114,0
1506629826,22484801,3514.99,0.02769818,0
1506629824,22484800,3514.99,0.02679068,0
1506629819,22484796,3506.10,0.08279000,1
1506629787,22484785,3514.99,0.02920684,0
1506629753,22484769,3514.90,0.07094654,0
1506629743,22484765,3515.00,0.05187354,0
1506629743,22484764,3514.99,0.04000000,0
1506629726,22484755,3506.50,0.03127136,1
1506629726,22484754,3506.50,0.10770164,1
1506629726,22484752,3506.50,0.00829836,0
1506629725,22484751,3508.00,0.01400000,1
1506629724,22484750,3515.00,0.07229088,0
1506629724,22484749,3514.64,0.76204965,0
1506629703,22484737,3514.82,0.13988433,0
1506629685,22484727,3515.00,0.09840021,0
1506629685,22484726,3514.99,0.04000000,0
1506629685,22484725,3514.00,0.55463279,0
1506629684,22484724,3513.97,0.01352812,0
1506629666,22484711,3514.00,0.02756932,0
1506629664,22484708,3514.00,0.02767763,0
1506629651,22484692,3514.00,0.00443508,0
1506629644,22484687,3513.81,0.66711632,0
1506629639,22484678,3514.00,0.08448278,0
1506629622,22484657,3504.71,0.05693546,1
1506629622,22484656,3504.71,0.94306454,1
1506629607,22484646,3504.40,0.15433000,1
1506629607,22484645,3508.45,0.20000000,1
1506629606,22484644,3513.89,0.64567000,1
1506629597,22484637,3513.90,0.05605239,0
1506629583,22484628,3513.89,0.01000000,1
1506629545,22484593,3513.90,0.01501290,0
1506629532,22484588,3513.73,0.01893418,1
1506629524,22484578,3514.00,0.03720240,0
1506629468,22484533,3513.89,0.00567920,0
1506629442,22484517,3513.89,0.00226000,0
1506629421,22484503,3503.01,0.02920000,1
1506629413,22484497,3515.47,0.00766043,0
1506629387,22484479,3515.50,0.03881462,0
1506629364,22484474,3515.90,0.05342014,0
1506629362,22484473,3515.89,0.08625251,0
1506629344,22484470,3518.53,0.00955133,0
1506629339,22484466,3515.20,1.07000000,0
1506629339,22484465,3514.16,0.03000000,0
1506629307,22484454,3503.84,0.07811168,1
1506629307,22484452,3503.91,0.92088832,1
1506629306,22484447,3515.90,0.34069376,0
1506629306,22484446,3515.90,0.05142897,0
1506629305,22484445,3515.89,0.15094230,0
1506629272,22484428,3516.00,0.06396062,0
1506629268,22484427,3515.90,0.28371114,0
1506629232,22484421,3515.89,0.05604309,0
1506629225,22484417,3503.38,0.14405712,1
1506629167,22484380,3518.38,0.03974408,0
1506629124,22484350,3514.90,0.55930355,0
1506629109,22484349,3514.90,0.27955024,0
1506629107,22484347,3514.90,0.10640529,0
1506629063,22484328,3513.78,0.02078089,0
1506629063,22484327,3510.90,0.25290981,0
1506629049,22484324,3510.90,0.04318551,0
1506629045,22484323,3510.72,0.00514424,1
1506629043,22484322,3510.90,0.02613859,0
1506629043,22484320,3510.90,0.05473268,0
1506629027,22484304,3510.90,0.07259879,0
1506629003,22484287,3510.90,0.00898617,0
1506628986,22484275,3510.90,0.01491000,0
1506628984,22484274,3504.03,0.12400000,1
1506628983,22484273,3510.90,0.02613859,0
1506628954,22484246,3510.90,0.00019993,1
1506628952,22484236,3510.90,0.49980007,1
1506628904,22484196,3514.99,0.01509757,0
1506628896,22484190,3514.40,0.00889400,1
1506628889,22484186,3515.22,0.05044190,0
1506628889,22484185,3515.21,0.04000000,0
1506628885,22484184,3514.40,0.59726141,0
1506628868,22484170,3515.10,0.00567710,0
1506628864,22484167,3515.22,0.13053237,0
1506628846,22484158,3518.50,0.05590248,0
1506628804,22484144,3518.50,0.07255205,0
1506628764,22484107,3518.50,0.01108411,0
1506628752,22484101,3518.50,0.17143000,0
1506628745,22484099,3518.50,0.00789755,0
1506628743,22484097,3518.50,0.01634792,0
1506628732,22484093,3518.50,1.00000000,0
1506628706,22484082,3518.50,0.01387457,0
1506628685,22484076,3518.50,0.02656238,0
1506628683,22484075,3518.59,0.26365106,0
1506628678,22484073,3518.50,0.27862130,0
1506628664,22484070,3518.50,0.01869774,0
1506628643,22484060,3508.71,0.15000000,1
1506628632,22484052,3518.40,0.12539391,0
1506628631,22484051,3518.00,0.01417967,0
1506628631,22484050,3518.00,0.01418038,0
1506628627,22484048,3518.09,0.01977027,0
1506628625,22484047,3518.10,0.01503313,0
1506628602,22484041,3519.00,0.31663425,0
1506628602,22484040,3519.00,0.03000000,1
1506628602,22484038,3518.70,2.40950000,1
1506628600,22484036,3518.59,0.03000000,0
1506628586,22484031,3518.60,0.02319118,0
1506628584,22484029,3518.60,0.00847207,0
1506628564,22484010,3518.40,0.00795205,0
1506628517,22484002,3517.80,0.00567006,0
1506628505,22483999,3518.48,0.00813280,0
1506628502,22483998,3518.30,0.01425140,0
1506628485,22483994,3518.79,0.05574513,0
1506628445,22483983,3518.80,0.02652249,0
1506628404,22483935,3518.89,0.02674906,0
1506628338,22483925,3518.90,0.09491318,0
1506628324,22483916,3518.90,0.01466797,0
1506628304,22483909,3518.90,0.02733024,0
1506628282,22483905,3518.90,0.01420800,0
1506628269,22483898,3518.30,0.00567210,1
1506628268,22483897,3519.00,0.39462101,0
1506628268,22483896,3518.99,0.03000000,0
1506628267,22483895,3518.38,0.57567899,0
1506628236,22483883,3518.30,0.07003933,0
1506628230,22483878,3504.43,0.00228300,1
1506628224,22483876,3518.80,0.83735914,0
1506628217,22483875,3504.13,0.00975625,1
1506628206,22483872,3518.87,0.05410133,0
1506628180,22483863,3518.90,0.10941485,0
1506628178,22483862,3518.90,0.02768974,0
1506628176,22483861,3518.87,0.02405615,0
1506628175,22483860,3518.90,0.09335835,0
1506628173,22483859,3517.70,0.01405081,0
1506628172,22483858,3502.50,1.95387038,1
1506628172,22483857,3506.00,0.48412962,1
1506628172,22483856,3506.10,0.06200000,1
1506628170,22483854,3518.90,0.01315739,0
1506628169,22483851,3517.90,0.02732738,0
1506628166,22483850,3519.00,0.90652017,0
1506628166,22483849,3518.38,0.06520462,0
1506628166,22483848,3518.21,0.02827521,0
1506628163,22483847,3518.10,0.02827715,0
1506628163,22483846,3518.30,0.26685281,1
1506628144,22483838,3518.38,0.06520615,0
1506628120,22483833,3517.59,5.65861063,0
1506628120,22483832,3513.39,0.01347518,0
1506628110,22483830,3513.39,0.00682531,0
1506628108,22483829,3512.00,0.02157833,0
1506628095,22483825,3512.00,0.12730392,0
1506627998,22483773,3512.00,0.05694761,0
1506627987,22483762,3512.00,0.11140839,1
1506627984,22483760,3512.00,0.20595676,1
1506627979,22483756,3512.00,0.99960015,1
1506627964,22483748,3513.39,0.04862844,0
1506627964,22483747,3513.39,0.05216028,0
1506627923,22483726,3513.30,0.00305529,0
1506627884,22483707,3513.39,0.10488442,0
1506627844,22483697,3513.30,0.15710752,0
1506627778,22483672,3514.59,0.05043900,0
1506627772,22483668,3514.62,0.01730230,0
1506627772,22483667,3514.61,0.04000000,0
1506627736,22483659,3518.69,0.03025000,0
1506627721,22483647,3519.00,0.00737788,0
1506627721,22483646,3518.99,0.05000000,0
1506627717,22483624,3519.00,2.34666837,1
1506627716,22483622,3518.99,0.05000000,0
1506627716,22483619,3518.90,0.05527477,0
1506627716,22483618,3518.90,2.00000000,0
1506627714,22483617,3510.00,0.36790883,0
1506627712,22483615,3510.00,0.14209117,1
1506627712,22483614,3518.87,0.05527580,0
1506627668,22483595,3519.70,0.00566950,0
1506627665,22483586,3519.89,0.02477640,0
1506627663,22483581,3519.57,0.14769495,0
1506627653,22483579,3519.89,0.04839062,0
1506627653,22483578,3519.87,0.05000000,0
1506627646,22483573,3519.59,1.33572920,0
1506627645,22483572,3519.59,0.02659584,0
1506627643,22483571,3519.57,0.00830522,0
1506627608,22483564,3519.80,0.84482072,1
1506627604,22483562,3519.88,0.00819059,0
1506627598,22483556,3506.20,0.50000000,1
1506627593,22483550,3519.89,0.03615631,0
1506627593,22483549,3519.88,0.06000000,0
1506627593,22483548,3519.87,0.90384369,0
1506627585,22483542,3519.69,0.01334807,0
1506627582,22483539,3519.87,0.05614837,0
1506627565,22483537,3519.30,0.01487830,0
1506627565,22483536,3512.00,0.00001330,0
1506627551,22483533,3512.00,0.02350200,0
1506627503,22483507,3512.00,0.02871841,0
1506627494,22483505,3512.00,0.00822257,1
1506627469,22483501,3512.00,0.00569480,0
1506627468,22483499,3512.00,0.03157542,0
1506627465,22483492,3512.00,0.00822257,0
1506627437,22483472,3512.00,0.04178339,0
1506627432,22483471,3512.00,0.00445298,0
1506627432,22483470,3512.00,0.03514437,0
1506627405,22483466,3512.00,0.00817767,0
1506627388,22483457,3512.00,0.06768200,0
1506627388,22483455,3512.00,0.17950500,0
1506627385,22483451,3512.00,0.16752423,0
1506627337,22483404,3512.00,0.01000000,0
1506627329,22483402,3504.10,0.50000000,1
1506627304,22483398,3512.00,0.00850468,0
1506627264,22483397,3512.00,0.01500627,0
1506627252,22483387,3512.00,0.01420775,0
1506627251,22483386,3512.00,0.03078393,0
1506627181,22483344,3512.00,0.03573791,0
1506627126,22483316,3512.00,0.00796698,0
1506627125,22483313,3512.00,0.34276646,0
1506627103,22483298,3512.00,0.02759295,0
1506627094,22483294,3511.99,0.00583310,0
1506627086,22483291,3503.30,0.10826293,1
1506627084,22483290,3503.23,0.10000000,1
1506627078,22483285,3501.10,0.49398327,0
1506627078,22483284,3503.21,0.96101673,1
1506627077,22483283,3503.23,1.00000000,0
1506627072,22483269,3512.00,5.00000000,0
1506627066,22483260,3512.00,5.00000000,0
1506627061,22483251,3512.00,5.00000000,0
1506627054,22483250,3512.00,5.00000000,0
1506627051,22483242,3512.00,5.00000000,0
1506627048,22483239,3512.00,5.00000000,0
1506627044,22483236,3512.00,0.01316701,0
1506627031,22483227,3512.00,0.28439389,0
1506627021,22483220,3512.00,0.51252562,0
1506627019,22483215,3512.00,0.20336276,0
1506626966,22483102,3512.00,17.84000000,0
1506626966,22483101,3511.99,0.06000000,0
1506626944,22483069,3511.99,0.02061405,0
1506626938,22483062,3511.90,0.28891564,0
1506626933,22483060,3511.90,0.93000000,0
1506626933,22483058,3511.89,0.07000000,0
1506626921,22483048,3511.90,0.05602175,0
1506626869,22483004,3511.90,0.10078816,0
1506626844,22482997,3511.90,0.27980867,0
1506626844,22482996,3511.90,0.10529856,0
1506626831,22482993,3511.90,0.01361356,0
1506626824,22482987,3511.90,1.00025000,0
1506626823,22482983,3511.90,0.66747914,0
1506626805,22482979,3511.90,0.02765673,0
1506626783,22482970,3511.80,0.02879339,0
1506626781,22482969,3511.90,0.14201714,0
1506626765,22482959,3511.90,0.16415615,0
1506626764,22482957,3511.90,0.10756324,0
1506626763,22482953,3511.70,0.10000000,0
1506626746,22482948,3511.90,0.10753302,0
1506626744,22482947,3501.10,0.32800000,1
1506626714,22482931,3511.90,0.25339978,0
1506626704,22482930,3511.90,0.02788299,0
1506626691,22482927,3511.90,0.98560552,0
1506626685,22482926,3511.90,0.33888043,0
1506626684,22482925,3501.00,0.00917958,1
1506626681,22482923,3511.90,0.00124718,0
1506626681,22482922,3511.89,0.01696804,0
1506626680,22482921,3511.79,0.07500000,1
1506626680,22482920,3511.79,0.06300675,0
1506626677,22482917,3511.89,0.06303196,1
1506626654,22482911,3501.00,0.01052694,1
1506626653,22482910,3512.00,0.10991616,0
1506626651,22482905,3511.90,0.47570247,0
1506626651,22482903,3511.89,0.06871935,0
1506626649,22482900,3511.89,0.02128065,0
1506626648,22482899,3511.90,0.01367614,0
1506626646,22482895,3501.00,0.00538925,1
1506626646,22482894,3501.46,0.00569762,1
1506626646,22482893,3501.99,0.00569676,1
1506626646,22482892,3501.99,0.00006062,1
1506626644,22482889,3511.90,0.04019836,0
1506626643,22482888,3511.90,0.01753879,0
1506626643,22482887,3511.89,0.01271459,0
1506626628,22482880,3511.80,0.06525713,0
1506626628,22482877,3511.79,0.10000000,0
1506626627,22482875,3511.00,0.10069562,0
1506626627,22482874,3510.91,0.08481560,0
1506626627,22482873,3510.91,0.04993123,0
1506626625,22482870,3510.90,0.02542918,0
1506626606,22482834,3510.91,0.01243810,1
1506626606,22482832,3510.91,0.07241143,1
1506626601,22482827,3510.80,0.46477443,0
1506626601,22482826,3510.79,0.05085837,0
1506626601,22482825,3510.47,0.69161288,0
1506626583,22482808,3510.80,1.34959269,0
1506626547,22482771,3511.90,0.33541516,0
1506626547,22482770,3511.09,0.11000000,0
1506626547,22482769,3509.78,0.03178713,0
1506626531,22482757,3509.78,0.06992961,0
1506626498,22482739,3508.40,0.02801648,0
1506626450,22482707,3501.99,0.12798411,1
1506626450,22482706,3504.98,0.02354292,1
1506626449,22482704,3511.79,0.10845765,0
1506626449,22482703,3511.79,0.00569510,0
1506626449,22482702,3511.71,0.17790930,0
1506626448,22482701,3511.59,0.01563440,0
1506626408,22482662,3511.79,0.94039697,0
1506626407,22482661,3511.79,0.01649586,0
1506626334,22482626,3511.79,0.00030163,1
1506626334,22482625,3512.00,0.15062357,1
1506626323,22482620,3518.00,0.11341381,0
1506626306,22482588,3519.20,0.73723866,0
1506626306,22482587,3518.72,0.02358813,0
1506626306,22482586,3514.97,0.03126879,0
1506626306,22482585,3514.90,0.03000000,0
1506626304,22482584,3512.00,0.20000000,1
1506626270,22482567,3518.00,0.19383154,0
1506626270,22482566,3517.04,0.03000000,0
1506626248,22482563,3516.90,0.06986340,0
1506626245,22482561,3512.00,0.14937643,1
1506626206,22482529,3516.70,1.09313130,0
1506626205,22482528,3515.51,0.14484875,0
1506626205,22482527,3515.19,0.01634917,0
1506626205,22482526,3514.99,0.11204073,0
1506626203,22482525,3514.99,0.00795927,0
1506626186,22482520,3515.00,0.01405974,0
1506626165,22482513,3515.45,0.02347205,0
1506626164,22482512,3514.57,0.00455161,0
1506626164,22482511,3514.57,0.02814672,0
1506626137,22482507,3511.79,0.00284700,1
1506626117,22482501,3515.51,0.03262969,0
1506626105,22482497,3515.51,0.02324635,0
1506626105,22482496,3515.39,0.13000000,0
1506626102,22482494,3515.39,0.10374951,1
1506626100,22482493,3514.66,0.06539667,0
1506626051,22482480,3501.99,0.11306914,0
1506626043,22482479,3516.90,0.85493269,0
1506626043,22482478,3514.76,0.00280000,0
1506626043,22482477,3514.49,0.00569070,0
1506626043,22482476,3513.69,0.14000000,0
1506626043,22482475,3511.79,0.00365512,0
1506626030,22482473,3511.79,0.39634488,1
1506626028,22482472,3513.60,0.56847390,0
1506626027,22482471,3512.00,0.15733931,0
1506626026,22482469,3501.99,0.02334474,1
1506626024,22482466,3501.99,0.04861053,1
1506626024,22482465,3504.80,0.02354413,1
1506626023,22482464,3512.00,0.20736048,0
1506626008,22482460,3512.00,0.15029323,0
1506626008,22482459,3512.00,0.00569480,0
1506626007,22482458,3512.00,0.05044364,0
1506626006,22482457,3512.00,0.15043849,0
1506626006,22482456,3512.00,0.67573292,0
1506626006,22482455,3511.82,0.17833222,0
1506626006,22482454,3511.82,0.09349921,0
1506626005,22482452,3511.82,0.09349921,0
1506626005,22482450,3511.82,0.01324893,0
1506626003,22482449,3511.82,0.02142043,0
1506625999,22482447,3510.63,0.02893930,1
1506625997,22482440,3511.82,0.04245320,1
1506625994,22482417,3511.82,0.01746794,1
1506625963,22482395,3512.00,0.02203580,0
1506625963,22482394,3508.27,0.01321420,0
1506625958,22482388,3512.00,0.01320144,1
1506625958,22482387,3512.00,0.02088170,1
1506625948,22482385,3512.00,0.27626792,0
1506625944,22482383,3512.00,0.21311970,0
1506625933,22482377,3512.00,0.27025000,0
1506625932,22482374,3512.00,0.02818139,0
1506625931,22482373,3512.00,0.00862491,0
1506625931,22482372,3512.00,0.02817615,0
1506625907,22482365,3511.72,0.07792965,0
1506625905,22482364,3511.99,0.00827283,0
1506625864,22482360,3501.71,0.01297985,1
1506625856,22482358,3512.00,0.00250984,0
1506625817,22482346,3512.00,0.02394600,0
1506625793,22482338,3501.37,0.00228474,1
1506625786,22482337,3512.00,0.01376888,0
1506625772,22482331,3512.00,0.19609580,0
1506625745,22482319,3512.00,0.58915835,0
1506625745,22482318,3511.99,0.16000000,0
1506625729,22482311,3511.90,0.01326174,0
1506625722,22482308,3511.90,0.05322277,0
1506625720,22482305,3511.70,0.00307259,0
1506625707,22482303,3511.99,0.01670194,0
1506625706,22482302,3511.99,0.00830829,0
1506625704,22482301,3511.99,0.04485105,0
1506625693,22482298,3511.90,0.02788894,0
1506625685,22482295,3511.98,0.00945527,0
1506625683,22482293,3511.63,0.02735761,0
1506625676,22482292,3511.99,0.08397477,0
1506625668,22482287,3499.71,0.00310112,1
1506625662,22482274,3499.71,0.01122700,1
1506625658,22482273,3511.90,0.50837565,0
1506625649,22482271,3511.90,0.00503715,1
1506625647,22482270,3499.68,0.02344697,0
1506625646,22482269,3499.68,0.00847799,1
1506625627,22482266,3512.00,0.75402540,0
1506625627,22482265,3511.99,0.01664458,0
1506625627,22482264,3511.69,0.19000000,0
1506625627,22482263,3511.68,0.08512143,0
1506625625,22482261,3511.45,0.00966903,0
1506625625,22482260,3510.00,0.02789967,0
1506625605,22482253,3511.18,0.06527312,0
1506625605,22482252,3510.00,0.22090179,0
1506625597,22482250,3510.00,0.28427350,0
1506625581,22482242,3510.00,0.03150394,0
1506625574,22482191,3510.00,0.01699219,0
1506625574,22482190,3509.88,0.27691410,1
1506625564,22482186,3510.56,0.02681102,0
1506625544,22482177,3510.99,0.02244096,0
1506625506,22482166,3511.79,0.00847799,0
1506625484,22482156,3511.85,0.00877747,0
1506625463,22482151,3510.90,0.68520848,0
1506625461,22482149,3510.99,0.00830801,0
1506625445,22482145,3511.10,0.08221440,0
1506625444,22482143,3511.10,0.00310112,0
1506625442,22482141,3495.36,0.90778028,1
1506625442,22482140,3495.40,0.00468329,1
1506625442,22482139,3498.26,0.02358813,1
1506625441,22482138,3499.00,0.27604274,1
1506625441,22482137,3499.07,0.30847892,1
1506625436,22482134,3511.70,0.05610875,0
1506625402,22482125,3499.07,0.00283763,1
1506625369,22482118,3512.79,0.38070271,0
1506625362,22482113,3513.08,0.01444047,0
1506625362,22482112,3511.00,0.01236620,0
1506625349,22482102,3510.94,0.02813017,0
1506625348,22482101,3510.94,0.02814365,0
1506625347,22482098,3510.94,0.00355400,0
1506625346,22482096,3510.94,0.04094629,0
1506625346,22482095,3510.94,0.01075000,0
1506625340,22482090,3510.94,0.17065515,1
1506625324,22482087,3510.68,0.02713614,0
1506625321,22482085,3511.00,0.01253363,0
1506625304,22482073,3511.00,0.03352220,0
1506625293,22482058,3511.18,0.05000000,0
1506625284,22482017,3511.37,0.07790947,0
1506625276,22482013,3511.70,0.56772357,0
1506625244,22481996,3509.76,0.00735633,1
1506625243,22481995,3509.76,0.70000000,1
1506625239,22481994,3509.76,0.00315665,1
1506625224,22481989,3499.00,0.23039020,1
1506625224,22481988,3499.81,0.12107504,1
1506625222,22481987,3499.87,0.74853476,1
1506625192,22481952,3511.20,0.13979056,0
1506625178,22481946,3511.29,0.05539560,1
1506625169,22481942,3511.89,0.27997343,0
1506625149,22481937,3514.49,0.77701420,0
1506625148,22481936,3513.00,0.03736448,0
1506625148,22481935,3512.40,0.18562132,0
1506625136,22481930,3512.38,0.23999966,1
1506625129,22481928,3500.03,0.04503124,1
1506625106,22481918,3513.00,0.15979789,0
1506625104,22481916,3512.99,0.10652438,0
1506625085,22481913,3513.42,0.00783906,0
1506625075,22481912,3513.50,0.00283763,0
1506625044,22481906,3499.43,0.01300748,1
1506625034,22481905,3513.92,0.01028780,0
1506625034,22481904,3513.92,0.27365016,0
1506625031,22481903,3513.41,0.48269914,1
1506625024,22481896,3499.30,0.02598209,1
1506625014,22481850,3499.30,0.10000000,1
1506624985,22481845,3513.87,0.05362468,0
1506624984,22481844,3513.95,0.04229428,0
1506624960,22481839,3500.51,0.46955928,1
1506624960,22481838,3505.42,0.01470000,1
1506624947,22481834,3514.97,0.07286295,0
1506624933,22481825,3515.39,0.00567600,0
1506624933,22481824,3515.40,0.00567600,0
1506624912,22481811,3515.85,0.03025000,1
1506624905,22481809,3500.00,0.05400000,1
1506624903,22481808,3500.00,0.07147970,1
1506624862,22481753,3517.33,0.07273311,0
1506624829,22481738,3501.95,0.03744032,0
1506624829,22481737,3500.00,0.20183973,0
1506624822,22481732,3500.00,0.01637770,0
1506624819,22481730,3500.00,0.22868700,0
1506624814,22481721,3500.00,0.19353429,0
1506624811,22481718,3500.00,0.34278356,0
1506624810,22481717,3500.00,0.26134842,0
1506624806,22481714,3499.99,0.00560000,0
1506624803,22481704,3500.00,0.00803735,0
1506624802,22481697,3500.00,1.00603000,0
1506624801,22481696,3500.00,0.21000000,0
1506624801,22481695,3500.00,0.02669477,0
1506624800,22481690,3500.00,0.05699932,1
1506624800,22481688,3500.00,1.00000000,1
1506624800,22481687,3500.00,9.33713065,1
1506624800,22481685,3500.21,0.26000000,1
1506624799,22481684,3500.22,0.45000000,1
1506624799,22481682,3500.23,0.02122760,1
1506624799,22481680,3508.48,0.21649911,1
1506624778,22481635,3517.79,0.21649911,1
1506624776,22481634,3517.70,0.29680487,0
1506624776,22481633,3517.70,1.01208623,0
1506624775,22481632,3517.70,0.07216028,0
1506624770,22481627,3500.00,1.69440000,1
1506624770,22481626,3501.78,0.00560000,0
1506624768,22481622,3500.00,3.21994922,1
1506624768,22481621,3500.00,0.06395469,1
1506624768,22481618,3500.13,0.44414757,1
1506624768,22481616,3500.13,0.02849878,0
1506624767,22481615,3500.15,0.90000000,0
1506624767,22481613,3502.14,1.10991980,1
1506624767,22481609,3502.15,0.29000000,1
1506624767,22481608,3503.06,0.00560000,0
1506624766,22481607,3503.06,2.40530000,0
1506624766,22481606,3505.00,2.90000000,1
1506624766,22481604,3505.00,0.05695255,1
1506624766,22481603,3506.00,0.10000000,1
1506624765,22481602,3506.00,0.01259860,0
1506624765,22481601,3506.10,2.40260000,0
1506624765,22481599,3508.00,0.02502000,1
1506624764,22481596,3508.70,0.03545879,1
1506624763,22481595,3508.73,1.00000000,1
1506624733,22481582,3519.97,0.05125000,0
1506624733,22481581,3519.97,0.01418580,0
1506624732,22481580,3519.97,0.02384648,0
1506624684,22481565,3519.97,0.01384438,0
1506624657,22481556,3519.99,0.23898184,1
1506624652,22481555,3519.97,0.24527744,0
1506624641,22481541,3520.00,0.04897198,0
1506624640,22481536,3520.00,0.00002483,1
1506624636,22481530,3520.00,0.05639371,1
1506624635,22481527,3521.11,0.00566760,1
1506624621,22481517,3526.99,0.02663129,0
1506624614,22481513,3527.23,0.02798661,0
1506624586,22481502,3527.46,0.02828097,0
1506624547,22481450,3531.55,0.02707147,0
1506624526,22481441,3531.97,0.05572098,1
1506624503,22481429,3532.68,0.01326201,0
1506624481,22481412,3521.26,0.08201248,1
1506624466,22481408,3534.46,0.02663141,0
1506624466,22481407,3521.20,0.02900000,1
1506624465,22481406,3534.49,0.02148132,0
1506624453,22481404,3521.40,0.94420481,1
1506624453,22481403,3522.41,0.42802638,1
1506624453,22481402,3522.42,0.70650159,1
1506624427,22481399,3534.90,0.25977999,0
1506624425,22481398,3534.90,0.11571760,0
1506624425,22481397,3534.60,0.01785461,0
1506624423,22481393,3534.61,0.01835000,0
1506624394,22481384,3522.56,0.30000000,1
1506624346,22481364,3534.90,0.01861089,0
1506624345,22481363,3534.90,0.01711530,0
1506624345,22481362,3534.79,0.00951604,0
1506624343,22481361,3534.79,0.01326201,0
1506624319,22481355,3521.11,0.09609451,1
1506624319,22481354,3521.11,0.14679868,1
1506624308,22481345,3535.00,0.14138330,0
1506624307,22481340,3534.99,0.07000000,0
1506624307,22481337,3534.80,2.39570000,0
1506624307,22481335,3534.80,0.08381985,0
1506624305,22481334,3534.79,0.10000000,0
1506624301,22481333,3520.91,0.01137397,1
1506624283,22481327,3534.78,0.01381024,0
1506624264,22481322,3534.80,0.01618015,0
1506624264,22481321,3534.79,0.03986039,0
1506624226,22481315,3534.78,0.02679969,0
1506624220,22481309,3534.79,0.08296391,0
1506624196,22481303,3534.78,0.19412719,0
1506624183,22481267,3534.79,0.02596194,0
1506624181,22481265,3534.79,0.06732732,0
1506624142,22481246,3534.80,0.04232488,0
1506624132,22481238,3534.80,0.00154382,0
1506624132,22481237,3534.80,0.03199059,0
1506624103,22481225,3534.80,0.10693815,0
1506624072,22481204,3534.80,0.13892874,0
1506624064,22481203,3522.50,0.65523570,1
1506624064,22481202,3522.51,0.05050430,1
1506624061,22481197,3534.90,0.01326205,0
1506624044,22481182,3534.98,0.01766861,0
1506624025,22481176,3534.90,0.02731393,0
1506624004,22481172,3534.90,0.02745561,0
1506624001,22481171,3522.69,0.01350931,1
1506623985,22481166,3534.90,0.02663194,0
1506623984,22481165,3522.65,0.01334011,1
1506623923,22481154,3522.56,0.01440464,1
1506623907,22481137,3534.60,0.05769705,0
1506623907,22481136,3534.59,0.01481056,0
1506623906,22481135,3521.90,0.02930727,1
1506623904,22481134,3521.84,0.06484400,1
1506623881,22481128,3534.60,0.04138761,0
1506623881,22481127,3534.59,0.04406100,0
1506623876,22481126,3534.60,0.01225960,0
1506623874,22481125,3534.59,0.02962111,0
1506623853,22481121,3534.60,0.28221015,0
1506623845,22481118,3534.90,0.01109925,0
1506623844,22481117,3534.88,0.01062392,0
1506623826,22481112,3534.89,0.07155914,0
1506623826,22481111,3534.88,0.02500000,0
1506623826,22481110,3534.85,0.02124785,0
1506623823,22481106,3534.86,0.02596142,0
1506623822,22481105,3534.86,0.01134430,0
1506623807,22481097,3520.01,0.02500000,1
1506623801,22481092,3522.54,0.02184541,1
1506623786,22481084,3535.00,0.10363436,0
1506623786,22481083,3534.97,0.01661564,0
1506623785,22481080,3534.97,0.02588005,0
1506623785,22481079,3534.79,0.00208723,0
1506623768,22481064,3534.79,0.00180775,0
1506623766,22481062,3534.79,0.00982613,0
1506623766,22481060,3534.79,0.05000000,0
1506623766,22481059,3534.78,0.06507127,0
1506623735,22481039,3534.73,0.00564570,1
1506623726,22481034,3534.73,0.08345419,0
1506623722,22481030,3534.73,0.01521900,0
1506623707,22481019,3534.74,0.02646433,0
1506623703,22481018,3520.67,0.01408702,1
1506623664,22480997,3534.61,0.03738008,0
1506623644,22480986,3534.79,0.07550909,0
1506623643,22480984,3534.79,0.08254366,0
1506623643,22480982,3532.48,0.00560000,0
1506623633,22480956,3532.40,0.62079853,0
1506623633,22480955,3532.37,0.79184160,0
1506623606,22480942,3531.20,1.16180130,0
1506623606,22480941,3530.50,0.28751153,0
1506623606,22480940,3530.49,0.40538404,0
1506623606,22480939,3530.48,0.08000000,0
1506623606,22480938,3530.00,0.05668581,0
1506623605,22480937,3528.67,0.40000000,0
1506623604,22480935,3528.59,0.07055997,0
1506623586,22480924,3528.71,0.01883000,0
1506623585,22480921,3528.67,0.04271867,0
1506623564,22480911,3514.90,0.01431961,1
1506623524,22480896,3513.70,0.06975561,1
1506623503,22480886,3529.51,0.02128352,0
1506623445,22480841,3530.47,0.01861215,0
1506623444,22480840,3515.41,0.02603205,1
1506623424,22480837,3518.40,0.05000000,1
1506623403,22480826,3531.19,0.06496959,0
1506623361,22480805,3513.21,0.06295056,1
1506623354,22480803,3531.44,0.04001450,0
1506623319,22480789,3532.00,0.05648357,0
1506623312,22480788,3532.18,0.10455324,0
1506623307,22480785,3532.35,0.08433263,0
1506623300,22480783,3534.05,0.13000000,1
1506623299,22480780,3511.81,0.63500000,0
1506623297,22480778,3516.07,0.32000000,1
1506623297,22480777,3516.07,0.02000000,1
1506623295,22480776,3511.74,0.13193445,0
1506623295,22480775,3515.00,0.05668581,1
1506623295,22480774,3516.00,0.40260870,1
1506623294,22480773,3516.00,0.02346142,0
1506623294,22480772,3516.06,0.34000000,1
1506623294,22480771,3518.56,0.09969624,0
1506623292,22480770,3518.56,0.04227265,1
1506623292,22480768,3518.56,0.40000000,1
1506623292,22480767,3518.59,0.97349958,1
1506623285,22480760,3534.89,0.10980539,1
1506623283,22480756,3534.79,0.02000000,0
1506623268,22480751,3534.89,0.25558928,1
1506623268,22480750,3534.89,0.03001225,0
1506623244,22480741,3534.90,0.01885000,0
1506623243,22480740,3534.89,0.02000000,0
1506623242,22480739,3519.90,0.00227251,1
1506623238,22480734,3534.90,0.00564372,0
1506623232,22480728,3519.89,0.02650042,1
1506623224,22480723,3534.90,0.05801861,0
1506623224,22480722,3534.89,0.03711173,0
1506623223,22480721,3534.86,0.16730646,0
1506623201,22480717,3534.86,0.02821894,0
1506623184,22480716,3534.90,0.01994824,0
1506623175,22480715,3534.57,0.68057879,0
1506623164,22480700,3534.90,0.02717016,0
1506623147,22480698,3534.89,0.02641115,0
1506623131,22480694,3534.37,0.00564580,0
1506623116,22480689,3534.66,0.00603000,1
1506623114,22480688,3534.98,0.00628494,0
1506623108,22480687,3534.66,0.01000000,0
1506623068,22480680,3520.40,0.84480000,1
1506623053,22480675,3534.98,0.00180438,0
1506623052,22480674,3534.98,0.00579680,0
1506623051,22480673,3534.77,0.01374252,0
1506623045,22480670,3534.78,0.04227265,0
1506622945,22480629,3535.00,5.33992830,0
1506622943,22480628,3534.89,0.63493497,0
1506622933,22480625,3534.93,0.06475297,0
1506622884,22480606,3534.99,0.41956778,0
1506622882,22480605,3534.99,0.05465370,1
1506622882,22480604,3534.99,0.03000000,0
1506622852,22480597,3535.00,0.08146686,1
1506622852,22480596,3534.98,0.02748504,1
1506622850,22480595,3534.93,0.03000000,0
1506622846,22480594,3534.99,0.01037900,0
1506622844,22480593,3534.93,0.02122490,0
1506622824,22480581,3534.98,0.01280955,0
1506622824,22480580,3534.98,0.02798598,0
1506622806,22480572,3534.98,0.02698410,0
1506622782,22480555,3534.90,0.01305017,0
1506622782,22480554,3529.00,0.06521501,0
1506622782,22480553,3525.00,0.01837009,0
1506622745,22480538,3525.00,0.02662991,0
1506622742,22480535,3517.60,0.07196692,1
1506622605,22480471,3534.98,0.01165467,0
1506622604,22480470,3534.99,0.01418529,0
1506622592,22480468,3534.99,0.11398900,0
1506622592,22480467,3534.98,0.03000000,0
1506622592,22480466,3534.97,0.02255748,0
1506622590,22480455,3531.82,0.01013504,1
1506622590,22480454,3531.82,0.47283045,0
1506622561,22480449,3531.83,0.56421051,0
1506622533,22480443,3531.93,0.22380000,0
1506622503,22480434,3532.02,0.12991150,1
1506622465,22480421,3532.76,0.02716955,0
1506622457,22480418,3520.10,0.08610000,1
1506622436,22480415,3532.99,0.03512800,0
1506622425,22480409,3533.20,0.03174388,0
1506622402,22480400,3520.00,0.04500000,1
1506622357,22480355,3520.00,0.04606500,0
1506622355,22480354,3520.00,0.02255873,1
1506622355,22480353,3520.10,2.39230000,1
1506622341,22480334,3520.00,0.00244127,0
1506622337,22480332,3520.00,0.32500000,0
1506622333,22480331,3520.00,0.50000000,0
1506622333,22480330,3520.00,0.95292395,0
1506622333,22480329,3520.00,0.15054333,1
1506622333,22480328,3520.23,0.91651562,1
1506622329,22480327,3535.00,0.08767431,0
1506622329,22480326,3534.99,0.04000000,0
1506622319,22480315,3520.00,0.22555672,0
1506622317,22480312,3520.00,2.39020000,0
1506622316,22480311,3522.59,0.23166745,1
1506622285,22480303,3535.00,0.01320093,0
1506622283,22480302,3535.00,0.03009729,0
1506622283,22480301,3534.99,0.05000000,0
1506622271,22480286,3535.00,0.02628538,0
1506622269,22480285,3535.00,0.01190056,0
1506622269,22480284,3534.99,0.06000000,0
1506622263,22480279,3535.00,0.66312023,0
1506622255,22480270,3535.00,0.02319110,0
1506622255,22480269,3534.99,0.06000000,0
1506622248,22480268,3535.00,0.00193186,0
1506622248,22480267,3534.99,0.02548132,0
1506622246,22480266,3534.99,0.01625000,0
1506622244,22480265,3534.99,0.02826868,0
1506622224,22480264,3534.99,0.03999697,0
1506622202,22480253,3535.00,0.15293352,0
1506622201,22480252,3535.00,0.02751224,0
1506622201,22480251,3534.99,0.08000000,1
1506622200,22480250,3534.99,0.01199820,0
1506622187,22480245,3534.99,0.04245312,1
1506622186,22480244,3534.99,0.59991170,0
1506622186,22480243,3534.99,0.08585232,0
1506622184,22480242,3534.99,0.01414768,0
1506622171,22480241,3534.94,0.13944823,0
1506622167,22480238,3535.00,0.05211506,0
1506622167,22480237,3534.99,0.11000000,0
1506622166,22480236,3534.97,0.05537903,0
1506622125,22480221,3534.99,0.02128798,0
1506622101,22480211,3534.97,0.02025000,0
1506622099,22480210,3522.53,0.02139941,0
1506622068,22480179,3534.99,0.02759929,0
1506622067,22480178,3522.10,0.07215998,1
1506622065,22480177,3522.10,0.41068605,1
1506622063,22480176,3522.03,0.06208497,1
1506622042,22480159,3534.99,0.00809583,0
1506621984,22480105,3534.92,0.11045904,0
1506621976,22480104,3534.99,0.55619136,0
1506621894,22480038,3531.06,0.12792584,0
1506621894,22480037,3531.03,0.18067560,0
1506621863,22480013,3522.23,0.08232366,1
1506621854,22480010,3522.21,0.34177270,1
1506621851,22480009,3534.98,0.05139167,0
1506621845,22480008,3521.88,0.00631533,1
1506621844,22480007,3524.49,0.02341259,1
1506621809,22479999,3534.97,0.00924216,0
1506621807,22479996,3534.97,0.07250306,0
1506621805,22479994,3534.97,0.01057846,0
1506621804,22479993,3534.97,0.10968235,0
1506621704,22479959,3539.99,0.26313382,0
1506621676,22479949,3542.00,0.24184147,1
1506621674,22479947,3538.64,0.00778687,0
1506621674,22479946,3538.61,0.01959655,0
1506621589,22479864,3524.52,0.11163316,1
1506621589,22479862,3531.55,0.01230099,1
1506621580,22479842,3531.55,0.01106476,1
1506621580,22479841,3538.63,0.00167314,1
1506621563,22479833,3538.64,0.00285261,0
1506621563,22479832,3538.63,0.00627240,0
1506621556,22479829,3538.63,0.01872760,1
1506621554,22479827,3538.64,0.01281589,0
1506621552,22479825,3538.63,0.02345543,0
1506621509,22479809,3538.21,0.04143039,1
1506621505,22479807,3538.21,0.26903374,0
1506621460,22479792,3538.21,0.05558327,0
1506621444,22479782,3538.21,0.13691097,0
1506621437,22479772,3538.21,0.02768100,0
1506621398,22479747,3538.57,0.35998433,1
1506621397,22479746,3538.57,0.05658300,0
1506621397,22479745,3538.14,0.11000000,0
1506621397,22479744,3538.07,0.75072264,0
1506621365,22479727,3538.57,0.00786544,0
1506621364,22479724,3538.57,0.00292558,0
1506621364,22479723,3538.29,0.01560000,0
1506621359,22479718,3538.26,0.00301379,0
1506621297,22479650,3513.59,4.28981069,1
1506621297,22479649,3518.05,0.02345543,1
1506621297,22479648,3518.06,0.02345537,1
1506621297,22479647,3518.10,0.05000000,1
1506621297,22479646,3519.80,0.05658300,1
1506621297,22479645,3520.34,0.00560000,1
1506621297,22479644,3521.11,0.01560000,1
1506621297,22479643,3521.21,0.50000000,1
1506621296,22479642,3521.21,0.23000000,1
1506621296,22479640,3521.41,0.80549551,1
1506621287,22479632,3543.60,0.07925000,0
1506621284,22479631,3543.63,0.24626357,0
1506621274,22479627,3520.91,0.14334872,1
1506621262,22479618,3520.70,0.00609000,1
1506621242,22479600,3519.78,1.00000000,1
1506621240,22479597,3520.01,0.29500000,1
1506621240,22479595,3520.02,0.97500000,1
1506621240,22479594,3521.45,0.05000000,1
1506621239,22479592,3519.78,0.70250989,1
1506621239,22479590,3520.01,0.31913484,1
1506621238,22479589,3520.01,0.31913529,1
1506621238,22479588,3521.44,0.00383647,1
1506621238,22479587,3524.42,0.02341306,1
1506621238,22479585,3524.46,0.43120070,1
1506621238,22479582,3529.53,0.26000000,1
1506621238,22479580,3529.53,0.36721100,1
1506621238,22479579,3534.80,2.38500000,1
1506621237,22479578,3535.00,0.29243649,1
1506621237,22479576,3535.22,0.89612226,1
1506621220,22479555,3535.37,0.06453405,0
1506621218,22479548,3538.00,0.11990000,1
1506621206,22479513,3550.00,0.05692612,1
1506621187,22479502,3550.00,0.09017969,0
1506621184,22479501,3550.00,0.01960608,0
1506621164,22479490,3550.70,0.00807293,0
1506621147,22479473,3545.19,0.02065000,0
1506621146,22479472,3545.20,0.00357268,0
1506621146,22479471,3545.00,0.14112658,0
1506621124,22479461,3544.99,0.02655471,0
1506621116,22479458,3544.99,0.00179408,0
1506621068,22479379,3539.58,0.19963200,0
1506621065,22479374,3539.07,2.39140574,1
1506621063,22479373,3544.80,1.35839886,0
1506621041,22479362,3545.00,0.02301551,0
1506621018,22479351,3539.07,0.45441419,1
1506621018,22479350,3540.00,0.02976817,1
1506621013,22479345,3545.00,0.09696559,0
1506621013,22479344,3545.00,0.04030671,0
1506620993,22479312,3542.80,3.91215470,1
1506620969,22479301,3545.00,0.05267318,0
1506620964,22479299,3545.00,0.02630981,0
1506620952,22479291,3545.00,0.24894724,0
1506620945,22479286,3545.00,0.02707076,0
1506620927,22479277,3542.80,0.16000000,1
1506620885,22479265,3545.00,0.02649119,0
1506620883,22479263,3545.00,0.02457556,0
1506620876,22479257,3542.80,0.99960015,1
1506620870,22479252,3542.80,0.31824515,1
1506620843,22479238,3545.39,0.04064582,0
1506620824,22479224,3540.00,0.13184852,1
1506620824,22479223,3540.01,0.02879966,1
1506620817,22479221,3540.01,0.00225960,1
1506620788,22479210,3547.59,0.10000000,0
1506620787,22479209,3547.60,0.03877381,0
1506620726,22479180,3547.90,0.00788192,0
1506620724,22479174,3547.90,0.09633806,0
1506620724,22479173,3547.89,0.06874801,0
1506620722,22479172,3540.03,0.03830272,1
1506620721,22479171,3540.04,0.05682421,1
1506620674,22479123,3547.97,0.26327527,0
1506620661,22479117,3540.00,0.01188331,1
1506620647,22479072,3548.89,0.02653151,0
1506620646,22479071,3548.90,0.02677876,0
1506620627,22479052,3549.90,0.56320741,1
1506620626,22479051,3548.89,0.01683033,0
1506620587,22479007,3549.90,0.00028610,0
1506620587,22479006,3549.11,0.01335465,0
1506620585,22479004,3549.00,0.03446607,0
1506620584,22478997,3549.07,0.02215126,0
1506620548,22478983,3549.89,0.01498401,0
1506620546,22478982,3549.90,0.13273273,0
1506620546,22478981,3549.75,0.02670929,0
1506620544,22478980,3549.72,0.05413491,0
1506620524,22478969,3549.12,0.00787371,0
1506620503,22478966,3539.12,0.12700000,1
1506620405,22478915,3539.13,0.94998625,0
1506620403,22478914,3553.00,0.12914439,0
1506620375,22478895,3553.60,0.00300794,1
1506620351,22478890,3553.80,0.05551777,0
1506620303,22478876,3554.80,0.05897181,0
1506620292,22478870,3554.79,0.06936198,0
1506620281,22478866,3554.70,0.03496219,0
1506620274,22478864,3554.90,0.06532838,0
1506620272,22478863,3550.00,0.00482370,0
1506620272,22478862,3550.00,0.02325550,0
1506620268,22478854,3559.08,0.02802690,0
1506620266,22478853,3559.08,3.84377423,1
1506620266,22478851,3556.43,8.40000000,0
1506620266,22478850,3555.73,0.00383724,0
1506620265,22478849,3554.94,0.02334780,0
1506620265,22478848,3554.93,0.01000000,1
1506620264,22478847,3553.00,8.23000000,1
1506620264,22478846,3553.00,0.35521244,0
1506620264,22478843,3553.00,0.00404979,0
1506620264,22478841,3552.82,0.02336126,0
1506620263,22478840,3550.00,0.25460000,0
1506620263,22478839,3550.00,0.20000000,0
1506620263,22478838,3550.00,0.10000000,0
1506620263,22478837,3550.00,0.01450000,0
1506620263,22478836,3550.00,0.59204790,1
1506620263,22478834,3549.90,0.12500000,0
1506620262,22478833,3549.03,0.06000000,1
1506620262,22478832,3549.03,2.38340000,1
1506620262,22478831,3549.00,0.20000000,0
1506620261,22478830,3548.61,1.05929282,0
1506620261,22478829,3548.61,0.20606855,0
1506620261,22478828,3548.59,7.54000000,1
1506620261,22478827,3548.40,2.38190000,1
1506620260,22478826,3548.10,0.73888464,0
1506620260,22478825,3548.00,4.98584031,0
1506620258,22478824,3547.99,0.14373286,0
1506620254,22478823,3539.08,0.00287190,1
1506620244,22478822,3548.00,0.01415969,0
1506620233,22478818,3547.87,0.02275000,0
1506620205,22478802,3547.80,0.02359183,0
1506620203,22478801,3539.08,0.16341884,1
1506620185,22478796,3547.99,0.01321357,0
1506620144,22478780,3547.80,0.01225000,0
1506620124,22478771,3548.10,0.01500510,0
1506620104,22478758,3548.10,0.01375956,0
1506620083,22478753,3548.00,0.02704596,0
1506620083,22478752,3546.56,0.10000000,0
1506620083,22478751,3546.21,0.01646171,0
1506620083,22478750,3546.20,0.29724890,0
1506620073,22478747,3539.08,0.16028400,1
1506620022,22478734,3539.08,0.05466969,1
1506619997,22478726,3547.68,0.01409320,0
1506619991,22478722,3547.70,0.25312738,0
1506619972,22478684,3539.08,0.00260000,1
1506619964,22478681,3539.08,0.01765594,1
1506619935,22478678,3539.08,0.11304615,1
1506619924,22478675,3539.08,0.08628595,1
1506619910,22478666,3539.08,0.08839574,1
1506619905,22478661,3548.00,2.19631645,0
1506619905,22478660,3548.00,0.89173208,0
1506619905,22478659,3547.99,0.07000000,0
1506619903,22478657,3547.99,0.10025000,0
1506619899,22478649,3548.00,0.10826792,0
1506619899,22478648,3547.99,0.08000000,0
1506619899,22478647,3547.00,0.77880867,0
1506619899,22478646,3546.99,0.03292341,0
1506619898,22478641,3539.07,0.11313000,1
1506619879,22478620,3546.96,0.05900612,0
1506619878,22478618,3546.95,0.08000000,0
1506619873,22478615,3541.06,1.00000000,0
1506619864,22478604,3541.06,0.01587886,0
1506619854,22478589,3539.07,0.93353877,1
1506619845,22478573,3540.93,0.29892913,1
1506619841,22478569,3547.00,0.10646993,0
1506619826,22478546,3547.00,0.11472140,0
1506619826,22478545,3546.89,0.28201362,0
1506619802,22478525,3546.00,0.06477141,1
1506619764,22478504,3546.97,0.02760746,0
1506619736,22478478,3546.83,0.23710750,0
1506619653,22478399,3546.93,0.28131370,0
1506619644,22478397,3546.95,0.04200319,0
1506619624,22478382,3546.85,0.03985120,0
1506619579,22478333,3547.95,0.02389831,0
1506619563,22478326,3547.83,0.06466487,0
1506619512,22478294,3547.98,0.02651522,0
1506619507,22478282,3547.57,0.01311795,0
1506619467,22478273,3547.94,0.30000000,1
1506619446,22478254,3547.90,0.05268860,0
1506619424,22478233,3547.79,0.02731281,0
1506619387,22478203,3548.02,0.01405572,0
1506619366,22478186,3548.10,0.07447222,0
1506619364,22478185,3534.10,0.14384026,1
1506619362,22478184,3548.54,0.08411162,0
1506619353,22478179,3532.23,0.08458449,0
1506619351,22478177,3541.00,0.02330339,1
1506619351,22478176,3548.10,0.21192327,1
1506619342,22478168,3548.10,0.04905520,1
1506619341,22478167,3548.10,0.08744051,1
1506619325,22478153,3548.10,0.01012091,1
1506619315,22478142,3548.50,0.11235733,0
1506619313,22478141,3548.48,0.07515949,0
1506619310,22478131,3548.10,0.10267016,1
1506619308,22478128,3548.10,0.01437953,1
1506619307,22478126,3548.10,0.26589603,1
1506619305,22478121,3548.10,0.02251628,1
1506619305,22478120,3548.45,0.10566870,0
1506619304,22478119,3548.10,0.68356200,1
1506619302,22478113,3548.10,0.02255011,1
1506619301,22478112,3548.10,0.02988600,1
1506619289,22478066,3547.83,0.01321126,0
1506619287,22478065,3547.90,0.09707620,0
1506619287,22478064,3547.86,0.01282582,0
1506619264,22478048,3548.10,0.02760085,0
1506619243,22478023,3529.40,0.84460363,1
1506619243,22478022,3529.43,0.17538488,1
1506619227,22478011,3548.21,0.05946007,0
1506619226,22478010,3548.11,0.02565163,0
1506619225,22478009,3548.01,0.00788591,0
1506619214,22478006,3528.74,0.03147144,1
1506619184,22477949,3546.82,0.13760230,0
1506619143,22477918,3545.90,0.02588059,0
1506619132,22477912,3527.21,0.01545172,1
1506619127,22477906,3527.20,0.01333492,1
1506619126,22477904,3527.11,0.03000570,1
1506619115,22477886,3548.50,0.43767789,0
1506619114,22477882,3548.48,0.35000000,1
1506619114,22477876,3546.89,0.03494611,0
1506619113,22477871,3546.37,0.41197339,1
1506619112,22477870,3546.37,0.12000000,0
1506619112,22477869,3546.37,0.05130327,0
1506619104,22477865,3546.37,0.02759025,0
1506619094,22477856,3546.80,0.01407392,0
1506619094,22477855,3546.80,0.01408601,0
1506619093,22477854,3546.80,0.00578894,0
1506619092,22477852,3546.89,0.03495000,0
1506619086,22477848,3526.63,0.04286447,1
1506619083,22477839,3526.54,0.64606700,1
1506619083,22477835,3526.54,0.37606700,1
1506619083,22477833,3526.62,0.27000000,1
1506619082,22477831,3534.00,0.52212139,1
1506619081,22477828,3534.00,0.12394561,1
1506619078,22477825,3534.00,0.02260329,1
1506619065,22477816,3534.00,0.17050812,1
1506619049,22477799,3534.21,0.22939200,1
1506619024,22477727,3547.67,0.00789727,0
1506619004,22477645,3548.30,0.03190484,0
1506619000,22477643,3548.50,0.00140341,0
1506618993,22477639,3533.71,0.30257890,1
1506618993,22477638,3535.00,0.07096320,1
1506618993,22477637,3535.03,0.62645790,1
1506618991,22477636,3535.00,0.04903680,1
1506618966,22477626,3533.47,0.23960937,1
1506618966,22477625,3540.00,0.00349512,1
1506618962,22477620,3540.00,0.01372015,1
1506618961,22477618,3548.61,0.00841474,0
1506618960,22477615,3548.61,0.33605769,1
1506618957,22477603,3548.61,0.51482185,1
1506618957,22477601,3548.61,0.20883700,1
1506618956,22477599,3548.61,0.01154441,1
1506618954,22477593,3548.61,0.20588908,1
1506618905,22477575,3549.40,0.00669163,0
1506618905,22477574,3546.00,0.02100000,0
1506618903,22477573,3545.97,0.01049204,0
1506618901,22477566,3532.25,0.14379457,1
1506618862,22477551,3542.99,0.02329825,0
1506618858,22477548,3545.40,0.42496992,0
1506618858,22477547,3545.16,0.00286840,0
1506618858,22477546,3545.00,0.02747379,0
1506618858,22477545,3543.79,0.02342130,0
1506618858,22477544,3543.00,2.00000000,0
1506618858,22477543,3543.00,0.52126659,0
1506618853,22477539,3543.00,0.27994382,0
1506618852,22477538,3543.00,0.02814167,0
1506618844,22477531,3543.00,0.02735375,0
1506618843,22477530,3543.00,0.12950889,0
1506618810,22477509,3530.03,0.00063020,1
1506618810,22477508,3540.00,0.16426180,1
1506618801,22477490,3542.90,0.03744390,0
1506618790,22477484,3540.00,0.10039266,1
1506618787,22477483,3540.00,0.03534554,0
1506618764,22477470,3540.00,0.13780816,0
1506618741,22477461,3542.90,0.02111547,0
1506618684,22477424,3542.70,0.10607597,0
1506618648,22477389,3542.70,0.18512278,0
1506618645,22477380,3542.70,0.02107488,0
1506618644,22477379,3542.70,0.04828828,0
1506618627,22477371,3543.00,0.01378528,0
1506618615,22477314,3542.00,0.06867275,0
1506618615,22477313,3542.00,0.32574306,0
1506618601,22477293,3527.12,0.03278900,1
1506618599,22477290,3542.89,0.03739280,0
1506618599,22477289,3542.16,0.16616812,0
1506618590,22477274,3532.40,0.22372000,1
1506618589,22477271,3532.41,0.03700300,1
1506618587,22477261,3532.43,0.08896557,1
1506618587,22477260,3534.27,0.02334780,1
1506618585,22477255,3542.99,0.05366785,0
1506618585,22477250,3542.90,0.54436478,0
1506618584,22477248,3542.34,0.21307000,1
1506618583,22477247,3542.90,0.01333668,0
1506618583,22477246,3542.34,0.01130609,0
1506618583,22477244,3542.34,0.18869109,0
1506618579,22477224,3542.34,0.01130891,0
1506618573,22477219,3541.35,0.11725589,0
1506618567,22477212,3541.35,0.01853200,0
1506618566,22477209,3541.35,0.07345680,0
1506618566,22477208,3541.34,0.00719871,0
1506618566,22477207,3541.34,0.00000223,0
1506618566,22477203,3541.35,0.11191777,1
1506618564,22477200,3541.34,0.02891875,0
1506618564,22477199,3541.34,0.00795995,0
1506618561,22477196,3541.34,0.40000000,0
1506618558,22477194,3540.00,0.00155000,0
1506618558,22477193,3536.04,0.06549586,0
1506618558,22477192,3530.49,0.02350952,0
1506618557,22477191,3530.09,0.35191659,0
1506618554,22477190,3530.09,0.15946438,0
1506618553,22477189,3530.09,0.02814167,0
1506618548,22477188,3529.89,0.28900000,0
1506618548,22477187,3529.49,0.02351614,0
1506618548,22477186,3529.49,0.02351614,0
1506618544,22477183,3528.53,0.01919965,0
1506618542,22477181,3528.53,0.00432291,0
1506618541,22477180,3526.59,0.01450134,0
1506618541,22477179,3526.59,0.00903415,0
1506618541,22477178,3525.59,1.00000000,0
1506618535,22477173,3525.00,1.94510022,0
1506618534,22477171,3525.00,1.55796967,0
1506618534,22477170,3523.89,0.05000000,0
1506618531,22477162,3523.87,0.34884017,0
1506618521,22477144,3515.00,0.41963779,0
1506618520,22477142,3515.00,2.51344626,0
1506618519,22477137,3515.00,2.50000000,0
1506618518,22477136,3515.00,0.21656045,0
1506618513,22477125,3515.00,0.24264864,0
1506618510,22477120,3515.00,1.41240175,0
1506618508,22477116,3515.00,0.22999600,0
1506618501,22477106,3514.97,0.07492288,1
1506618492,22477097,3515.00,0.00371821,0
1506618490,22477096,3515.00,0.66000000,0
1506618486,22477090,3515.00,0.01353579,0
1506618480,22477082,3515.00,1.41065507,0
1506618480,22477075,3515.00,0.02550097,0
1506618474,22477069,3515.00,1.00737000,0
1506618471,22477065,3515.00,0.07083856,0
1506618469,22477061,3515.00,0.82781942,0
1506618466,22477056,3515.00,0.07500045,0
1506618454,22477043,3515.00,0.02323896,0
1506618449,22477030,3515.00,0.10169558,0
1506618448,22477027,3515.00,0.02428581,0
1506618447,22477026,3515.00,0.21380499,0
1506618446,22477023,3515.00,1.32031040,0
1506618445,22477022,3515.00,2.00000000,0
1506618445,22477021,3515.00,0.26900000,0
1506618444,22477020,3512.20,0.07100513,1
1506618443,22477019,3515.00,0.22802844,0
1506618442,22477017,3515.00,0.28363183,0
1506618440,22477011,3515.00,0.20333236,0
1506618440,22477010,3515.00,1.40996980,0
1506618439,22477007,3515.00,0.48000000,0
1506618439,22477006,3515.00,5.05560455,0
1506618433,22476993,3515.00,0.15365592,0
1506618432,22476989,3515.00,0.10020525,0
1506618431,22476985,3515.00,3.64555050,0
1506618429,22476977,3515.00,0.14430520,0
1506618424,22476969,3515.00,1.41003672,0
1506618421,22476964,3515.00,0.33429527,0
1506618415,22476952,3515.00,1.07537794,0
1506618413,22476949,3515.00,0.69296300,0
1506618409,22476945,3515.00,0.13967689,0
1506618403,22476933,3508.50,0.04717832,1
1506618392,22476907,3515.00,0.12628752,0
1506618386,22476905,3515.00,18.86000000,0
1506618383,22476902,3511.44,0.00227967,1
1506618366,22476882,3515.00,0.00978102,0
1506618361,22476870,3515.00,0.06583269,0
1506618361,22476869,3512.00,0.03801731,0
1506618341,22476839,3512.00,0.18841530,0
1506618341,22476838,3510.00,0.01158470,0
1506618326,22476822,3510.00,0.05413220,0
1506618303,22476813,3512.00,0.07100513,0
1506618284,22476804,3512.00,0.01737227,0
1506618201,22476756,3512.00,0.28402335,0
1506618192,22476754,3512.00,0.23334957,0
1506618192,22476753,3512.00,0.15575860,0
1506618184,22476743,3512.00,0.06139193,0
1506618176,22476733,3512.00,16.70000000,0
1506618174,22476732,3512.00,0.04115789,0
1506618163,22476723,3512.00,0.02188590,0
1506618162,22476720,3512.00,0.30000000,0
1506618161,22476713,3512.00,0.05561412,0
1506618154,22476707,3512.00,1.79551577,0
1506618153,22476704,3512.00,0.02221992,0
1506618142,22476680,3512.00,0.44524509,0
1506618136,22476672,3512.00,1.07023898,0
1506618132,22476665,3512.00,0.14869600,0
1506618130,22476656,3512.00,0.13882026,0
1506618129,22476652,3512.00,0.18000000,0
1506618129,22476648,3512.00,0.12381507,0
1506618126,22476637,3512.00,0.01195754,0
1506618123,22476630,3514.99,0.13054091,0
1506618118,22476626,3514.99,0.12335522,0
1506618118,22476625,3514.96,0.20182989,0
1506618081,22476599,3514.97,0.00929100,0
1506618065,22476584,3522.42,0.04342604,0
1506618064,22476583,3506.70,0.08858344,1
1506618010,22476556,3523.89,0.27379724,0
1506618008,22476555,3520.00,0.00942674,0
1506618004,22476549,3519.97,0.00823092,0
1506617968,22476519,3520.00,0.01375916,0
1506617966,22476511,3519.97,0.01323562,0
1506617940,22476482,3522.80,0.00839266,1
1506617939,22476481,3522.80,0.01418790,0
1506617938,22476480,3520.00,0.04760896,0
1506617929,22476446,3519.94,0.01500000,0
1506617903,22476438,3520.00,0.21286258,0
1506617903,22476437,3517.00,0.06495702,0
1506617876,22476403,3505.77,0.02500000,1
1506617846,22476361,3516.83,0.28363612,1
1506617804,22476270,3516.83,0.01198742,0
1506617773,22476229,3517.00,0.08681262,0
1506617773,22476228,3516.97,0.03845846,0
1506617773,22476227,3516.12,0.04492896,0
1506617771,22476226,3516.00,0.25163985,0
1506617764,22476222,3515.97,0.09090183,0
1506617742,22476186,3506.03,0.22720500,1
1506617725,22476132,3516.76,0.02073121,0
1506617684,22476111,3516.10,0.07118070,0
1506617678,22476107,3516.29,0.32454713,0
1506617674,22476102,3516.50,0.16288084,1
1506617674,22476100,3516.46,0.03878843,0
1506617672,22476092,3516.36,0.01653000,1
1506617670,22476078,3516.40,0.46259505,0
1506617624,22476038,3500.90,0.09185462,1
1506617624,22476037,3501.53,0.15814538,1
1506617606,22476001,3516.79,0.01317968,0
1506617604,22475990,3516.87,0.01357000,0
1506617603,22475983,3501.53,0.04846851,1
1506617603,22475978,3510.00,0.00176632,1
1506617563,22475906,3516.90,0.01125000,0
1506617558,22475905,3512.98,0.02839469,0
1506617490,22475882,3513.08,0.02612421,0
1506617483,22475878,3500.00,0.01296880,1
1506617471,22475874,3500.22,0.15166653,1
1506617414,22475849,3513.18,0.00738078,0
1506617414,22475846,3513.17,0.02810767,1
1506617366,22475772,3513.40,0.01329916,0
1506617364,22475769,3513.70,0.06923916,0
1506617355,22475758,3513.89,0.22777103,0
1506617354,22475757,3513.90,0.02673239,0
1506617353,22475755,3513.97,0.01418814,0
1506617351,22475753,3513.96,0.66035262,0
1506617346,22475749,3500.00,0.01170043,1
1506617345,22475748,3500.01,0.44000000,1
1506617345,22475747,3502.20,0.12198647,1
1506617345,22475746,3502.60,0.13000000,1
1506617343,22475742,3502.63,0.29631310,1
1506617335,22475739,3513.12,0.00711501,0
1506617281,22475723,3516.96,0.01198578,0
1506617264,22475720,3516.78,0.11703888,1
1506617244,22475689,3516.52,0.01323377,0
1506617222,22475677,3516.77,0.00283496,0
1506617216,22475672,3516.95,0.05600257,0
1506617203,22475667,3515.07,0.00795549,0
1506617165,22475660,3516.97,0.02824872,0
1506617165,22475658,3516.69,0.17383437,0
1506617157,22475652,3501.82,0.33761332,1
1506617157,22475651,3505.00,0.01137608,1
1506617157,22475650,3505.03,0.82541473,1
1506617156,22475647,3516.89,0.09662514,0
1506617152,22475645,3505.00,0.08862392,0
1506617144,22475636,3516.94,0.15525000,0
1506617132,22475629,3516.97,0.00331549,0
1506617125,22475628,3516.73,0.02675874,0
1506617124,22475627,3501.76,0.06441031,1
1506617121,22475626,3516.80,0.31200239,0
1506617078,22475612,3500.00,0.57654471,1
1506617077,22475611,3500.00,0.28773634,1
1506617077,22475610,3500.00,0.97511895,1
1506617077,22475609,3500.54,0.47000000,1
1506617052,22475602,3516.97,0.07005069,0
1506617043,22475600,3517.00,0.00795316,0
1506617043,22475599,3517.00,0.02609326,0
1506617039,22475597,3502.90,1.35291837,1
1506617039,22475596,3503.00,0.01915398,1
1506617039,22475595,3505.00,0.08537518,1
1506617039,22475594,3505.36,0.48155605,1
1506617025,22475592,3516.97,0.01945000,0
1506617004,22475584,3505.34,0.14474142,1
1506616993,22475582,3517.00,0.01418394,0
1506616944,22475574,3517.97,0.13152389,0
1506616886,22475552,3504.95,0.12321686,1
1506616811,22475526,3518.00,0.02835418,0
1506616724,22475488,3518.00,0.02000597,0
1506616688,22475482,3518.80,0.30740025,0
1506616684,22475481,3518.80,0.07439333,0
1506616643,22475474,3519.00,0.10800606,0
1506616595,22475441,3503.25,0.09000000,0
1506616594,22475440,3504.07,0.01000000,0
1506616583,22475437,3518.90,0.00712956,0
1506616583,22475436,3517.00,0.02500000,0
1506616577,22475399,3519.00,0.00777883,0
1506616575,22475398,3517.00,0.00640000,0
1506616563,22475391,3517.00,0.00860000,0
1506616561,22475387,3517.00,0.01000000,1
1506616557,22475386,3519.30,0.05640326,0
1506616543,22475366,3519.38,0.09757811,0
1506616542,22475365,3519.20,0.15589338,0
1506616526,22475353,3519.29,0.05540998,0
1506616524,22475352,3508.39,0.00070572,1
1506616524,22475351,3515.00,0.07490200,1
1506616523,22475350,3519.30,0.00329694,0
1506616523,22475349,3519.29,0.02400568,0
1506616518,22475344,3515.00,0.09400000,1
1506616512,22475342,3518.12,0.01435541,1
1506616511,22475340,3518.12,0.08562409,1
1506616503,22475339,3519.29,0.04205456,0
1506616501,22475337,3518.12,0.00002050,1
1506616501,22475336,3519.00,0.02927610,1
1506616500,22475335,3519.00,0.07072390,1
1506616487,22475329,3518.89,0.08432327,0
1506616479,22475326,3519.03,0.00102180,1
1506616479,22475325,3519.03,0.27057703,0
1506616427,22475301,3518.12,0.20000000,0
1506616427,22475300,3515.00,0.13109800,1
1506616426,22475299,3518.09,0.00813673,0
1506616405,22475293,3518.09,0.04015372,0
1506616384,22475275,3517.62,0.30490368,0
1506616364,22475274,3518.30,0.10068100,0
1506616343,22475269,3518.93,0.00841069,0
1506616326,22475261,3518.99,0.02653844,0
1506616324,22475260,3519.00,0.08251920,0
1506616323,22475259,3519.29,0.02607628,0
1506616306,22475244,3518.12,0.03279063,0
1506616303,22475243,3518.20,0.14402669,0
1506616284,22475240,3508.39,0.02900000,1
1506616267,22475237,3519.20,0.01637268,0
1506616265,22475236,3519.29,0.54897006,0
1506616262,22475235,3516.39,0.02800000,0
1506616240,22475222,3516.02,0.00250000,0
1506616221,22475215,3503.87,0.00996985,1
1506616182,22475208,3516.70,0.09963052,1
1506616180,22475207,3516.68,0.02105388,0
1506616163,22475200,3516.65,0.06002791,0
1506616150,22475197,3503.83,0.42121316,1
1506616124,22475195,3516.65,0.01368262,0
1506616104,22475188,3503.83,0.31000000,1
1506616089,22475183,3516.68,0.00304712,0
1506616081,22475176,3517.39,0.27703698,0
1506616081,22475175,3517.00,0.17864312,0
1506616081,22475174,3517.00,0.10000000,0
1506616051,22475164,3516.68,0.00820091,0
1506616051,22475163,3513.00,0.26013552,0
1506616049,22475161,3512.97,0.29971716,0
1506616021,22475141,3513.00,0.02534687,0
1506615996,22475137,3501.40,1.60473455,1
1506615984,22475134,3512.97,0.00851701,0
1506615970,22475133,3501.10,0.04458489,1
1506615969,22475132,3501.11,0.94403335,1
1506615963,22475124,3513.00,0.01525000,0
1506615959,22475123,3512.97,0.63340471,0
1506615951,22475120,3505.00,0.56765889,0
1506615948,22475119,3500.60,0.00228210,1
1506615940,22475116,3505.00,0.01417602,0
1506615938,22475114,3505.11,0.01087544,1
1506615923,22475112,3516.57,0.05836112,0
1506615914,22475105,3506.00,0.00303426,0
1506615913,22475104,3506.00,0.03025000,0
1506615910,22475100,3506.08,0.01450134,1
1506615910,22475099,3506.09,0.30000000,1
1506615868,22475081,3517.99,0.02744821,0
1506615866,22475079,3506.08,0.00903415,1
1506615866,22475078,3507.00,0.02000000,1
1506615866,22475077,3508.00,0.02844095,1
1506615866,22475076,3508.01,0.01852256,1
1506615864,22475075,3508.01,0.00647744,0
1506615864,22475074,3508.00,0.17155905,1
1506615860,22475032,3508.01,0.02352256,1
1506615852,22475028,3509.00,0.11771600,0
1506615851,22475027,3509.00,0.06611180,0
1506615844,22475026,3509.00,0.05570570,0
1506615824,22475020,3509.00,0.00999490,0
1506615824,22475019,3509.30,1.00000000,1
1506615824,22475018,3511.00,0.03516000,1
1506615823,22475017,3519.20,0.01421478,0
1506615823,22475016,3519.20,0.02817964,0
1506615821,22475013,3519.20,0.07104891,0
1506615811,22475002,3519.90,0.71421177,1
1506615811,22475001,3519.90,2.40570000,0
1506615772,22474931,3519.68,0.00141490,0
1506615770,22474930,3519.70,0.21109000,0
1506615764,22474921,3519.79,0.02655891,0
1506615757,22474889,3519.50,0.36337000,1
1506615741,22474847,3511.01,0.00000562,0
1506615741,22474846,3511.01,0.02094659,0
1506615739,22474844,3511.01,0.02904779,1
1506615723,22474834,3520.99,0.05309383,0
1506615703,22474827,3521.68,0.06691987,0
1506615688,22474826,3522.08,0.05664266,0
1506615683,22474822,3522.18,0.01752528,0
1506615648,22474811,3523.79,0.01415237,0
1506615642,22474809,3523.90,0.22277118,0
1506615624,22474793,3524.49,0.01585426,0
1506615613,22474786,3511.70,0.54696853,1
1506615613,22474785,3513.00,0.01240000,1
1506615613,22474784,3513.21,0.94063147,1
1506615585,22474774,3523.60,0.01566213,0
1506615585,22474773,3523.00,0.00500000,0
1506615569,22474770,3522.90,0.01542622,0
1506615569,22474769,3522.87,0.29777513,0
1506615563,22474767,3523.20,0.02175175,0
1506615563,22474766,3523.18,0.06180462,0
1506615549,22474762,3523.43,0.28000000,0
1506615503,22474740,3524.50,0.11715300,0
1506615495,22474738,3524.90,0.01416642,0
1506615433,22474691,3524.77,0.02808178,1
1506615432,22474686,3524.77,0.22291458,0
1506615406,22474630,3525.00,0.01601173,0
1506615405,22474629,3524.80,0.00265900,0
1506615405,22474626,3524.80,0.02677419,0
1506615403,22474625,3524.77,0.02728796,0
1506615385,22474616,3524.87,0.02342130,0
1506615376,22474610,3525.00,0.01332210,0
1506615375,22474609,3523.43,0.01476121,0
1506615375,22474608,3523.43,0.00879540,0
1506615375,22474607,3523.30,0.02355750,0
1506615373,22474604,3522.43,0.02356325,0
1506615364,22474597,3522.40,0.01415796,0
1506615345,22474590,3522.40,0.13444307,0
1506615337,22474587,3515.01,0.06184746,1
1506615337,22474585,3515.07,0.37291976,1
1506615311,22474568,3522.40,0.01082657,0
1506615283,22474548,3522.37,0.00846589,0
1506615254,22474519,3513.03,0.07107580,1
1506615238,22474506,3522.40,0.14159380,0
1506615198,22474460,3522.37,0.02831900,0
1506615134,22474381,3522.40,0.42017707,0
1506615094,22474320,3505.37,0.04550549,1
1506615084,22474313,3522.03,0.65556795,0
1506615084,22474312,3521.02,0.16429261,0
1506615082,22474311,3520.98,0.18000000,0
1506615071,22474300,3520.99,0.04249373,0
1506615049,22474289,3521.02,0.84998665,0
1506615049,22474288,3521.02,0.20516214,0
1506615049,22474287,3521.01,0.20000000,0
1506615047,22474286,3500.43,0.31838539,1
1506615046,22474285,3500.40,0.01989923,1
1506615046,22474284,3521.02,0.22055860,0
1506615046,22474283,3520.00,0.00200000,0
1506615046,22474282,3519.97,0.02756883,0
1506615044,22474281,3519.99,0.01333342,0
1506615037,22474276,3519.97,0.39519182,1
1506615036,22474275,3519.97,0.11980120,1
1506615021,22474263,3519.59,0.00796101,0
1506614989,22474252,3519.97,0.00796698,0
1506614988,22474251,3519.99,0.00397660,0
1506614988,22474250,3518.52,0.01031354,0
1506614986,22474247,3518.52,0.08325835,0
1506614985,22474244,3518.49,0.00795347,0
1506614966,22474233,3518.52,0.02642811,0
1506614966,22474232,3518.15,0.00015072,0
1506614964,22474231,3518.15,0.02344124,0
1506614964,22474230,3517.80,0.00387573,0
1506614961,22474226,3517.79,0.40740874,0
1506614961,22474225,3516.00,0.14866805,0
1506614960,22474222,3515.97,0.00141638,0
1506614944,22474209,3515.94,0.02610113,0
1506614923,22474193,3504.51,0.28944933,1
1506614920,22474191,3504.51,0.07082106,1
1506614910,22474184,3504.56,0.09141996,1
1506614908,22474183,3508.97,0.02351614,1
1506614897,22474169,3517.30,0.31281949,0
1506614896,22474168,3516.00,0.11051221,0
1506614895,22474167,3515.99,0.30000000,0
1506614894,22474165,3516.00,0.00351629,0
1506614894,22474164,3515.39,0.01737397,0
1506614892,22474163,3515.38,0.01005542,0
1506614887,22474161,3515.11,0.13335741,0
1506614826,22474135,3514.88,0.01087544,0
1506614825,22474134,3515.39,0.00565352,0
1506614825,22474133,3515.39,0.00058300,0
1506614825,22474132,3515.03,0.02056956,0
1506614824,22474131,3514.89,0.02610893,0
1506614746,22474087,3515.03,0.00304336,0
1506614746,22474086,3514.43,0.02361689,0
1506614733,22474079,3497.88,0.47990000,1
1506614714,22474070,3514.07,0.06495317,1
1506614713,22474069,3514.07,0.00229592,0
1506614700,22474060,3514.05,0.00250000,0
1506614632,22474032,3495.64,0.00471173,1
1506614625,22474025,3511.90,0.05608846,0
1506614621,22474023,3511.90,0.00851960,0
1506614616,22474021,3495.76,0.10000000,1
1506614596,22474019,3495.40,0.12179159,1
1506614563,22473982,3511.90,0.01324868,0
1506614544,22473971,3511.90,0.00164801,0
1506614544,22473970,3511.53,0.02500000,0
1506614537,22473966,3495.41,0.01817000,1
1506614536,22473964,3511.80,0.00323250,0
1506614536,22473963,3511.79,0.00910016,0
1506614536,22473962,3511.79,0.00583630,0
1506614535,22473958,3511.56,0.00473958,0
1506614533,22473954,3511.53,0.13995118,0
1506614524,22473948,3495.37,0.02504743,1
1506614524,22473946,3495.53,0.00471173,1
1506614522,22473945,3495.68,0.01900000,1
1506614515,22473944,3511.53,0.00250000,0
1506614494,22473933,3495.53,0.00473958,0
1506614483,22473930,3495.85,0.04914762,1
1506614461,22473910,3495.53,0.01418929,1
1506614440,22473904,3500.04,0.03261481,1
1506614440,22473903,3510.70,0.71851165,0
1506614440,22473900,3510.68,0.61192267,0
1506614440,22473899,3510.00,0.26122143,0
1506614440,22473898,3509.99,0.04651542,0
1506614440,22473897,3500.16,0.00692883,0
1506614436,22473896,3500.16,0.17500000,0
1506614421,22473850,3509.99,0.05374752,0
1506614404,22473844,3509.99,0.02614537,0
1506614365,22473822,3509.70,0.13719240,0
1506614363,22473821,3500.23,0.07419794,1
1506614344,22473816,3509.99,0.01378561,0
1506614291,22473807,3509.99,0.14025000,0
1506614269,22473802,3509.18,0.00583646,0
1506614264,22473801,3500.01,0.14590768,1
1506614226,22473775,3508.50,0.04031608,0
1506614224,22473772,3500.00,0.05343801,1
1506614219,22473768,3500.00,0.64975446,1
1506614186,22473762,3508.50,0.16745903,0
1506614084,22473707,3509.70,1.00000000,0
1506614049,22473691,3514.07,0.32767986,1
1506614048,22473690,3511.98,0.02363337,0
1506614048,22473689,3511.98,0.03220460,1
1506614048,22473686,3511.11,0.02363924,0
1506614048,22473685,3510.53,0.00287080,0
1506614047,22473683,3510.39,1.00000000,0
1506614047,22473682,3510.39,1.00000000,1
1506614047,22473681,3510.29,0.22000000,1
1506614047,22473680,3510.29,0.03225300,1
1506614046,22473679,3510.00,0.00330901,0
1506614046,22473678,3509.26,0.00287585,0
1506614046,22473677,3508.62,0.00069006,0
1506614045,22473676,3508.62,0.02794748,0
1506614045,22473675,3508.36,0.02365778,0
1506614045,22473674,3508.01,0.02366015,0
1506614044,22473673,3507.26,1.01715000,0
1506614044,22473672,3507.00,0.82470457,0
1506614043,22473670,3507.00,0.01945000,0
1506614042,22473669,3506.57,0.10851061,1
1506614042,22473668,3506.50,2.41470000,0
1506614029,22473664,3498.00,0.13997202,1
1506614029,22473663,3499.00,3.94746105,1
1506614029,22473662,3499.09,2.80090522,1
1506614029,22473661,3499.12,0.15596266,1
1506614004,22473640,3506.77,0.08925000,0
1506613984,22473636,3506.57,0.01055000,0
1506613952,22473618,3506.25,0.05616266,1
1506613930,22473597,3497.11,0.21637692,1
1506613930,22473596,3497.12,0.31000000,1
1506613930,22473595,3497.18,0.13065983,1
1506613916,22473590,3506.00,1.00148888,0
1506613911,22473581,3497.11,3.06421164,1
1506613898,22473571,3497.03,0.16809551,1
1506613889,22473554,3497.01,0.34000000,1
1506613888,22473552,3497.01,0.94030743,1
1506613888,22473551,3506.70,0.00911910,0
1506613886,22473549,3506.87,0.01737277,0
1506613879,22473540,3497.08,0.02601093,1
1506613865,22473516,3506.90,0.02707755,0
1506613844,22473496,3506.87,0.02707755,0
1506613827,22473484,3507.00,0.80718734,0
1506613827,22473483,3506.99,0.19155517,0
1506613804,22473476,3506.97,0.28031595,0
1506613783,22473457,3507.20,0.01338237,0
1506613772,22473435,3500.00,1.47643114,1
1506613772,22473434,3500.03,0.69431069,1
1506613770,22473431,3507.17,0.00306171,0
1506613769,22473429,3507.20,0.04238720,0
1506613750,22473418,3500.00,2.40223663,1
1506613747,22473417,3502.89,0.01070469,0
1506613746,22473416,3502.89,0.05602014,0
1506613744,22473415,3500.00,0.07231850,1
1506613744,22473414,3500.00,0.00913301,1
1506613743,22473413,3500.03,0.07233550,1
1506613738,22473406,3502.89,0.56958968,0
1506613735,22473400,3500.00,0.01011715,1
1506613731,22473393,3500.00,0.63632867,1
1506613724,22473385,3495.57,0.11808752,1
1506613701,22473329,3502.70,0.02689567,0
1506613692,22473318,3502.90,0.04793226,0
1506613689,22473309,3495.36,0.05900000,1
1506613683,22473301,3502.90,0.66939964,0
1506613683,22473299,3495.39,0.11832800,1
1506613678,22473291,3502.90,0.62659621,0
1506613663,22473266,3500.46,0.10324606,0
1506613663,22473265,3500.39,0.02591715,0
1506613663,22473264,3500.39,0.14997183,0
1506613645,22473260,3500.40,0.13382940,0
1506613636,22473251,3500.47,0.02592086,1
1506613634,22473250,3500.00,0.01832914,0
1506613633,22473248,3500.00,0.01374036,0
1506613588,22473231,3495.36,0.06228201,1
1506613588,22473230,3500.00,0.03208233,1
1506613585,22473222,3500.00,0.19992003,1
1506613576,22473216,3500.06,0.01000000,0
1506613575,22473215,3500.00,0.03104141,1
1506613568,22473212,3500.00,2.00000000,1
1506613565,22473208,3500.00,2.41670000,1
1506613564,22473205,3499.97,0.03626075,0
1506613564,22473204,3499.90,2.41840000,0
1506613564,22473203,3499.90,1.86559548,0
1506613563,22473201,3495.36,0.99400000,1
1506613544,22473192,3499.90,0.13440452,0
1506613524,22473178,3495.36,0.07814991,1
1506613515,22473173,3499.90,0.02999719,0
1506613512,22473172,3495.36,0.19998870,1
1506613508,22473171,3495.36,0.00228545,1
1506613502,22473164,3495.36,0.01169686,1
1506613493,22473159,3500.06,0.10997525,0
1506613493,22473157,3500.00,0.05000000,0
1506613493,22473156,3500.00,0.01000000,0
1506613493,22473155,3500.00,0.28912261,0
1506613493,22473154,3500.00,0.01000000,0
1506613491,22473149,3499.97,0.10107301,0
1506613452,22473122,3498.13,0.25251698,0
1506613444,22473115,3495.36,0.01810929,0
1506613389,22473065,3490.06,0.01095684,1
1506613337,22473053,3495.35,0.71300000,0
1506613323,22473043,3495.36,0.13127403,0
1506613316,22473038,3490.03,0.09999628,1
1506613283,22473031,3495.27,0.03579408,0
1506613282,22473030,3495.24,0.48007576,1
1506613282,22473029,3491.00,0.05599396,0
1506613281,22473027,3490.03,0.03500000,0
1506613263,22473023,3485.03,0.23000000,1
1506613244,22473013,3485.22,0.00825000,0
1506613244,22473012,3485.01,0.02710000,1
1506613243,22473011,3485.22,0.94055882,0
1506613243,22473010,3485.54,0.00473958,1
1506613243,22473009,3486.00,1.74872425,1
1506613242,22473007,3486.12,0.04998870,1
1506613222,22472998,3490.50,0.07233348,0
1506613221,22472997,3490.50,0.65725827,0
1506613219,22472996,3490.00,0.77473946,0
1506613207,22472985,3490.00,0.00989186,0
1506613206,22472984,3490.00,0.00835979,0
1506613204,22472981,3486.00,0.29200000,1
1506613184,22472974,3486.22,0.08206095,1
1506613171,22472968,3490.00,0.00500000,0
1506613159,22472960,3490.00,0.08897756,0
1506613155,22472959,3490.00,0.01510434,0
1506613155,22472958,3490.00,0.08449862,0
1506613144,22472951,3490.00,0.01342837,0
1506613086,22472930,3490.50,0.02120309,0
1506613009,22472889,3491.00,0.01357777,0
1506613007,22472887,3486.07,0.00070755,0
1506613007,22472886,3486.07,0.00818179,0
1506613006,22472884,3486.07,0.00364566,1
1506613006,22472883,3491.00,0.00250000,0
1506613004,22472878,3491.00,0.01322852,0
1506612987,22472831,3486.36,0.01300000,1
1506612985,22472827,3491.00,0.02744922,0
1506612984,22472824,3491.00,0.14715053,1
1506612984,22472823,3491.03,0.01287480,1
1506612965,22472817,3501.10,0.03711971,0
1506612965,22472816,3498.05,0.03757376,0
1506612963,22472815,3491.03,0.04486847,1
1506612927,22472799,3498.05,0.01684854,0
1506612925,22472795,3498.02,0.03325000,0
1506612924,22472793,3491.03,0.05882234,1
1506612868,22472758,3491.23,0.17971109,1
1506612856,22472749,3501.40,1.32316787,1
1506612856,22472747,3500.68,0.02370967,0
1506612856,22472746,3498.08,0.26875584,0
1506612854,22472742,3498.05,0.09421297,0
1506612854,22472741,3498.05,0.11620324,0
1506612854,22472740,3498.04,0.02411342,0
1506612843,22472735,3497.82,0.01382722,0
1506612785,22472707,3485.54,0.02352489,1
1506612784,22472705,3497.97,0.02623521,0
1506612784,22472704,3485.64,0.09500000,1
1506612764,22472688,3497.87,0.00789675,0
1506612758,22472685,3485.41,0.01000000,1
1506612740,22472671,3498.00,0.09735841,0
1506612726,22472666,3498.02,0.17166569,0
1506612724,22472665,3498.05,0.26519918,0
1506612721,22472662,3498.05,0.00459824,0
1506612721,22472661,3497.97,0.00475253,0
1506612706,22472635,3497.87,0.02614775,0
1506612664,22472604,3497.97,0.03805105,0
1506612643,22472582,3498.05,0.04051247,0
1506612625,22472509,3498.08,0.00794145,0
1506612624,22472507,3498.05,0.03025000,0
1506612602,22472463,3498.05,0.03104461,0
1506612570,22472442,3497.83,0.02851768,0
1506612524,22472386,3497.65,0.02664566,0
1506612522,22472381,3482.16,0.47947512,1
1506612505,22472357,3497.69,0.03107071,0
1506612487,22472328,3497.69,0.02825000,0
1506612484,22472325,3497.67,0.11249267,0
1506612474,22472314,3479.87,0.24178604,1
1506612464,22472302,3474.13,0.24056010,1
1506612463,22472301,3493.00,0.00000200,1
1506612458,22472296,3498.00,0.57626235,0
1506612458,22472295,3496.56,0.02373765,0
1506612458,22472294,3495.23,0.40000000,0
1506612454,22472291,3493.00,0.50174922,1
1506612451,22472288,3492.00,2.42220000,0
1506612451,22472287,3492.00,0.37385344,0
1506612451,22472286,3492.00,0.06491100,0
1506612451,22472285,3491.96,0.24000000,0
1506612450,22472284,3490.00,0.02000000,0
1506612450,22472283,3489.97,0.04556940,0
1506612450,22472282,3489.90,0.74352435,0
1506612450,22472281,3489.89,0.49433513,0
1506612450,22472280,3489.60,0.09385546,0
1506612443,22472274,3489.60,0.01884314,0
1506612421,22472251,3489.90,0.01626944,0
1506612421,22472250,3489.89,0.02421322,0
1506612417,22472246,3489.89,0.00078678,1
1506612412,22472240,3489.89,0.02831322,0
1506612389,22472214,3489.89,0.02831549,0
1506612344,22472149,3489.97,0.06105061,0
1506612324,22472132,3489.99,0.00000458,1
1506612324,22472130,3489.99,0.06908000,1
1506612324,22472128,3489.99,0.00714329,0
1506612322,22472126,3489.97,0.20479939,0
1506612308,22472119,3473.28,0.15121000,1
1506612284,22472073,3489.97,0.08104887,0
1506612260,22472054,3473.16,0.17931400,1
1506612256,22472053,3473.12,0.34344000,1
1506612254,22472049,3473.14,0.13463826,1
1506612253,22472048,3492.00,0.01306826,0
1506612253,22472047,3492.00,0.27258466,0
1506612249,22472044,3492.00,0.05241534,1
1506612249,22472042,3492.00,0.02226980,1
1506612247,22472039,3492.00,0.26000000,1
1506612245,22472033,3492.00,0.13329919,1
1506612245,22472031,3492.00,0.89177757,1
1506612244,22472029,3491.65,1.00000000,0
1506612244,22472027,3491.29,1.11349240,0
1506612244,22472026,3491.28,0.29000000,0
1506612244,22472025,3491.07,0.82500000,0
1506612244,22472024,3491.04,0.41174570,0
1506612217,22472009,3491.35,0.50000000,0
1506612216,22472008,3491.32,0.08443033,0
1506612203,22471977,3491.66,0.02693946,0
1506612181,22471938,3473.00,0.03210316,1
1506612181,22471937,3473.16,0.28000000,1
1506612181,22471935,3473.17,0.02146270,1
1506612181,22471934,3473.17,0.13379661,1
1506612167,22471922,3492.54,0.02015706,0
1506612165,22471921,3492.34,0.02379210,0
1506612157,22471920,3473.13,0.09047153,0
1506612157,22471919,3475.69,0.00287080,1
1506612156,22471918,3476.00,0.27370412,1
1506612156,22471917,3476.22,0.02373765,1
1506612155,22471916,3477.00,0.04125292,1
1506612155,22471915,3477.70,0.10000000,1
1506612155,22471914,3480.00,0.32759483,1
1506612153,22471912,3480.03,0.14036815,1
1506612122,22471888,3480.03,0.12612902,1
1506612084,22471863,3493.52,0.02685868,0
1506612078,22471862,3493.49,0.26649717,0
1506612078,22471861,3493.52,0.11273899,0
1506612075,22471860,3480.00,0.20794000,1
1506612063,22471844,3480.00,0.20000000,1
1506612015,22471811,3480.00,0.11446517,1
1506612015,22471810,3480.00,0.02866092,1
1506612014,22471808,3480.01,0.48433495,1
1506612014,22471807,3480.32,0.03589918,1
1506612014,22471806,3480.33,0.02370967,1
1506612013,22471805,3482.01,0.00200000,1
1506612013,22471804,3482.07,0.00387512,1
1506612012,22471803,3483.19,0.13101845,0
1506612012,22471802,3483.19,0.17947448,0
1506612012,22471801,3483.19,0.00069006,1
1506611946,22471742,3498.08,0.14567382,0
1506611945,22471741,3483.19,0.02794748,1
1506611944,22471740,3485.37,0.00166897,1
1506611925,22471736,3498.17,0.02739207,0
1506611903,22471719,3498.59,0.01377121,0
1506611895,22471709,3498.70,0.00000234,0
1506611894,22471707,3498.67,0.05625567,1
1506611893,22471705,3498.67,0.00640859,0
1506611886,22471704,3498.80,0.01463290,0
1506611874,22471691,3486.18,0.00335450,0
1506611870,22471686,3486.18,0.55000000,0
1506611866,22471683,3486.18,0.21847440,0
1506611860,22471681,3486.18,0.08918220,0
1506611859,22471680,3486.18,0.06143590,0
1506611849,22471677,3486.18,0.05493050,0
1506611848,22471676,3486.18,0.32781000,0
1506611842,22471675,3486.18,0.14034238,0
1506611842,22471674,3486.17,0.01281162,0
1506611815,22471646,3486.18,0.02904611,0
1506611809,22471639,3486.18,0.20000000,0
1506611793,22471628,3486.18,0.66027400,0
1506611758,22471600,3486.18,0.00229592,1
1506611758,22471599,3486.21,0.27242378,1
1506611750,22471594,3500.92,0.19163791,0
1506611744,22471584,3501.00,0.10997677,0
1506611732,22471566,3501.35,0.00056681,0
1506611732,22471564,3501.35,0.00746767,0
1506611704,22471542,3502.06,0.02530000,0
1506611692,22471529,3502.39,0.15776895,0
1506611657,22471502,3503.16,0.00248753,0
1506611657,22471501,3503.16,0.02562323,0
1506611652,22471499,3486.17,0.78898604,0
1506611651,22471498,3486.18,0.40000000,1
1506611607,22471473,3503.79,0.00322967,0
1506611607,22471472,3500.85,0.01015243,0
1506611605,22471467,3500.85,0.01338489,0
1506611604,22471464,3500.85,0.02770914,0
1506611601,22471461,3500.86,0.01018917,0
1506611585,22471446,3500.98,0.16248430,1
1506611584,22471444,3500.97,0.10249293,0
1506611555,22471386,3501.08,0.07014912,0
1506611549,22471377,3501.15,0.01429285,0
1506611485,22471329,3501.65,0.72964745,0
1506611473,22471324,3501.85,0.01424025,0
1506611464,22471313,3501.83,0.00840956,0
1506611385,22471276,3503.31,0.02703129,0
1506611362,22471267,3503.55,0.02686497,0
1506611354,22471259,3503.55,0.04221824,0
1506611353,22471257,3503.58,0.01025000,0
1506611353,22471256,3503.58,0.14013487,0
1506611346,22471252,3486.41,0.00449619,1
1506611344,22471251,3489.82,0.12589312,1
1506611344,22471250,3489.82,0.01874008,1
1506611332,22471242,3489.82,0.13125992,0
1506611331,22471241,3489.82,0.02296956,0
1506611328,22471240,3489.82,0.20000000,1
1506611328,22471239,3492.62,0.00000285,1
1506611326,22471227,3492.65,0.34443300,1
1506611304,22471211,3500.00,0.40000000,1
1506611302,22471208,3492.65,0.57888137,1
1506611287,22471199,3492.62,1.14240600,1
1506611284,22471194,3489.85,0.06752726,1
1506611267,22471182,3504.05,0.19549205,0
1506611267,22471181,3503.94,0.31315782,0
1506611247,22471169,3504.05,0.16627682,0
1506611246,22471164,3487.89,0.31315782,1
1506611242,22471157,3486.70,0.30786400,1
1506611224,22471127,3504.03,0.02014641,0
1506611197,22471100,3504.07,0.44707138,0
1506611197,22471099,3499.67,0.00896748,0
1506611197,22471098,3499.66,0.14377400,0
1506611196,22471097,3497.74,0.04158278,0
1506611196,22471096,3497.70,0.01811616,0
1506611196,22471095,3497.67,0.80451990,0
1506611174,22471083,3497.79,0.00000234,0
1506611174,22471081,3497.79,0.74386465,1
1506611173,22471080,3497.76,0.03623232,1
1506611173,22471077,3497.76,0.12024839,0
1506611172,22471076,3497.76,0.12025000,0
1506611122,22471067,3483.91,0.02740485,1
1506611104,22471054,3498.04,0.02697055,0
1506611070,22471037,3484.40,1.93708824,1
1506611064,22471036,3498.22,0.03407955,0
