date,tid,price,amount,type
1506643261,22490351,4177.41,1.00000000,1
1506643250,22490350,4180.30,0.20000000,0
1506643249,22490349,4180.40,0.22494000,1
1506643249,22490348,4180.30,0.80000000,0
1506643247,22490347,4180.30,0.20000000,1
1506643233,22490345,4183.35,0.20000000,1
1506643228,22490344,4183.48,0.01257769,1
1506643211,22490329,4183.47,0.04000000,1
1506643197,22490308,4184.84,0.12709454,0
1506643155,22490307,4184.85,0.01000000,0
1506643143,22490305,4184.84,0.05482169,0
1506643121,22490297,4184.84,1.32805832,0
1506643109,22490296,4183.41,0.20000000,1
1506643108,22490295,4183.01,0.54184696,0
1506643108,22490294,4182.92,0.20000000,0
1506643108,22490293,4182.81,0.01555515,0
1506643108,22490292,4182.81,0.21453957,0
1506643086,22490291,4182.80,0.16200402,0
1506643086,22490290,4182.80,0.33874598,0
1506643064,22490286,4181.06,0.33874598,0
1506643064,22490285,4182.64,0.20000000,1
1506643062,22490283,4182.70,0.03797837,1
1506643050,22490281,4182.81,0.01500000,0
1506643023,22490255,4182.81,0.05484830,0
1506643010,22490253,4182.81,0.06256636,0
1506642993,22490252,4182.81,0.01539065,0
1506642991,22490250,4182.81,0.10000000,0
1506642989,22490249,4182.81,0.00375512,0
1506642981,22490247,4182.81,0.32417680,0
1506642979,22490246,4182.80,0.38070637,0
1506642973,22490244,4182.81,0.01320562,0
1506642964,22490241,4182.79,0.02193990,0
1506642952,22490238,4182.81,0.02967062,0
1506642933,22490237,4182.80,0.06697651,0
1506642869,22490233,4182.80,0.00430000,0
1506642862,22490232,4182.80,0.01424661,0
1506642858,22490231,4182.81,0.54184696,0
1506642850,22490230,4182.69,0.11954030,0
1506642832,22490227,4182.70,0.01445155,0
1506642822,22490224,4182.70,0.06249368,0
1506642821,22490223,4182.70,0.07008796,0
1506642817,22490222,4176.01,0.63520258,1
1506642816,22490221,4176.01,0.16479742,1
1506642816,22490220,4178.44,0.20000000,1
1506642815,22490216,4176.00,0.20000000,0
1506642814,22490214,4176.00,0.01261897,1
1506642814,22490213,4179.39,0.20000000,1
1506642813,22490212,4179.44,0.20000000,1
1506642805,22490210,4182.73,0.53880779,1
1506642800,22490209,4185.06,0.04780725,0
1506642795,22490206,4181.76,0.48613221,0
1506642794,22490205,4181.76,0.11386779,0
1506642794,22490204,4183.21,0.20000000,1
1506642793,22490203,4183.48,0.20000000,1
1506642790,22490202,4182.54,0.07100000,1
1506642790,22490201,4183.54,0.92900000,1
1506642788,22490200,4184.88,0.00430000,0
1506642784,22490197,4184.70,0.20000000,0
1506642783,22490196,4184.70,0.03930000,1
1506642782,22490195,4185.13,0.20000000,1
1506642782,22490194,4185.54,1.02494000,1
1506642780,22490192,4185.55,0.92900000,1
1506642752,22490190,4189.64,0.01078188,0
1506642752,22490189,4189.63,0.00130986,0
1506642746,22490185,4189.75,0.00125000,0
1506642745,22490184,4189.54,0.16479800,1
1506642742,22490180,4188.73,2.37390002,0
1506642741,22490178,4189.15,0.20000000,1
1506642741,22490177,4189.52,0.20000000,1
1506642741,22490176,4189.59,0.01829198,1
1506642740,22490175,4190.72,0.00980000,1
1506642730,22490174,4190.73,1.00000000,0
1506642720,22490173,4189.58,0.08565956,0
1506642714,22490172,4188.71,0.73431861,0
1506642703,22490170,4188.71,0.04119645,1
1506642700,22490169,4188.71,0.90613586,1
1506642700,22490168,4192.82,0.09386414,1
1506642700,22490167,4192.82,0.00130808,0
1506642641,22490160,4192.59,0.00684826,0
1506642641,22490159,4192.58,0.00130813,0
1506642641,22490158,4192.56,0.00131003,0
1506642640,22490157,4192.55,0.00131096,0
1506642640,22490156,4192.54,0.00130897,0
1506642604,22490151,4192.57,0.05792366,0
1506642604,22490150,4192.57,0.00131015,0
1506642604,22490149,4192.56,0.00131128,0
1506642604,22490148,4192.55,0.00131104,0
1506642604,22490147,4192.54,0.00131029,0
1506642603,22490146,4192.54,0.00131121,0
1506642603,22490145,4192.51,0.00345737,0
1506642590,22490143,4188.46,0.29950000,1
1506642590,22490142,4188.73,0.20000000,1
1506642589,22490141,4188.78,0.50000000,1
1506642579,22490127,4190.56,0.19990000,1
1506642569,22490124,4190.02,0.19990000,1
1506642564,22490123,4192.59,0.00189858,1
1506642563,22490122,4192.58,0.00130994,0
1506642563,22490121,4192.57,0.00130809,0
1506642563,22490120,4192.56,0.00131141,0
1506642562,22490119,4192.54,0.00130958,0
1506642508,22490114,4188.97,0.19990000,1
1506642498,22490109,4190.46,0.19990000,1
1506642495,22490108,4192.76,2.46136114,0
1506642488,22490106,4191.56,0.01899050,1
1506642485,22490105,4194.56,0.01925803,1
1506642483,22490104,4194.56,0.00130929,0
1506642483,22490103,4194.55,0.00130863,0
1506642461,22490090,4189.21,1.00000000,1
1506642458,22490089,4189.21,1.00000000,1
1506642452,22490087,4188.28,0.55000000,1
1506642445,22490086,4189.38,1.00000000,1
1506642443,22490085,4189.38,1.00000000,1
1506642442,22490084,4185.42,0.03788100,1
1506642442,22490083,4189.31,0.20000000,1
1506642441,22490082,4190.05,0.20000000,1
1506642438,22490081,4196.37,0.20210324,0
1506642438,22490080,4195.00,0.03386515,0
1506642437,22490079,4194.80,0.00202397,1
1506642436,22490078,4194.80,0.87150000,0
1506642436,22490077,4194.18,1.20000000,0
1506642436,22490076,4189.40,0.07100000,0
1506642436,22490075,4189.41,0.92900000,1
1506642390,22490073,4192.23,2.50000000,0
1506642390,22490072,4192.23,0.11338234,0
1506642390,22490071,4192.18,0.10947733,0
1506642389,22490070,4192.09,0.37843127,0
1506642389,22490069,4192.02,0.00130898,0
1506642389,22490068,4192.00,0.00130868,0
1506642389,22490066,4191.80,0.11800000,0
1506642389,22490065,4191.49,1.17839931,0
1506642389,22490064,4191.42,0.20000000,0
1506642389,22490063,4191.37,0.39969209,0
1506642343,22490039,4191.36,0.05214012,0
1506642253,22490033,4188.26,0.05528202,1
1506642244,22490032,4191.37,0.05473628,0
1506642243,22490030,4191.37,0.05474105,0
1506642220,22490018,4191.37,0.20951383,0
1506642216,22490015,4191.37,0.03797127,0
1506642216,22490014,4191.36,0.00130944,0
1506642211,22490011,4191.37,0.10289714,0
1506642210,22490009,4190.93,0.02804903,0
1506642173,22490002,4190.93,0.01209117,0
1506642172,22490001,4190.93,1.00000000,0
1506642147,22489998,4190.93,0.00500000,0
1506642133,22489996,4190.93,0.01320380,0
1506642123,22489993,4190.93,0.13601300,0
1506642095,22489985,4190.93,0.01209134,0
1506642008,22489981,4188.10,0.01472900,1
1506642006,22489980,4190.93,0.10555166,1
1506642005,22489979,4190.77,0.00131080,0
1506642005,22489978,4190.76,0.00131067,0
1506642003,22489977,4190.75,0.00130869,0
1506641975,22489972,4190.82,0.01208897,0
1506641964,22489970,4190.84,0.12559921,0
1506641964,22489969,4190.84,0.00131005,0
1506641955,22489963,4187.45,0.02000000,1
1506641949,22489961,4188.22,0.03811160,1
1506641949,22489960,4188.26,0.00188840,1
1506641945,22489959,4188.26,0.00065690,1
1506641945,22489958,4188.50,0.61512874,1
1506641916,22489944,4188.32,0.15776153,1
1506641916,22489943,4188.32,0.05081044,1
1506641903,22489940,4190.68,0.13075741,0
1506641902,22489939,4190.63,0.12100000,0
1506641902,22489938,4190.62,0.00130991,0
1506641902,22489937,4190.61,0.00131190,0
1506641902,22489936,4190.58,0.87150000,0
1506641902,22489935,4190.57,0.00130926,0
1506641902,22489934,4190.56,0.00131152,0
1506641902,22489933,4190.56,0.87150000,0
1506641887,22489931,4191.53,0.04095100,0
1506641882,22489930,4188.94,1.24648842,0
1506641882,22489929,4188.88,0.20000000,0
1506641882,22489928,4188.83,0.04695359,0
1506641882,22489927,4188.81,0.00131214,0
1506641881,22489926,4188.79,0.00131016,0
1506641881,22489925,4188.77,0.00393569,0
1506641876,22489924,4188.30,1.02067621,1
1506641874,22489923,4188.30,4.00000000,1
1506641857,22489921,4188.83,0.00018877,0
1506641857,22489920,4188.71,0.00250586,0
1506641825,22489918,4188.83,0.08316246,0
1506641825,22489917,4188.49,0.00131057,1
1506641823,22489916,4188.45,0.13700000,0
1506641817,22489912,4188.35,0.10718523,0
1506641817,22489911,4188.25,0.00131227,0
1506641758,22489897,4188.82,0.42306321,1
1506641757,22489896,4188.30,0.20000000,1
1506641757,22489895,4188.30,0.00130967,1
1506641757,22489894,4187.63,0.18200000,0
1506641756,22489893,4187.41,0.00394005,0
1506641756,22489892,4187.40,0.00178929,0
1506641754,22489891,4187.10,0.18789778,0
1506641713,22489887,4187.10,0.01210222,0
1506641702,22489885,4185.20,0.00400000,1
1506641690,22489883,4187.05,0.00087650,0
1506641690,22489882,4187.03,0.00087350,0
1506641685,22489881,4187.03,0.00043737,0
1506641685,22489880,4187.02,0.00131263,0
1506641676,22489879,4187.06,0.00217965,0
1506641676,22489878,4187.04,0.00131035,0
1506641671,22489877,4187.06,0.00741963,0
1506641671,22489876,4187.06,0.00131037,0
1506641655,22489835,4185.61,0.12916333,1
1506641655,22489834,4185.61,0.03913301,1
1506641630,22489829,4186.13,0.06256529,1
1506641630,22489828,4186.09,0.01419468,0
1506641629,22489827,4186.08,0.00131195,0
1506641629,22489826,4186.07,0.00131129,0
1506641627,22489825,4185.81,0.00026079,0
1506641616,22489824,4185.81,0.00500000,0
1506641594,22489821,4184.71,0.18438976,1
1506641592,22489820,4185.81,0.02131514,0
1506641583,22489816,4185.81,0.02192407,0
1506641572,22489814,4184.71,0.06179264,1
1506641463,22489809,4186.09,0.05480532,0
1506641453,22489807,4186.09,0.93100000,1
1506641451,22489806,4186.80,0.00200000,0
1506641444,22489804,4187.95,0.20000000,1
1506641439,22489802,4188.07,0.38270000,1
1506641436,22489801,4188.07,1.00000000,1
1506641434,22489800,4188.07,1.00000000,1
1506641431,22489799,4188.06,1.00000000,1
1506641405,22489798,4188.83,0.00013496,0
1506641405,22489797,4188.82,0.00131040,0
1506641405,22489796,4188.81,0.00131054,0
1506641405,22489795,4188.80,0.00131227,0
1506641405,22489794,4188.79,0.00131228,0
1506641404,22489793,4188.78,0.00130988,0
1506641404,22489792,4188.77,0.00130967,0
1506641380,22489788,4187.21,0.41379300,1
1506641370,22489785,4188.23,0.00026027,1
1506641370,22489783,4188.33,0.14766573,1
1506641359,22489780,4188.83,0.00009258,1
1506641359,22489779,4189.00,0.33174142,1
1506641349,22489778,4188.20,0.19990000,1
1506641343,22489777,4190.69,0.00753927,0
1506641342,22489776,4190.68,0.00130992,0
1506641296,22489768,4184.77,0.17885464,0
1506641293,22489767,4184.77,0.25551685,0
1506641273,22489765,4191.89,0.00444741,0
1506641272,22489764,4191.87,0.00131107,0
1506641260,22489760,4184.69,0.99950000,1
1506641254,22489759,4191.97,0.04204705,1
1506641253,22489758,4190.64,0.00131011,0
1506641253,22489757,4190.64,0.35499084,1
1506641253,22489756,4190.63,0.87150000,0
1506641252,22489755,4190.62,0.00130937,1
1506641252,22489754,4190.62,0.20000000,1
1506641252,22489753,4190.62,0.20000000,1
1506641252,22489752,4190.52,0.00131081,0
1506641251,22489751,4184.67,0.21900000,0
1506641251,22489750,4184.65,0.20000000,0
1506641250,22489749,4184.60,0.05255148,0
1506641223,22489741,4184.60,0.05482483,0
1506641217,22489739,4184.60,0.01210942,0
1506641154,22489734,4184.00,3.00000000,0
1506641154,22489733,4184.00,7.00000000,0
1506641094,22489728,4179.60,0.09909200,1
1506641090,22489726,4179.60,0.01449405,1
1506641089,22489725,4185.62,0.09451071,0
1506641089,22489724,4185.59,0.00131269,0
1506641088,22489723,4185.58,0.00155175,0
1506641088,22489722,4185.57,0.00131168,0
1506641088,22489721,4185.56,0.00131317,0
1506641082,22489720,4185.20,0.22213555,0
1506641080,22489719,4185.29,0.01428594,1
1506641080,22489718,4185.29,0.01947735,1
1506641045,22489710,4186.97,0.00819029,0
1506641045,22489709,4186.96,0.00131248,0
1506641045,22489708,4186.95,0.00131140,0
1506641045,22489707,4186.94,0.00322266,0
1506641045,22489706,4186.94,0.00250667,0
1506641045,22489705,4186.93,0.00130984,0
1506641045,22489704,4186.92,0.00131036,0
1506641040,22489702,4186.62,1.00000000,0
1506641039,22489701,4186.92,0.99950000,1
1506641034,22489700,4186.92,0.05214786,1
1506641034,22489699,4186.92,0.00322208,0
1506641029,22489698,4186.85,0.93353300,1
1506641027,22489696,4186.87,0.98363714,1
1506641027,22489695,4186.87,0.00131272,1
1506641026,22489694,4186.87,0.00179000,0
1506641025,22489693,4186.86,0.00131338,0
1506641025,22489692,4186.85,0.00298250,0
1506641025,22489691,4186.84,0.00131154,0
1506641023,22489690,4186.83,0.06562406,1
1506641018,22489688,4186.80,0.24489607,1
1506641017,22489687,4181.38,0.04204573,1
1506641017,22489686,4184.04,0.15785427,1
1506641016,22489685,4186.84,0.00130989,0
1506641015,22489684,4186.83,0.00131041,0
1506641015,22489683,4186.79,0.01071234,0
1506641015,22489682,4186.79,0.01574191,0
1506641010,22489679,4185.67,0.02697459,1
1506641010,22489678,4186.80,0.49868797,1
1506641008,22489673,4186.80,0.50000000,0
1506641008,22489672,4186.79,0.00131203,0
1506641006,22489671,4185.65,0.09601883,1
1506641003,22489669,4185.66,0.00131108,1
1506641002,22489668,4185.66,0.25900000,0
1506641002,22489667,4185.65,0.00131282,0
1506641002,22489666,4185.64,0.00131174,0
1506640993,22489654,4184.07,0.00999966,1
1506640992,22489653,4184.07,0.00131133,0
1506640992,22489652,4184.07,0.20000000,0
1506640992,22489651,4184.06,0.00131410,0
1506640992,22489649,4184.05,0.00131171,0
1506640992,22489648,4184.04,0.00131148,0
1506640987,22489646,4184.02,0.04364753,1
1506640986,22489645,4184.02,0.00417915,0
1506640981,22489643,4183.98,0.00999966,1
1506640979,22489642,4183.98,0.00131294,0
1506640972,22489640,4183.94,0.00999966,1
1506640971,22489639,4183.93,0.00131286,0
1506640971,22489638,4183.92,0.02999966,0
1506640959,22489635,4183.09,0.00131187,0
1506640958,22489634,4183.09,0.20000000,0
1506640952,22489633,4183.08,0.00131186,0
1506640952,22489632,4183.08,0.00131439,0
1506640948,22489630,4183.07,0.00370365,1
1506640945,22489629,4183.07,0.00131253,1
1506640944,22489628,4183.07,0.00131349,0
1506640936,22489627,4183.06,0.00322530,1
1506640934,22489626,4183.07,0.00131124,1
1506640933,22489625,4183.07,0.00131215,0
1506640932,22489624,4183.06,0.00131108,0
1506640932,22489623,4183.06,0.00131414,0
1506640929,22489622,4183.04,0.24300000,1
1506640926,22489621,4183.04,0.00131135,0
1506640926,22489620,4183.04,0.00131442,0
1506640915,22489618,4180.95,0.99737558,0
1506640915,22489617,4180.94,0.00131213,0
1506640915,22489616,4180.93,0.00131229,0
1506640912,22489615,4180.95,0.79868720,0
1506640912,22489614,4180.94,0.00131280,0
1506640911,22489613,4180.43,0.20000000,0
1506640903,22489612,4176.93,0.08783853,0
1506640903,22489611,4176.56,0.31000000,0
1506640903,22489610,4176.08,0.20000000,0
1506640903,22489609,4176.05,0.20000000,0
1506640902,22489608,4176.00,0.83429377,0
1506640866,22489603,4176.00,0.04836453,0
1506640865,22489601,4176.00,0.00399100,0
1506640813,22489591,4176.00,0.57571732,0
1506640747,22489583,4176.00,0.01369700,0
1506640744,22489582,4175.99,1.00330000,0
1506640744,22489581,4175.99,1.00000000,1
1506640694,22489559,4176.00,0.07500000,0
1506640688,22489558,4176.00,0.00140000,0
1506640646,22489551,4175.98,0.01780000,0
1506640644,22489550,4175.97,0.01891219,0
1506640643,22489548,4175.98,0.01019074,0
1506640643,22489547,4175.98,0.01079194,0
1506640642,22489546,4175.98,0.01001788,0
1506640641,22489544,4175.98,0.01362339,0
1506640640,22489543,4175.98,0.01271969,0
1506640623,22489538,4176.00,0.05493774,0
1506640618,22489533,4173.17,0.24992093,0
1506640618,22489532,4173.17,0.31457907,0
1506640612,22489531,4173.16,0.12845000,1
1506640594,22489530,4173.17,0.03457199,0
1506640574,22489528,4173.17,0.20000000,0
1506640573,22489527,4173.17,0.20000000,1
1506640573,22489526,4173.27,0.01239258,1
1506640506,22489524,4175.99,0.01000000,0
1506640480,22489522,4173.56,0.03629712,0
1506640478,22489520,4173.59,0.16370288,1
1506640477,22489519,4176.00,0.04000000,0
1506640443,22489514,4176.00,0.02197557,0
1506640404,22489503,4173.32,0.00768848,1
1506640390,22489501,4176.00,0.30106082,0
1506640325,22489498,4176.00,1.00000000,0
1506640324,22489497,4176.00,0.01456225,0
1506640322,22489495,4176.00,1.00000000,0
1506640319,22489458,4176.00,1.00000000,0
1506640301,22489452,4176.00,0.00500000,0
1506640234,22489447,4176.00,2.01000000,0
1506640212,22489446,4176.00,1.00000000,0
1506640209,22489445,4176.00,1.00000000,0
1506640206,22489441,4176.37,1.00000000,1
1506640204,22489439,4176.42,0.00409200,0
1506640204,22489438,4176.42,0.01364900,0
1506640202,22489437,4176.38,0.86008600,1
1506640200,22489436,4176.38,0.13991400,0
1506640197,22489435,4176.37,1.00000000,0
1506640195,22489434,4176.37,1.00000000,1
1506640144,22489430,4176.38,0.05008600,0
1506640143,22489429,4176.38,0.01000000,0
1506640115,22489413,4174.04,1.00000000,1
1506640112,22489412,4174.04,0.13530000,0
1506640092,22489411,4169.50,0.06310731,1
1506640090,22489410,4169.66,0.20000000,0
1506640087,22489409,4174.01,0.02330170,0
1506640087,22489408,4171.68,0.16790000,0
1506640086,22489407,4171.10,0.20000000,0
1506640086,22489406,4170.78,0.53480707,0
1506640086,22489404,4169.77,0.20000000,1
1506640085,22489403,4170.78,0.06828100,0
1506640084,22489402,4169.77,0.01000000,0
1506640080,22489400,4168.99,0.99634076,0
1506640077,22489399,4169.00,0.64786741,1
1506640077,22489398,4169.00,0.35213259,0
1506640075,22489397,4168.99,1.00000000,0
1506640072,22489395,4168.99,1.00000000,1
1506640053,22489394,4167.20,0.45000000,1
1506640044,22489392,4167.14,0.01578265,0
1506640014,22489390,4169.00,0.13367902,0
1506640002,22489387,4168.89,0.00658586,0
1506639999,22489386,4168.85,0.15065918,0
1506639998,22489385,4168.85,0.87150000,0
1506639998,22489384,4168.85,0.04000000,1
1506639989,22489383,4169.00,0.00500000,0
1506639988,22489382,4169.00,0.02354300,0
1506639943,22489371,4168.85,0.12850000,0
1506639942,22489370,4168.88,0.87150000,1
1506639931,22489369,4169.77,0.20000000,1
1506639931,22489368,4170.78,0.37704315,0
1506639930,22489367,4170.78,0.60813790,0
1506639930,22489366,4170.77,0.11988194,0
1506639930,22489365,4170.00,0.30283701,0
1506639921,22489363,4169.82,0.62707783,1
1506639920,22489362,4169.82,0.07722217,1
1506639915,22489361,4169.96,0.20000000,1
1506639909,22489360,4170.00,0.88569207,1
1506639907,22489359,4170.01,0.13391600,0
1506639901,22489352,4170.01,0.02555064,1
1506639892,22489349,4170.04,0.02593867,1
1506639867,22489341,4170.03,0.20000000,0
1506639866,22489340,4170.03,0.20000000,0
1506639865,22489339,4170.60,0.23273405,1
1506639863,22489338,4170.04,0.01852295,0
1506639836,22489329,4170.04,0.44310000,0
1506639823,22489328,4170.04,0.03837705,0
1506639803,22489324,4170.03,0.48095400,0
1506639797,22489323,4170.00,0.11430793,1
1506639792,22489321,4170.01,0.49999966,0
1506639792,22489320,4170.01,0.00000034,0
1506639791,22489319,4170.01,0.10400200,0
1506639774,22489311,4170.01,0.03645360,0
1506639769,22489309,4170.05,0.09357406,1
1506639736,22489298,4170.78,0.01500000,0
1506639680,22489286,4171.27,0.07521384,0
1506639680,22489285,4171.25,0.01692267,0
1506639678,22489284,4171.25,0.10294548,0
1506639674,22489283,4171.63,0.05850000,0
1506639664,22489274,4171.27,0.01900000,0
1506639634,22489265,4172.52,0.20000000,0
1506639633,22489263,4172.52,0.20000000,1
1506639633,22489262,4173.00,0.93600000,1
1506639633,22489261,4173.00,0.08365773,1
1506639618,22489259,4173.77,0.05331568,0
1506639616,22489258,4172.99,0.00718231,1
1506639566,22489246,4173.78,0.00686210,0
1506639507,22489239,4174.99,0.03129583,0
1506639488,22489233,4172.76,0.02791975,1
1506639487,22489232,4172.75,0.02849048,0
1506639487,22489231,4172.75,0.02835521,0
1506639455,22489220,4174.99,0.01275654,0
1506639440,22489205,4174.98,0.06047085,0
1506639437,22489203,4174.99,0.11085134,0
1506639431,22489200,4174.99,0.11085108,0
1506639424,22489198,4174.93,0.12000000,1
1506639423,22489197,4175.00,0.02198083,0
1506639417,22489189,4175.00,0.20000000,0
1506639416,22489188,4175.00,0.20000000,0
1506639415,22489187,4175.25,0.20000000,1
1506639415,22489186,4175.50,0.20000000,1
1506639415,22489185,4175.59,1.17889543,1
1506639415,22489184,4175.59,4.00000000,1
1506639403,22489182,4176.92,0.00764162,0
1506639393,22489179,4176.92,0.01299920,0
1506639383,22489176,4176.93,0.00829247,0
1506639372,22489174,4175.57,0.20000000,1
1506639359,22489170,4176.93,0.29386900,0
1506639327,22489160,4175.68,0.02390000,1
1506639318,22489156,4175.65,0.01724276,1
1506639304,22489148,4181.26,1.01360594,1
1506639302,22489147,4181.09,0.11958604,0
1506639232,22489108,4181.48,0.26565516,0
1506639209,22489094,4181.55,0.02200000,0
1506639202,22489091,4181.53,0.04830048,0
1506639164,22489070,4183.64,0.14351637,0
1506639164,22489069,4183.64,0.00131350,0
1506639156,22489060,4183.61,0.00365234,0
1506639156,22489057,4183.61,0.33716179,0
1506639029,22489035,4185.55,0.00636452,0
1506638991,22489015,4178.39,0.15946312,1
1506638991,22489014,4185.96,0.03672037,0
1506638938,22489006,4186.23,0.02482367,0
1506638938,22489005,4186.22,0.00131036,0
1506638889,22489002,4186.95,0.31621739,1
1506638796,22488991,4189.72,6.90146754,1
1506638795,22488990,4189.72,5.00000000,1
1506638794,22488989,4189.72,0.00274324,0
1506638773,22488988,4187.22,1.00000000,0
1506638770,22488987,4186.80,0.74300000,0
1506638770,22488986,4186.77,0.25700000,0
1506638768,22488985,4186.80,1.00000000,0
1506638765,22488983,4188.42,2.50000000,1
1506638764,22488982,4188.11,0.87150000,0
1506638762,22488981,4186.87,1.00000000,1
1506638758,22488980,4181.98,0.58000000,0
1506638755,22488979,4186.85,1.00000000,0
1506638750,22488975,4184.16,1.00000000,0
1506638743,22488974,4180.33,0.00742085,1
1506638742,22488973,4180.33,0.34319878,0
1506638733,22488972,4180.33,0.19680122,0
1506638731,22488970,4180.32,1.00000000,0
1506638718,22488965,4175.56,0.00548381,0
1506638717,22488964,4171.75,0.11985378,0
1506638717,22488962,4170.07,0.11460665,0
1506638716,22488960,4170.07,0.35007463,0
1506638715,22488959,4170.07,0.04615257,0
1506638714,22488958,4170.07,0.13875054,0
1506638713,22488954,4171.76,0.35041561,1
1506638711,22488953,4173.75,0.08482429,0
1506638711,22488952,4176.20,0.13875054,1
1506638710,22488951,4176.20,1.00000000,1
1506638710,22488950,4173.85,0.11979348,0
1506638710,22488949,4173.76,0.24195776,0
1506638709,22488948,4173.76,0.00754224,0
1506638708,22488947,4169.95,0.12850000,0
1506638708,22488944,4170.07,0.87150000,1
1506638706,22488940,4171.76,0.07967537,0
1506638700,22488935,4171.72,0.40199461,0
1506638698,22488931,4171.76,0.59800000,1
1506638696,22488930,4171.76,1.00000000,1
1506638693,22488929,4171.73,0.12850000,1
1506638693,22488928,4171.75,0.87150000,1
1506638688,22488927,4173.86,0.19659917,0
1506638682,22488926,4173.76,0.12850000,0
1506638682,22488925,4173.91,0.87150000,1
1506638678,22488922,4177.11,0.11969998,0
1506638675,22488921,4174.31,0.73611490,0
1506638673,22488920,4174.31,0.15200000,1
1506638671,22488919,4174.40,1.00000000,1
1506638668,22488918,4174.44,0.87150000,1
1506638665,22488912,4174.33,0.10100000,0
1506638665,22488911,4174.37,0.89900000,1
1506638655,22488910,4177.00,0.00717107,1
1506638655,22488909,4177.00,0.22660640,1
1506638653,22488907,4180.50,0.51097636,0
1506638652,22488906,4180.50,0.23236277,0
1506638652,22488905,4180.50,0.57475162,0
1506638651,22488900,4177.12,0.06300000,1
1506638651,22488898,4178.12,0.93700000,1
1506638646,22488895,4178.12,1.50202612,1
1506638640,22488888,4179.59,0.01974292,1
1506638640,22488887,4180.67,0.01973783,1
1506638640,22488886,4180.68,4.00000000,1
1506638640,22488885,4180.69,0.18491562,1
1506638639,22488884,4180.73,0.87150000,1
1506638618,22488877,4181.68,0.95000000,1
1506638610,22488874,4182.68,0.95100000,1
1506638602,22488873,4185.00,0.01265898,1
1506638596,22488872,4185.18,0.00822657,1
1506638594,22488871,4185.53,0.00500000,0
1506638588,22488869,4185.54,0.20009848,1
1506638533,22488861,4193.08,0.00956798,0
1506638533,22488860,4193.08,0.00130812,0
1506638532,22488859,4185.29,0.04000000,1
1506638530,22488855,4185.29,0.02391400,1
1506638523,22488854,4193.12,0.09901895,1
1506638523,22488853,4193.12,0.12221965,0
1506638381,22488833,4192.40,0.01123507,0
1506638376,22488832,4186.00,0.02192312,1
1506638367,22488830,4192.56,0.00273716,0
1506638346,22488825,4191.80,0.01560401,0
1506638331,22488821,4191.32,1.85831909,1
1506638329,22488820,4186.00,0.04796955,0
1506638328,22488819,4186.00,0.59678618,0
1506638293,22488788,4185.19,0.02000000,1
1506638292,22488787,4186.00,0.01210542,0
1506638282,22488785,4186.00,0.00273987,0
1506638273,22488784,4186.00,0.13720700,0
1506638261,22488783,4185.97,0.11944663,0
1506638252,22488781,4186.00,0.02739198,0
1506638250,22488780,4185.98,0.09084509,0
1506638249,22488779,4185.21,0.12256139,1
1506638247,22488777,4185.22,0.62600000,1
1506638243,22488776,4185.98,0.02860125,0
1506638224,22488773,4185.99,0.02192313,0
1506638223,22488772,4185.99,0.02192312,0
1506638192,22488768,4186.00,0.17580000,1
1506638191,22488766,4186.00,0.65000000,0
1506638190,22488765,4186.00,0.10000000,0
1506638189,22488764,4186.00,0.10000000,1
1506638189,22488763,4186.00,0.05000000,1
1506638189,22488762,4186.00,0.10000000,1
1506638184,22488761,4190.00,0.10000000,0
1506638179,22488760,4190.00,0.15743561,0
1506638177,22488758,4190.00,0.37180562,1
1506638150,22488752,4194.90,0.08967485,0
1506638150,22488751,4192.56,0.00195740,0
1506638150,22488750,4192.55,0.00130948,0
1506638150,22488749,4192.01,0.11927452,0
1506638150,22488748,4192.01,0.00130980,0
1506638150,22488747,4192.00,0.00131087,0
1506638150,22488746,4191.99,0.00417373,0
1506638150,22488745,4191.94,0.00131140,0
1506638149,22488744,4191.90,0.00130930,0
1506638049,22488728,4185.22,0.00880000,1
1506637984,22488714,4185.70,1.00000000,1
1506637983,22488713,4185.70,0.52973794,0
1506637983,22488712,4185.70,0.26258658,0
1506637982,22488711,4185.70,0.08872525,0
1506637982,22488710,4185.70,0.11895023,1
1506637980,22488709,4185.71,0.09444300,0
1506637977,22488708,4185.71,0.01200170,0
1506637977,22488706,4185.71,0.03419915,0
1506637977,22488705,4186.77,0.93100000,1
1506637976,22488704,4190.92,0.02279915,1
1506637966,22488700,4192.56,0.26258658,1
1506637966,22488699,4192.55,2.00000000,1
1506637964,22488698,4190.90,0.11930612,0
1506637950,22488695,4185.71,0.12850000,0
1506637949,22488694,4185.71,0.87150000,0
1506637945,22488692,4185.68,1.00000000,1
1506637942,22488691,4185.69,1.00000000,1
1506637939,22488690,4185.68,1.00000000,1
1506637936,22488689,4185.69,1.00000000,1
1506637932,22488688,4185.94,0.72647355,0
1506637929,22488686,4185.73,0.21793188,0
1506637928,22488685,4185.73,0.05114042,1
1506637928,22488684,4185.93,0.73092770,1
1506637901,22488677,4192.56,0.09490261,0
1506637890,22488674,4192.55,1.35825181,0
1506637890,22488673,4192.55,0.02360171,0
1506637888,22488672,4192.52,1.00000000,0
1506637863,22488668,4192.54,0.00117589,0
1506637863,22488667,4192.45,0.11926201,0
1506637817,22488654,4186.79,0.01507000,1
1506637812,22488652,4186.79,0.14000000,1
1506637812,22488651,4196.69,0.01000000,1
1506637752,22488644,4196.80,0.00100968,0
1506637752,22488643,4196.74,0.11914009,0
1506637752,22488642,4196.70,0.00130757,0
1506637752,22488641,4196.69,0.00440645,0
1506637751,22488640,4196.68,0.00130745,0
1506637751,22488639,4195.70,0.01400000,0
1506637751,22488638,4193.04,0.00882876,0
1506637728,22488634,4191.70,1.24270701,1
1506637728,22488633,4191.70,1.00000000,1
1506637725,22488632,4191.68,1.00000000,0
1506637724,22488631,4191.68,0.06529069,0
1506637722,22488630,4191.68,0.01612662,1
1506637713,22488626,4198.47,0.01744326,0
1506637713,22488625,4197.42,0.01179698,0
1506637713,22488624,4197.41,0.00130889,0
1506637713,22488623,4197.40,0.00345087,0
1506637711,22488622,4196.87,0.50000000,0
1506637711,22488621,4192.10,1.00000000,0
1506637707,22488620,4192.10,1.00000000,1
1506637690,22488616,4187.75,0.12850000,0
1506637688,22488615,4187.78,0.87150000,1
1506637685,22488611,4187.76,0.12850000,1
1506637685,22488610,4187.78,0.87150000,1
1506637683,22488601,4189.06,1.00000000,1
1506637676,22488600,4191.70,0.11624105,1
1506637675,22488599,4191.70,0.11928420,1
1506637660,22488592,4189.06,1.00000000,0
1506637657,22488590,4189.05,0.01969837,1
1506637657,22488589,4189.08,0.87150000,1
1506637656,22488588,4189.27,0.12975604,0
1506637649,22488587,4189.26,0.74651086,0
1506637649,22488586,4189.27,0.25348914,1
1506637647,22488584,4189.26,1.00000000,0
1506637638,22488582,4191.43,1.00000000,1
1506637635,22488565,4191.43,1.00000000,1
1506637632,22488564,4191.42,1.00000000,1
1506637630,22488563,4189.23,1.00000000,1
1506637623,22488562,4191.62,1.00000000,1
1506637618,22488558,4191.59,0.03438159,1
1506637613,22488554,4197.41,0.07217796,0
1506637558,22488537,4197.42,0.00220302,0
1506637558,22488536,4197.40,0.00130722,0
1506637505,22488533,4198.98,0.10796679,0
1506637503,22488532,4198.97,0.00130737,0
1506637461,22488524,4195.01,0.29080912,1
1506637460,22488523,4195.01,0.08672440,1
1506637460,22488522,4195.01,0.72054234,1
1506637460,22488521,4195.01,0.40192414,1
1506637460,22488520,4199.90,0.17890504,1
1506637459,22488519,4199.90,0.41935564,1
1506637458,22488518,4199.90,0.40173932,1
1506637416,22488512,4199.91,1.12615968,0
1506637416,22488511,4199.91,0.00130744,0
1506637397,22488509,4199.90,0.00130590,0
1506637391,22488508,4199.68,0.00130647,0
1506637391,22488507,4199.68,0.36017289,0
1506637389,22488503,4199.68,0.10267804,0
1506637387,22488500,4199.68,0.03714907,0
1506637385,22488493,4199.67,0.00130637,0
1506637381,22488483,4199.66,0.00130698,0
1506637375,22488482,4199.00,0.98034156,0
1506637369,22488481,4198.99,1.00000000,0
1506637366,22488479,4198.99,1.00000000,0
1506637364,22488478,4199.00,1.00000000,0
1506637362,22488477,4198.99,0.55515150,0
1506637361,22488476,4197.43,0.44484850,0
1506637359,22488475,4197.43,1.00000000,0
1506637358,22488474,4198.99,3.55515150,1
1506637358,22488473,4199.00,7.00000000,0
1506637357,22488472,4198.99,0.44484850,1
1506637356,22488471,4199.00,1.00000000,0
1506637348,22488467,4199.00,0.01965876,0
1506637348,22488466,4199.00,0.98034124,0
1506637347,22488465,4198.94,0.17000000,1
1506637344,22488464,4199.00,0.01965876,0
1506637342,22488463,4198.94,0.87150000,0
1506637336,22488454,4198.74,0.00130699,1
1506637336,22488453,4198.74,0.01976785,0
1506637336,22488452,4198.73,0.00130806,0
1506637330,22488447,4198.62,0.00130825,1
1506637330,22488446,4198.62,0.87150000,0
1506637330,22488445,4198.61,0.00130957,0
1506637330,22488443,4198.60,0.00130652,0
1506637323,22488439,4198.10,0.01400000,1
1506637320,22488438,4198.56,0.04788546,0
1506637320,22488437,4198.55,0.00130684,1
1506637312,22488436,4197.44,0.00130821,0
1506637312,22488435,4197.44,0.02000000,0
1506637312,22488434,4197.44,0.03409606,0
1506637254,22488423,4197.43,0.00281124,1
1506637209,22488415,4197.43,0.00943369,1
1506637199,22488412,4197.44,0.01931871,0
1506637196,22488410,4197.43,0.00999915,1
1506637188,22488403,4197.43,0.13035511,1
1506637084,22488379,4197.43,0.28037999,1
1506637082,22488375,4197.44,0.05341477,1
1506637059,22488365,4198.72,0.01063157,0
1506637059,22488363,4198.26,0.02500000,0
1506637059,22488362,4198.25,0.00130912,1
1506637057,22488361,4198.21,0.00154455,0
1506637039,22488359,4197.43,0.05146157,0
1506637039,22488358,4196.97,0.00130667,0
1506637038,22488357,4196.85,0.56000000,1
1506637036,22488355,4197.43,0.04529843,0
1506637036,22488354,4197.33,0.00394006,0
1506637036,22488353,4197.00,0.00416693,0
1506637036,22488352,4196.99,0.00130838,0
1506637035,22488351,4196.98,0.00345450,0
1506637035,22488350,4196.97,0.00416812,0
1506637035,22488349,4196.96,0.00130825,0
1506637035,22488348,4196.95,0.00130998,0
1506637033,22488346,4196.85,0.00130670,0
1506637027,22488345,4197.00,0.00997598,0
1506637027,22488344,4196.96,0.00202402,0
1506637026,22488343,4196.84,0.66497891,1
1506637026,22488342,4196.82,0.00130893,0
1506637026,22488341,4188.90,0.08233180,0
1506637023,22488340,4196.85,0.18736095,0
1506637023,22488339,4196.84,0.00130728,0
1506637022,22488338,4196.83,0.00130906,0
1506637022,22488337,4194.32,0.81002271,0
1506637019,22488336,4196.85,0.46000000,0
1506637019,22488335,4193.70,0.54000000,0
1506637017,22488334,4196.87,1.00000000,0
1506637016,22488333,4197.00,0.00585709,0
1506637016,22488332,4196.97,0.00130710,0
1506637016,22488331,4196.90,0.00154581,0
1506637011,22488328,4194.18,1.00000000,0
1506637008,22488326,4194.19,0.37406000,0
1506637007,22488325,4194.19,0.14594000,0
1506637006,22488324,4194.16,0.85406000,0
1506637006,22488323,4194.16,0.01744000,0
1506637004,22488321,4194.18,0.00561212,0
1506637000,22488319,4191.65,1.00000000,0
1506636996,22488317,4194.15,0.00873000,0
1506636994,22488316,4190.67,0.02400000,0
1506636950,22488312,4196.14,0.15316614,0
1506636950,22488311,4192.00,0.01753248,0
1506636950,22488310,4191.14,0.00999915,0
1506636939,22488287,4191.16,0.00255699,0
1506636938,22488286,4191.99,0.02542737,0
1506636919,22488284,4188.05,1.00180795,1
1506636918,22488283,4188.05,0.08235284,1
1506636912,22488282,4192.03,0.01201487,0
1506636902,22488278,4195.20,1.00000000,0
1506636900,22488277,4195.21,0.89424714,1
1506636899,22488276,4195.21,0.00999915,1
1506636898,22488275,4195.21,0.06575456,0
1506636898,22488274,4194.72,0.02999915,0
1506636893,22488269,4190.68,0.12754787,0
1506636891,22488268,4190.68,0.11017219,1
1506636890,22488267,4194.74,0.12850000,0
1506636890,22488266,4194.69,0.87150000,0
1506636884,22488264,4192.31,0.00120754,0
1506636878,22488263,4192.01,0.10000000,0
1506636875,22488262,4192.00,0.20910000,0
1506636872,22488261,4192.00,1.00000000,0
1506636848,22488259,4190.65,0.02200000,1
1506636844,22488258,4191.00,6.11026343,0
1506636799,22488253,4190.88,0.76430000,0
1506636799,22488252,4190.29,0.02100000,0
1506636776,22488248,4185.40,0.00950000,1
1506636738,22488240,4191.00,2.47700000,0
1506636738,22488239,4190.22,0.02300000,0
1506636724,22488236,4191.00,0.10786758,0
1506636718,22488232,4191.00,1.30486899,0
1506636718,22488231,4190.89,0.50176890,0
1506636706,22488223,4190.89,0.20000000,0
1506636702,22488222,4190.89,0.06251035,0
1506636697,22488220,4190.89,0.22618641,0
1506636697,22488219,4190.89,0.05231744,0
1506636695,22488218,4190.89,0.18083412,0
1506636687,22488216,4190.89,0.14850003,0
1506636679,22488213,4190.20,1.59250000,0
1506636678,22488212,4190.18,0.87150000,0
1506636678,22488211,4190.10,0.03600000,0
1506636599,22488202,4189.85,0.07142260,0
1506636517,22488197,4190.89,0.04805832,0
1506636517,22488196,4190.88,0.00202784,0
1506636517,22488195,4185.99,0.03221853,0
1506636470,22488188,4185.99,0.00678147,0
1506636450,22488187,4185.98,0.07980592,0
1506636431,22488180,4185.99,0.04499797,1
1506636431,22488178,4185.22,0.01391710,0
1506636429,22488176,4185.21,0.04765075,0
1506636423,22488173,4184.99,0.02517516,0
1506636423,22488170,4185.00,0.28572354,1
1506636423,22488169,4185.00,0.04495546,1
1506636423,22488168,4185.00,0.00025491,1
1506636422,22488167,4185.00,0.00880166,1
1506636421,22488164,4185.00,0.04126232,0
1506636392,22488156,4185.18,0.01279368,1
1506636379,22488152,4185.21,0.00274322,0
1506636336,22488144,4185.20,0.02661036,0
1506636331,22488143,4185.21,0.01536059,0
1506636311,22488140,4185.20,0.47156113,1
1506636302,22488138,4185.20,0.77344470,1
1506636285,22488135,4185.21,0.02955700,0
1506636277,22488131,4185.20,0.08500000,1
1506636269,22488130,4185.21,0.10000000,0
1506636254,22488104,4185.21,0.02939915,0
1506636253,22488103,4185.21,0.01959915,0
1506636252,22488102,4185.20,0.18610397,1
1506636241,22488091,4185.20,0.97353442,1
1506636241,22488089,4185.20,0.01035578,1
1506636223,22488081,4185.22,0.02470458,0
1506636214,22488078,4185.22,0.02404303,0
1506636214,22488077,4181.04,0.00173601,0
1506636207,22488074,4181.04,0.00350829,0
1506636172,22488064,4181.04,0.03746251,0
1506636130,22488058,4181.04,0.00429319,0
1506636122,22488056,4180.91,0.08085799,0
1506636101,22488047,4187.26,0.00446558,0
1506636093,22488045,4178.00,0.95200000,0
1506636092,22488044,4178.00,0.04800000,1
1506636080,22488042,4179.51,0.17518582,1
1506636080,22488041,4183.51,0.82481418,1
1506636078,22488038,4183.51,1.00000000,1
1506636066,22488036,4184.52,0.02500000,1
1506636038,22488028,4191.24,0.58226501,0
1506636008,22488024,4187.50,0.01904239,1
1506636004,22488022,4192.24,0.02189034,0
1506635996,22488016,4192.31,0.00500000,0
1506635988,22488010,4190.15,0.10000000,0
1506635988,22488009,4190.15,0.19221084,0
1506635982,22487997,4192.24,1.55164573,0
1506635982,22487996,4192.15,0.87150000,0
1506635981,22487994,4186.41,0.75305330,0
1506635981,22487993,4186.98,0.02990699,1
1506635979,22487992,4187.41,0.03662250,1
1506635978,22487991,4192.25,0.78262973,0
1506635971,22487990,4188.00,0.02662250,1
1506635970,22487989,4188.00,0.97337750,0
1506635967,22487988,4188.00,1.00000000,0
1506635961,22487987,4187.95,0.87150000,0
1506635960,22487986,4187.97,0.01000000,0
1506635958,22487985,4187.98,0.00700000,0
1506635953,22487984,4187.98,0.03481259,0
1506635953,22487983,4187.40,0.05600000,0
1506635946,22487982,4186.50,0.00999932,1
1506635938,22487981,4186.51,0.51314152,0
1506635920,22487979,4185.11,0.00999932,1
1506635919,22487978,4185.11,0.02999932,1
1506635914,22487977,4185.12,0.02999932,0
1506635913,22487976,4185.12,0.01999932,0
1506635908,22487975,4185.12,0.18331984,0
1506635903,22487973,4185.11,0.23587231,1
1506635903,22487972,4185.11,0.56000000,1
1506635897,22487971,4185.12,0.18857971,0
1506635896,22487970,4183.39,0.02142029,0
1506635890,22487969,4183.39,0.09810000,0
1506635890,22487968,4179.83,0.05000000,0
1506635876,22487962,4186.68,0.02200000,0
1506635872,22487961,4177.00,1.00000000,1
1506635864,22487957,4177.07,0.34000000,1
1506635859,22487954,4177.07,1.00000000,1
1506635856,22487953,4177.07,1.00000000,1
1506635852,22487949,4177.07,1.00000000,1
1506635850,22487948,4177.02,1.00000000,0
1506635846,22487947,4177.02,0.60580240,0
1506635846,22487946,4177.02,0.03000000,1
1506635839,22487944,4177.57,0.12850000,0
1506635838,22487943,4177.74,0.87150000,1
1506635835,22487942,4177.08,1.00000000,1
1506635827,22487941,4180.54,0.32130803,0
1506635826,22487940,4181.55,4.35000000,1
1506635823,22487939,4182.33,0.14313552,1
1506635821,22487938,4186.84,0.00273825,0
1506635814,22487932,4188.00,0.02662250,0
1506635813,22487929,4182.50,0.03517230,0
1506635813,22487927,4186.84,0.02289500,1
1506635811,22487926,4181.74,0.87150000,1
1506635810,22487925,4182.50,0.03517170,0
1506635809,22487924,4182.50,0.03517170,0
1506635809,22487923,4186.84,0.03517170,1
1506635808,22487922,4187.99,0.00450000,1
1506635805,22487921,4182.72,0.87150000,1
1506635797,22487917,4183.50,1.00000000,1
1506635796,22487916,4183.51,0.01496048,1
1506635795,22487915,4183.51,0.03212024,1
1506635792,22487914,4183.50,1.00000000,1
1506635737,22487903,4182.33,1.00000000,1
1506635734,22487901,4182.08,0.06400000,0
1506635734,22487900,4182.11,0.93600000,1
1506635723,22487898,4192.31,0.14756086,0
1506635720,22487896,4189.00,0.84295303,0
1506635720,22487895,4192.31,0.15704697,1
1506635703,22487893,4197.21,0.10670155,0
1506635703,22487892,4197.21,0.00130789,0
1506635703,22487891,4197.20,0.00130841,0
1506635695,22487889,4192.32,0.37781100,1
1506635695,22487888,4198.21,0.02492994,1
1506635694,22487887,4198.20,0.00130760,0
1506635691,22487886,4196.10,0.37800000,1
1506635690,22487885,4195.32,0.04000000,0
1506635690,22487884,4195.19,0.06200000,0
1506635690,22487883,4194.33,0.52000000,0
1506635674,22487881,4192.31,0.92483809,1
1506635668,22487880,4193.99,0.20288755,0
1506635660,22487879,4193.99,0.16577906,0
1506635659,22487878,4190.00,0.03710849,0
1506635649,22487875,4194.00,0.00357072,0
1506635648,22487874,4189.02,1.00000000,1
1506635641,22487871,4189.10,1.00000000,0
1506635628,22487870,4193.99,0.00823842,0
1506635594,22487861,4192.00,0.01749169,0
1506635594,22487859,4188.80,0.01009000,1
1506635576,22487845,4188.72,0.28367431,0
1506635558,22487839,4194.12,0.65686559,0
1506635558,22487838,4192.00,0.91957166,0
1506635558,22487837,4191.98,0.11927538,0
1506635533,22487810,4192.00,0.48042834,0
1506635532,22487809,4188.50,0.01613925,1
1506635509,22487801,4193.61,0.24124677,0
1506635508,22487800,4192.00,0.36480172,0
1506635496,22487796,4192.00,0.02416165,0
1506635490,22487794,4192.80,0.16303663,1
1506635489,22487793,4192.80,0.01240859,1
1506635436,22487775,4198.68,0.02224798,1
1506635435,22487774,4197.44,0.00190356,0
1506635435,22487773,4195.78,0.00130921,1
1506635434,22487772,4195.78,0.00131054,0
1506635430,22487769,4195.81,0.00012654,0
1506635430,22487768,4195.80,0.00130737,0
1506635430,22487767,4195.79,0.00130909,0
1506635418,22487765,4187.10,0.37670000,1
1506635418,22487764,4188.95,0.12330000,1
1506635417,22487763,4195.83,1.01698969,1
1506635417,22487762,4195.83,3.98122394,1
1506635417,22487761,4195.83,0.00178637,0
1506635416,22487760,4192.75,0.99950000,1
1506635413,22487758,4195.83,0.01877606,0
1506635411,22487756,4195.85,0.50218419,1
1506635411,22487755,4195.85,0.00130711,1
1506635411,22487754,4195.85,0.87150000,1
1506635410,22487753,4195.85,0.01982713,1
1506635409,22487751,4195.85,0.08700000,1
1506635409,22487750,4195.85,0.01425133,1
1506635408,22487748,4195.85,0.00131050,0
1506635408,22487747,4195.84,0.00131010,0
1506635408,22487746,4195.69,1.00000000,0
1506635399,22487744,4193.96,0.00130964,0
1506635398,22487743,4192.72,0.50000000,1
1506635396,22487740,4192.72,0.08433016,1
1506635395,22487739,4192.72,0.03454370,1
1506635394,22487738,4192.22,0.00973399,0
1506635392,22487737,4193.97,0.15000000,1
1506635392,22487736,4195.70,0.30562048,1
1506635391,22487735,4195.70,0.00130899,1
1506635391,22487734,4195.70,1.71986289,0
1506635391,22487733,4194.23,0.00192010,0
1506635391,22487732,4194.00,0.27190658,0
1506635391,22487731,4193.99,0.00345478,0
1506635390,22487730,4193.98,0.00154651,0
1506635390,22487729,4193.97,0.00130914,0
1506635389,22487726,4188.48,0.02660100,1
1506635383,22487725,4194.00,0.29508734,0
1506635383,22487724,4192.75,0.13421000,0
1506635383,22487723,4192.29,0.15390000,0
1506635382,22487722,4191.60,0.12300000,0
1506635382,22487721,4191.59,0.00130962,0
1506635382,22487720,4191.01,0.02200000,0
1506635382,22487719,4191.00,0.00130887,0
1506635382,22487718,4190.04,0.00310000,0
1506635382,22487717,4190.00,0.00923013,0
1506635382,22487716,4190.00,1.00000000,0
1506635382,22487715,4190.00,0.02361200,0
1506635382,22487714,4190.00,0.73131195,0
1506635381,22487713,4188.48,0.00193009,0
1506635380,22487712,4188.00,0.48000000,1
1506635379,22487711,4188.00,0.02151892,0
1506635378,22487707,4185.65,4.50966214,0
1506635377,22487706,4185.65,1.20297064,0
1506635376,22487704,4185.65,0.93400000,0
1506635376,22487703,4185.65,1.00000000,0
1506635374,22487702,4185.65,0.93300000,0
1506635373,22487701,4185.65,4.00000000,0
1506635372,22487700,4185.65,1.00000000,0
1506635372,22487699,4187.34,0.82566614,1
1506635372,22487698,4187.35,0.81767464,1
1506635371,22487697,4188.00,0.97848108,0
1506635370,22487696,4187.35,0.00190815,0
1506635365,22487693,4186.42,1.69510457,0
1506635364,22487692,4185.82,0.07974481,0
1506635364,22487691,4185.67,0.10180517,0
1506635364,22487690,4185.67,2.50000000,0
1506635363,22487688,4185.67,7.00000000,0
1506635362,22487687,4185.67,0.98125700,0
1506635361,22487686,4185.67,0.89775928,0
1506635358,22487685,4185.66,0.46000000,1
1506635356,22487681,4185.67,2.37800000,0
1506635356,22487680,4184.02,0.12200000,0
1506635348,22487676,4185.67,1.89669943,0
1506635348,22487675,4184.74,0.10296760,0
1506635347,22487674,4184.74,0.31703240,0
1506635339,22487671,4184.74,0.02000000,0
1506635338,22487670,4185.67,0.09029321,0
1506635338,22487669,4185.67,0.07300736,0
1506635337,22487668,4185.67,2.42699264,0
1506635321,22487665,4185.67,0.01240205,0
1506635320,22487662,4185.67,1.11709011,0
1506635319,22487661,4185.67,1.78632228,0
1506635299,22487656,4185.66,1.00000000,0
1506635299,22487655,4185.63,1.00000000,0
1506635297,22487654,4185.66,0.38557064,0
1506635294,22487652,4181.57,0.31110000,1
1506635289,22487650,4185.67,1.52645635,0
1506635287,22487649,4185.67,1.57161635,0
1506635282,22487646,4185.67,0.22162998,0
1506635271,22487643,4177.04,0.05933885,1
1506635269,22487642,4183.20,0.25249026,1
1506635269,22487641,4185.37,0.12850000,0
1506635269,22487640,4185.32,0.87150000,0
1506635268,22487639,4185.21,0.01715148,1
1506635258,22487637,4182.14,0.03418604,1
1506635258,22487636,4185.15,0.66781291,0
1506635252,22487635,4185.20,0.41093671,1
1506635251,22487634,4185.20,0.10276123,1
1506635251,22487633,4185.20,0.11949259,1
1506635250,22487632,4185.20,0.10364815,1
1506635250,22487631,4184.39,0.10600000,0
1506635249,22487630,4177.03,0.26120768,1
1506635247,22487629,4177.05,0.01330187,1
1506635247,22487628,4177.05,0.85819813,1
1506635243,22487626,4177.04,0.01330187,0
1506635235,22487624,4184.30,0.01085996,1
1506635229,22487620,4177.03,0.03109537,1
1506635228,22487619,4177.03,0.01125318,1
1506635227,22487618,4182.34,0.02123654,0
1506635227,22487617,4181.29,0.00700271,0
1506635213,22487613,4181.30,0.02687589,1
1506635208,22487612,4181.30,0.07448943,1
1506635190,22487610,4181.31,0.03679102,0
1506635188,22487609,4181.31,0.00639618,1
1506635188,22487608,4181.32,0.55581630,1
1506635187,22487607,4183.30,0.12699650,1
1506635183,22487601,4181.32,0.04574512,1
1506635182,22487600,4183.27,2.50000000,0
1506635173,22487599,4183.27,2.50000000,0
1506635170,22487597,4183.26,0.41030000,0
1506635168,22487596,4181.32,0.03292009,1
1506635160,22487595,4183.27,0.03561323,0
1506635159,22487594,4183.27,0.14660250,0
1506635159,22487593,4183.27,0.26053824,0
1506635141,22487591,4183.27,1.00000000,0
1506635135,22487589,4177.03,0.85957000,1
1506635133,22487588,4181.25,0.02546758,1
1506635133,22487587,4178.99,0.11964613,0
1506635129,22487586,4181.25,0.12400000,0
1506635127,22487585,4179.01,0.02937634,1
1506635121,22487584,4179.00,0.27400000,0
1506635093,22487569,4177.01,0.03310268,1
1506635078,22487568,4177.01,0.75646133,1
1506635078,22487567,4181.28,0.03114467,1
1506635076,22487566,4184.19,0.99737674,0
1506635076,22487565,4184.19,0.00131083,0
1506635076,22487564,4184.18,0.00131243,0
1506635072,22487563,4183.32,0.21204594,1
1506635067,22487562,4177.00,0.99950000,1
1506635062,22487560,4183.18,1.00000000,0
1506635058,22487559,4177.00,0.11389360,1
1506635058,22487558,4177.04,0.02861940,1
1506635058,22487557,4181.31,0.83100000,1
1506635057,22487556,4181.31,0.16900000,0
1506635052,22487555,4181.24,0.02600000,0
1506635048,22487552,4177.05,0.04104947,1
1506635033,22487545,4177.04,0.03743053,1
1506635027,22487542,4179.81,0.03043439,0
1506635025,22487534,4179.81,0.29317108,0
1506635005,22487520,4179.82,0.23437599,0
1506635005,22487519,4179.80,0.11962295,0
1506635005,22487518,4178.65,0.02562480,0
1506635005,22487517,4178.63,0.03201261,0
1506635001,22487515,4177.00,0.66000000,1
1506634997,22487514,4178.37,0.04653685,0
1506634985,22487507,4178.63,6.65870000,1
1506634977,22487505,4179.81,0.50074521,0
1506634972,22487501,4178.64,1.00000000,1
1506634970,22487499,4178.64,1.00000000,1
1506634961,22487492,4178.65,1.00000000,1
1506634952,22487485,4181.37,0.00054228,1
1506634949,22487484,4181.37,0.30284850,1
1506634939,22487480,4181.37,0.99950000,1
1506634933,22487479,4181.38,0.01871609,0
1506634929,22487476,4181.37,0.31000000,1
1506634929,22487475,4181.37,0.99950000,1
1506634918,22487472,4181.37,0.99950000,1
1506634907,22487470,4181.38,0.99950000,1
1506634897,22487468,4181.37,0.99950000,1
1506634895,22487467,4181.37,0.10836690,1
1506634884,22487465,4182.25,0.04238400,0
1506634883,22487463,4181.37,0.04805148,1
1506634883,22487462,4182.26,0.01390695,1
1506634883,22487461,4185.65,0.44478807,1
1506634883,22487460,4185.65,0.06242585,1
1506634877,22487456,4185.67,0.02336210,0
1506634873,22487448,4185.65,0.49278608,0
1506634873,22487447,4181.37,0.99950000,1
1506634871,22487446,4185.63,0.00346240,0
1506634870,22487445,4181.37,0.09094631,1
1506634868,22487443,4185.67,0.65610187,0
1506634868,22487442,4185.66,0.34127401,0
1506634868,22487441,4185.65,0.00131180,0
1506634868,22487440,4185.64,0.00131232,0
1506634865,22487437,4185.66,1.00000000,0
1506634863,22487436,4181.37,0.78174453,1
1506634863,22487435,4181.44,0.16370000,1
1506634863,22487434,4182.00,0.05405547,1
1506634863,22487433,4185.67,0.99737662,0
1506634862,22487432,4185.66,0.00131110,0
1506634862,22487431,4185.65,0.00131228,0
1506634861,22487430,4183.14,1.34127401,1
1506634861,22487429,4183.96,0.00321327,1
1506634861,22487428,4184.14,3.54551272,1
1506634860,22487427,4184.14,0.31839442,1
1506634860,22487420,4185.67,1.00000000,0
1506634858,22487384,4184.14,0.13609286,1
1506634858,22487383,4185.67,0.99426983,0
1506634858,22487382,4185.66,0.00131150,0
1506634858,22487381,4185.66,0.00441867,0
1506634853,22487380,4185.66,0.73463250,1
1506634852,22487379,4185.66,0.00131378,1
1506634852,22487378,4185.66,0.00131331,0
1506634852,22487377,4185.65,0.00131068,0
1506634852,22487376,4185.64,0.00999932,0
1506634849,22487373,4184.09,0.84400000,1
1506634846,22487372,4184.09,0.00999932,1
1506634844,22487371,4184.09,0.01999932,1
1506634843,22487370,4181.39,0.00037828,1
1506634842,22487369,4183.95,0.98013122,1
1506634841,22487368,4185.67,0.98642090,0
1506634841,22487367,4185.65,0.00226740,0
1506634840,22487366,4184.10,0.00131238,0
1506634840,22487365,4184.09,0.00999932,0
1506634838,22487359,4185.67,0.99844882,0
1506634838,22487358,4185.66,0.00155118,0
1506634835,22487354,4185.67,12.99868638,0
1506634835,22487353,4185.64,0.00131362,0
1506634834,22487351,4183.97,0.01927594,0
1506634831,22487348,4184.88,0.00131388,1
1506634830,22487346,4184.88,0.74562700,1
1506634830,22487345,4184.87,2.39210000,0
1506634829,22487344,4184.13,0.00131348,1
1506634828,22487343,4185.67,6.76400227,0
1506634828,22487342,4183.94,4.00000000,0
1506634827,22487341,4183.94,2.84934773,0
1506634826,22487339,4184.13,0.74576875,1
1506634825,22487337,4184.13,0.00131399,1
1506634824,22487336,4184.13,0.20500000,0
1506634824,22487335,4183.95,0.00131179,0
1506634824,22487334,4180.93,0.04660547,0
1506634821,22487331,4183.96,1.00000000,0
1506634820,22487330,4183.95,0.99950000,1
1506634818,22487329,4180.93,1.36936436,1
1506634817,22487328,4180.94,0.13445345,1
1506634817,22487327,4183.97,0.99618219,1
1506634816,22487326,4183.97,0.00250590,1
1506634816,22487325,4183.97,0.00131191,0
1506634814,22487324,4183.95,1.00000000,0
1506634811,22487319,4183.99,0.12252860,0
1506634811,22487318,4183.98,0.00131205,0
1506634811,22487317,4183.97,0.87150000,0
1506634811,22487316,4183.96,0.00465935,0
1506634807,22487314,4183.99,0.21991752,0
1506634807,22487313,4183.99,0.00131459,1
1506634807,22487312,4183.00,0.10000000,0
1506634806,22487311,4182.73,0.00193008,0
1506634806,22487310,4182.72,0.00131366,0
1506634805,22487308,4182.71,0.00131233,1
1506634805,22487307,4182.71,0.16091950,1
1506634805,22487305,4182.71,0.64600000,1
1506634804,22487303,4180.93,0.07500000,1
1506634804,22487302,4180.93,0.02712779,1
1506634803,22487301,4182.71,1.00000000,0
1506634802,22487299,4180.93,0.16342434,1
1506634801,22487298,4182.69,0.00442145,0
1506634797,22487296,4182.70,1.00000000,0
1506634796,22487294,4182.71,0.40488352,1
1506634796,22487293,4182.71,0.59511648,1
1506634796,22487292,4182.72,0.26245452,1
1506634794,22487291,4182.72,0.00346485,1
1506634794,22487290,4182.72,0.28837577,1
1506634793,22487289,4182.72,0.00131391,0
1506634793,22487288,4182.71,0.00131326,0
1506634793,22487287,4182.70,0.00131261,0
1506634793,22487286,4182.70,0.00131259,0
1506634791,22487285,4181.36,0.00624743,1
1506634790,22487284,4181.37,0.21039620,1
1506634786,22487282,4181.98,0.01984703,0
1506634786,22487281,4181.87,0.08066000,0
1506634786,22487280,4181.74,0.00160908,0
1506634785,22487279,4181.62,0.00131267,0
1506634785,22487278,4181.37,0.77039105,0
1506634785,22487277,4181.36,0.55972000,1
1506634783,22487276,4181.36,0.00131311,1
1506634779,22487273,4181.35,0.00202967,0
1506634774,22487272,4181.37,0.00131288,1
1506634773,22487271,4181.37,0.00131343,0
1506634773,22487270,4180.00,2.88422287,0
1506634773,22487269,4179.99,0.00131440,0
1506634773,22487268,4178.88,0.18300000,0
1506634773,22487267,4178.57,0.08240072,0
1506634768,22487262,4178.57,0.01078276,0
1506634760,22487261,4178.57,0.36681652,0
1506634758,22487260,4178.10,0.09455432,1
1506634757,22487259,4178.00,0.08786850,0
1506634755,22487258,4178.00,0.01213150,0
1506634754,22487256,4177.42,0.44000000,0
1506634752,22487255,4177.00,0.20649828,0
1506634751,22487252,4177.00,7.00000000,0
1506634750,22487251,4177.00,7.00000000,0
1506634749,22487249,4177.00,3.64369170,0
1506634748,22487248,4177.00,5.00000000,0
1506634746,22487246,4177.00,1.00000000,0
1506634743,22487245,4177.00,1.00000000,0
1506634742,22487244,4177.00,0.03173913,0
1506634740,22487243,4177.00,1.00000000,0
1506634732,22487238,4176.58,0.30400000,0
1506634719,22487236,4173.00,1.18060036,0
1506634718,22487235,4173.00,2.45975257,0
1506634718,22487234,4173.00,0.35964707,0
1506634708,22487232,4172.00,0.17570794,0
1506634708,22487231,4172.00,5.00000000,0
1506634704,22487230,4171.98,0.00238980,0
1506634703,22487229,4172.00,2.03817177,0
1506634699,22487219,4171.75,0.27898737,0
1506634690,22487218,4170.51,0.01196144,1
1506634688,22487217,4169.03,0.00933500,0
1506634687,22487216,4170.44,0.12850000,1
1506634687,22487215,4171.88,0.12016500,1
1506634683,22487213,4170.44,0.87150000,0
1506634676,22487208,4169.79,0.04801054,0
1506634669,22487200,4169.20,0.00624743,1
1506634668,22487199,4169.18,0.03400000,0
1506634658,22487197,4164.09,0.02197463,1
1506634623,22487186,4170.01,0.05501665,0
1506634603,22487184,4170.43,0.01353262,0
1506634592,22487182,4171.16,0.02430586,0
1506634591,22487180,4162.52,0.04489139,1
1506634591,22487179,4166.00,0.72618274,1
1506634590,22487178,4166.02,0.09796640,1
1506634590,22487177,4166.03,3.56962583,1
1506634574,22487174,4171.47,0.24302484,0
1506634573,22487173,4171.03,0.42000000,0
1506634573,22487172,4170.05,0.03100000,0
1506634569,22487169,4170.95,0.10190135,0
1506634563,22487167,4166.01,0.20000000,1
1506634553,22487166,4170.16,0.00750174,1
1506634552,22487165,4168.77,0.03600000,0
1506634533,22487160,4168.76,1.47645926,0
1506634508,22487157,4163.03,1.14170971,1
1506634487,22487149,4168.46,0.12721005,0
1506634468,22487147,4165.01,0.02515864,1
1506634424,22487120,4166.16,0.34013423,0
1506634420,22487117,4166.75,0.01884764,0
1506634390,22487087,4164.71,0.01216730,0
1506634385,22487083,4164.71,0.07467506,0
1506634383,22487079,4164.23,0.03550410,0
1506634356,22487074,4158.41,0.12850000,0
1506634353,22487073,4158.41,0.87150000,0
1506634353,22487072,4158.44,4.00000000,1
1506634323,22487068,4158.41,0.04231792,1
1506634318,22487065,4164.23,0.00349590,0
1506634308,22487063,4158.40,0.01581635,1
1506634247,22487051,4165.99,0.03303874,0
1506634235,22487050,4166.28,0.06225457,1
1506634214,22487048,4166.14,0.01227199,0
1506634214,22487047,4161.58,0.03624316,0
1506634211,22487045,4161.58,0.00275684,0
1506634149,22487005,4161.08,0.12480000,1
1506634149,22487003,4161.08,0.10176615,1
1506634149,22487001,4161.33,0.38081876,1
1506634148,22486998,4161.33,3.61918124,1
1506634148,22486996,4161.62,0.23131757,1
1506634148,22486994,4163.07,0.96350119,1
1506634148,22486992,4163.08,0.18600000,1
1506634143,22486985,4165.18,0.02203266,0
1506634096,22486982,4163.12,0.11293015,1
1506634038,22486965,4165.21,2.19720000,0
1506634035,22486964,4165.22,0.01217469,0
1506634029,22486958,4163.07,0.09764950,0
1506634029,22486957,4162.18,0.06938044,0
1506634024,22486956,4162.18,0.02204854,0
1506634022,22486953,4161.62,0.01119164,1
1506634017,22486951,4161.62,0.07464968,0
1506634016,22486949,4161.62,0.13146322,0
1506634012,22486942,4161.62,0.11117286,0
1506633996,22486934,4161.62,0.02399932,0
1506633994,22486933,4161.62,0.01599932,0
1506633981,22486930,4161.62,0.06271560,0
1506633977,22486929,4159.45,0.12020820,0
1506633971,22486926,4159.45,0.98244296,0
1506633970,22486924,4158.38,0.05100000,1
1506633964,22486914,4159.45,0.11031507,0
1506633955,22486907,4158.39,0.94206575,1
1506633954,22486906,4158.39,0.05200000,0
1506633954,22486905,4157.51,0.00593425,0
1506633952,22486904,4158.38,1.00000000,0
1506633947,22486902,4152.14,0.01469864,1
1506633918,22486894,4153.75,0.02968509,1
1506633908,22486892,4157.26,2.49710000,0
1506633907,22486890,4157.26,0.70783160,0
1506633903,22486889,4153.74,0.11372975,1
1506633903,22486888,4153.76,0.87150000,1
1506633903,22486887,4155.65,0.01477025,1
1506633896,22486885,4159.73,0.02890860,0
1506633889,22486883,4156.97,0.73308683,1
1506633877,22486882,4159.51,0.05331793,1
1506633874,22486878,4159.52,1.00000000,1
1506633866,22486874,4159.73,0.00290000,0
1506633862,22486868,4159.44,0.88062888,0
1506633861,22486866,4159.44,0.05331793,0
1506633860,22486862,4159.44,0.06605319,1
1506633859,22486861,4159.51,0.24353000,0
1506633857,22486860,4159.51,0.08251850,0
1506633850,22486854,4159.45,1.00000000,0
1506633844,22486852,4161.52,1.00000000,1
1506633842,22486850,4159.75,1.00000000,1
1506633837,22486848,4159.72,1.00000000,0
1506633827,22486844,4161.95,0.02605160,0
1506633819,22486840,4165.05,0.16101929,0
1506633819,22486839,4165.05,0.00055941,1
1506633819,22486838,4165.06,0.05467757,1
1506633813,22486837,4166.13,1.00000000,1
1506633809,22486833,4166.13,0.01219920,1
1506633809,22486832,4166.13,0.02720758,1
1506633807,22486831,4168.88,2.39117481,0
1506633807,22486830,4168.60,0.00002519,0
1506633806,22486829,4168.60,0.06297481,0
1506633802,22486827,4168.59,0.96535737,1
1506633799,22486824,4168.59,0.06297481,0
1506633797,22486820,4166.13,0.02254190,1
1506633789,22486818,4166.11,0.23900000,1
1506633786,22486817,4172.00,0.01140766,0
1506633786,22486816,4167.00,0.00038745,0
1506633769,22486812,4167.00,0.96861255,0
1506633767,22486811,4166.23,0.11000000,1
1506633752,22486810,4171.89,0.00860631,0
1506633751,22486809,4167.64,0.01429711,1
1506633708,22486791,4171.15,0.10880000,0
1506633704,22486790,4172.00,0.47084438,0
1506633704,22486789,4171.16,2.02915562,0
1506633702,22486788,4171.15,0.12105294,0
1506633688,22486782,4171.16,0.00313641,0
1506633688,22486781,4167.59,0.01392824,1
1506633683,22486780,4167.59,0.03475324,1
1506633678,22486778,4171.14,0.00557163,0
1506633677,22486777,4171.14,0.06212943,0
1506633670,22486775,4167.58,0.07172475,1
1506633659,22486768,4171.16,0.07332551,0
1506633650,22486767,4171.26,0.89438246,1
1506633649,22486766,4171.99,0.00118167,0
1506633649,22486765,4171.98,0.11984717,0
1506633643,22486761,4171.26,0.01520463,1
1506633637,22486760,4171.26,0.03241291,1
1506633610,22486756,4172.00,0.07178332,0
1506633608,22486754,4172.00,0.94000000,1
1506633608,22486753,4172.02,2.39110000,1
1506633608,22486752,4173.00,0.69143989,1
1506633601,22486751,4173.00,7.00000000,1
1506633600,22486750,4173.00,0.18000000,1
1506633596,22486749,4173.00,7.00000000,1
1506633596,22486747,4173.00,7.00000000,1
1506633596,22486746,4173.00,2.60800000,1
1506633595,22486745,4173.01,2.39200000,1
1506633586,22486739,4173.00,0.01194357,1
1506633583,22486738,4173.01,0.03811079,1
1506633574,22486734,4173.00,5.00000000,1
1506633574,22486733,4173.00,0.46087439,1
1506633574,22486732,4173.00,7.00000000,1
1506633573,22486731,4173.00,5.00000000,1
1506633573,22486730,4173.00,7.00000000,1
1506633572,22486729,4173.00,1.00000000,1
1506633565,22486724,4173.75,0.04720920,0
1506633563,22486721,4173.70,4.82000000,1
1506633557,22486716,4173.75,1.00000000,1
1506633554,22486715,4173.73,0.12850000,1
1506633554,22486714,4173.75,0.87150000,1
1506633550,22486713,4173.71,1.00000000,0
1506633544,22486712,4175.19,0.02197463,1
1506633535,22486710,4176.19,0.52768399,1
1506633534,22486709,4176.19,0.12999262,1
1506633533,22486708,4176.19,1.00000000,1
1506633528,22486707,4176.44,0.00430000,0
1506633514,22486704,4176.19,1.00000000,1
1506633511,22486703,4176.19,1.00000000,1
1506633509,22486702,4176.19,1.00000000,1
1506633501,22486701,4176.19,0.06232339,1
1506633501,22486700,4176.30,0.19744228,1
1506633500,22486699,4176.30,1.00000000,1
1506633492,22486697,4176.32,0.19691497,1
1506633491,22486696,4176.31,0.14940000,1
1506633487,22486695,4176.34,1.00000000,1
1506633485,22486693,4176.33,0.12850000,0
1506633485,22486692,4176.33,0.87150000,1
1506633476,22486682,4176.46,0.05985332,1
1506633474,22486678,4176.46,1.00000000,1
1506633471,22486676,4176.46,1.00000000,0
1506633468,22486674,4176.46,1.00000000,1
1506633468,22486673,4179.82,0.01110361,0
1506633468,22486672,4179.81,0.00131323,0
1506633457,22486668,4176.45,0.01948994,1
1506633451,22486638,4176.44,0.01689545,1
1506633447,22486637,4176.44,0.02463486,1
1506633424,22486631,4180.00,0.05114107,0
1506633424,22486630,4179.60,0.21250210,0
1506633423,22486629,4179.40,0.09600000,0
1506633423,22486628,4179.33,0.11963640,0
1506633423,22486627,4179.32,0.00131532,0
1506633423,22486626,4179.30,0.00131503,0
1506633423,22486625,4179.29,0.00131317,0
1506633416,22486622,4176.39,0.01429525,0
1506633410,22486620,4176.39,0.01665221,0
1506633408,22486619,4176.40,0.02162573,1
1506633373,22486612,4176.38,0.01657328,1
1506633364,22486611,4175.92,0.04880623,1
1506633363,22486609,4179.60,0.20749790,0
1506633363,22486608,4179.42,0.00131453,0
1506633363,22486607,4179.41,0.00131249,0
1506633363,22486606,4179.40,0.00131301,0
1506633363,22486605,4178.71,0.03018276,0
1506633345,22486598,4178.71,0.02141953,0
1506633328,22486596,4174.39,0.01694545,1
1506633322,22486595,4178.71,0.74045304,0
1506633322,22486594,4178.02,0.08800000,0
1506633311,22486592,4174.38,0.00119847,1
1506633308,22486590,4173.03,0.02519275,1
1506633299,22486587,4178.71,0.11931589,0
1506633292,22486585,4178.71,0.03745213,0
1506633292,22486584,4178.70,0.00131257,0
1506633292,22486583,4178.50,0.00131318,0
1506633292,22486582,4178.49,0.00131371,0
1506633292,22486581,4178.47,0.00131429,0
1506633292,22486580,4178.07,0.00131298,0
1506633292,22486579,4178.06,0.00251097,0
1506633291,22486578,4177.38,0.00131614,0
1506633286,22486574,4173.00,0.04774215,1
1506633283,22486573,4177.39,0.02342541,0
1506633277,22486571,4172.82,0.01407135,1
1506633268,22486564,4174.15,0.02675908,1
1506633267,22486563,4177.39,0.35704687,0
1506633267,22486562,4177.38,0.00131376,0
1506633267,22486561,4177.37,0.00371002,0
1506633266,22486560,4177.36,0.00131551,0
1506633266,22486559,4177.17,0.10979600,0
1506633265,22486558,4177.17,0.00520400,0
1506633248,22486552,4172.81,0.02757916,1
1506633223,22486545,4172.78,0.02848823,0
1506633220,22486544,4177.39,0.01941141,0
1506633215,22486542,4177.39,0.01247781,0
1506633215,22486541,4177.38,0.00131567,0
1506633208,22486534,4177.39,0.01981732,0
1506633207,22486532,4177.39,0.00782118,0
1506633207,22486531,4177.38,0.00131316,0
1506633206,22486530,4177.26,0.00191276,0
1506633206,22486529,4176.98,0.00193007,0
1506633206,22486528,4175.91,0.01842282,0
1506633205,22486527,4175.91,0.00547851,0
1506633204,22486525,4175.91,0.01976785,0
1506633203,22486524,4172.75,0.02394727,1
1506633198,22486523,4175.91,0.08733082,0
1506633198,22486522,4175.25,0.06015439,0
1506633197,22486521,4175.25,0.06234561,0
1506633197,22486520,4175.09,0.01986932,0
1506633197,22486519,4175.00,0.03740000,0
1506633196,22486518,4172.73,0.02474671,1
1506633163,22486512,4172.69,0.04846589,1
1506633161,22486511,4175.00,0.00950000,0
1506633125,22486508,4172.64,0.16484577,1
1506633123,22486507,4173.67,0.01068152,1
1506633118,22486499,4174.23,0.03118873,1
1506633117,22486497,4173.66,0.09110000,0
1506633115,22486495,4174.23,0.06660000,1
1506633112,22486493,4174.23,0.13340000,0
1506633108,22486491,4173.27,0.02700000,0
1506633108,22486490,4173.07,0.13700000,0
1506633108,22486489,4172.94,2.26655686,0
1506633108,22486488,4172.92,0.11982017,0
1506633106,22486486,4170.20,0.15600000,1
1506633105,22486485,4172.94,2.50000000,0
1506633104,22486484,4172.94,2.50000000,0
1506633093,22486481,4170.14,0.02353729,1
1506633087,22486479,4172.94,0.93040010,0
1506633087,22486478,4170.95,0.03762410,0
1506633086,22486476,4170.95,0.00778290,1
1506633064,22486471,4172.94,1.75393783,0
1506633064,22486470,4172.00,0.03585593,0
1506633058,22486466,4172.02,0.04314862,1
1506633051,22486459,4172.94,0.16703645,0
1506633049,22486457,4172.94,0.16104899,0
1506633045,22486454,4172.01,0.01457274,1
1506633038,22486450,4172.00,3.80211407,0
1506633038,22486449,4172.00,0.58020000,0
1506633032,22486445,4172.00,0.10000000,0
1506633031,22486443,4172.00,0.04993983,0
1506633030,22486441,4172.00,0.01314101,0
1506633029,22486440,4172.00,0.01276290,0
1506633029,22486439,4172.00,0.01472913,0
1506633029,22486438,4172.00,0.02052141,0
1506633029,22486437,4172.00,0.01080784,0
1506633028,22486436,4170.41,0.03439993,1
1506633028,22486435,4172.00,0.01057854,0
1506633027,22486433,4172.00,0.01440700,0
1506633026,22486431,4172.00,0.01253543,0
1506633023,22486430,4170.38,0.03827549,1
1506633018,22486428,4170.37,0.10000000,1
1506633006,22486426,4170.32,0.10000000,1
1506632999,22486419,4170.28,0.02829412,1
1506632987,22486410,4172.00,0.02000000,0
1506632987,22486408,4172.00,0.02000000,0
1506632986,22486407,4172.00,0.01194904,0
1506632983,22486406,4170.22,0.03164129,1
1506632968,22486402,4170.35,0.04707687,1
1506632953,22486399,4170.35,0.03049122,1
1506632944,22486396,4170.34,0.12095283,1
1506632927,22486390,4170.31,0.02991282,1
1506632926,22486388,4170.30,0.03600000,1
1506632912,22486377,4172.00,0.01827198,0
1506632909,22486376,4172.00,2.50000000,0
1506632908,22486375,4170.21,0.02881773,1
1506632900,22486373,4172.00,0.00559673,0
1506632899,22486372,4172.00,0.22803717,0
1506632897,22486371,4171.98,0.28020277,0
1506632890,22486369,4171.98,0.08262219,0
1506632876,22486365,4171.98,0.01214611,0
1506632875,22486363,4170.12,0.05275845,1
1506632873,22486362,4170.15,0.01998745,1
1506632868,22486361,4171.98,0.05995397,0
1506632841,22486355,4168.71,0.00323162,1
1506632815,22486349,4171.98,0.03467543,0
1506632813,22486347,4169.07,0.01932234,0
1506632808,22486344,4168.54,0.01796334,1
1506632792,22486343,4168.48,0.00598870,1
1506632790,22486340,4169.07,0.00182720,0
1506632770,22486333,4169.05,0.02621479,0
1506632758,22486330,4171.98,0.00182720,0
1506632753,22486304,4171.98,0.02857233,0
1506632753,22486303,4171.96,0.09115513,0
1506632749,22486301,4171.96,0.02869262,0
1506632729,22486294,4169.05,0.11078657,1
1506632729,22486292,4169.05,0.37949324,1
1506632728,22486288,4169.05,3.62050676,1
1506632727,22486285,4169.06,0.01149324,1
1506632710,22486271,4169.05,0.00726078,1
1506632704,22486268,4171.05,0.00236123,0
1506632703,22486266,4171.05,0.18811174,0
1506632703,22486265,4171.05,0.03429508,0
1506632689,22486261,4171.03,0.02916150,0
1506632680,22486259,4168.54,0.00200000,1
1506632668,22486255,4168.54,0.03122848,1
1506632650,22486244,4171.01,0.02839800,1
1506632649,22486243,4168.38,0.03163341,1
1506632649,22486242,4170.00,0.04690000,1
1506632649,22486241,4170.00,0.11386515,1
1506632649,22486240,4171.00,0.12760144,1
1506632642,22486235,4171.97,0.05499068,0
1506632631,22486233,4171.00,0.99399191,1
1506632631,22486232,4171.04,0.00600809,1
1506632626,22486230,4171.05,0.11074718,1
1506632618,22486229,4171.05,0.01841216,1
1506632603,22486221,4172.00,0.02263152,0
1506632593,22486216,4172.00,0.01000000,0
1506632593,22486215,4172.00,0.52177640,0
1506632580,22486208,4172.94,1.00000000,0
1506632578,22486207,4172.94,0.70208854,0
1506632578,22486206,4172.94,1.00000000,0
1506632577,22486205,4172.94,13.00000000,0
1506632577,22486203,4172.94,5.00000000,0
1506632574,22486202,4172.94,12.29770000,0
1506632570,22486201,4172.94,5.89244347,0
1506632570,22486200,4172.00,7.32755653,0
1506632563,22486196,4171.00,0.02340665,1
1506632545,22486188,4172.00,8.96273192,0
1506632544,22486187,4171.14,0.00726808,0
1506632544,22486186,4171.13,4.00000000,0
1506632533,22486175,4170.35,4.70000000,1
1506632533,22486174,4170.37,0.00208854,1
1506632528,22486172,4170.37,0.02091817,1
1506632527,22486171,4172.00,1.58121155,0
1506632517,22486168,4170.37,0.07827292,1
1506632503,22486161,4170.34,0.56571700,1
1506632497,22486153,4171.93,0.10033823,0
1506632496,22486149,4171.93,0.01457643,0
1506632493,22486143,4170.37,0.99950000,1
1506632488,22486140,4170.36,0.01932809,1
1506632486,22486134,4172.00,12.12850000,0
1506632486,22486132,4171.98,0.87150000,0
1506632483,22486125,4170.34,0.99950000,1
1506632479,22486124,4167.74,0.02752277,0
1506632476,22486121,4167.77,0.24144000,1
1506632473,22486120,4167.73,0.99950000,1
1506632463,22486117,4167.74,0.99950000,1
1506632453,22486112,4167.73,0.00001197,1
1506632452,22486111,4170.01,0.01697953,1
1506632444,22486103,4172.00,1.00000000,0
1506632442,22486102,4171.96,1.00000000,0
1506632442,22486101,4165.45,0.74178237,1
1506632441,22486100,4166.23,0.15730000,1
1506632441,22486099,4170.00,0.10041763,1
1506632439,22486097,4172.00,1.00000000,0
1506632433,22486093,4171.99,1.00000000,0
1506632432,22486092,4170.00,0.79583647,1
1506632431,22486091,4171.14,0.20366353,1
1506632430,22486089,4171.22,1.00000000,0
1506632427,22486088,4170.23,1.00000000,0
1506632426,22486087,4171.23,1.00000000,1
1506632422,22486085,4171.23,0.00194006,0
1506632421,22486084,4165.45,0.87580000,1
1506632421,22486083,4166.67,0.12370000,1
1506632413,22486078,4170.54,0.01884995,0
1506632411,22486077,4170.38,0.99950000,1
1506632410,22486075,4170.54,0.01115005,0
1506632410,22486074,4170.53,0.00131786,0
1506632410,22486072,4170.51,0.00131746,0
1506632410,22486070,4170.50,0.00131732,0
1506632410,22486068,4170.38,0.12158831,0
1506632410,22486067,4170.37,0.14400000,1
1506632408,22486066,4170.38,0.00271169,0
1506632404,22486063,4166.30,0.01250000,1
1506632403,22486061,4170.37,0.05501190,0
1506632401,22486055,4166.30,0.69357650,1
1506632401,22486054,4166.30,0.15300000,1
1506632397,22486053,4166.30,0.15300000,0
1506632392,22486049,4165.00,8.00000000,0
1506632392,22486048,4165.00,1.05922217,0
1506632386,22486043,4165.00,6.94077783,0
1506632386,22486042,4165.00,0.50000000,0
1506632386,22486040,4164.84,3.94745417,0
1506632378,22486035,4164.84,0.04198283,0
1506632369,22486033,4164.84,11.23282900,0
1506632366,22486032,4164.84,11.00000000,0
1506632355,22486027,4164.84,0.19999990,0
1506632351,22486026,4164.84,4.43317748,0
1506632344,22486022,4164.84,12.80000000,0
1506632343,22486021,4164.84,0.05000000,0
1506632339,22486019,4163.59,0.24836792,1
1506632331,22486017,4164.84,0.08276988,0
1506632320,22486012,4164.84,0.00275934,0
1506632318,22486011,4164.84,1.00000000,0
1506632316,22486007,4164.84,1.00000000,0
1506632316,22486006,4164.84,0.03572904,0
1506632313,22486003,4164.84,1.00000000,0
1506632311,22486002,4164.84,1.00000000,0
1506632308,22486000,4164.84,1.00000000,0
1506632307,22485999,4164.84,0.00786684,0
1506632291,22485987,4162.95,0.21300000,0
1506632290,22485986,4162.05,0.01400000,0
1506632290,22485985,4162.00,4.53299401,0
1506632288,22485984,4162.00,0.17605315,0
1506632287,22485983,4162.00,5.00000000,0
1506632286,22485982,4161.98,0.12013513,0
1506632266,22485977,4160.00,0.00537955,1
1506632266,22485976,4160.02,0.00804609,1
1506632251,22485975,4160.01,0.09526870,1
1506632220,22485966,4161.99,0.02435281,0
1506632216,22485964,4160.01,0.93697854,1
1506632216,22485963,4160.01,4.00000000,1
1506632216,22485962,4160.04,0.06302146,1
1506632205,22485961,4162.00,0.03933658,0
1506632199,22485959,4162.00,0.00413709,0
1506632168,22485942,4162.00,0.20260577,0
1506632161,22485938,4160.01,0.03933606,0
1506632160,22485933,4160.01,0.19946970,0
1506632158,22485927,4160.01,0.01435698,0
1506632157,22485925,4160.01,0.01184612,1
1506632117,22485912,4159.48,0.02717358,1
1506632117,22485911,4159.48,0.01680000,1
1506632092,22485905,4162.00,4.30708612,0
1506632071,22485893,4161.99,0.19838298,0
1506632013,22485854,4162.00,0.00956271,0
1506632011,22485853,4159.54,0.00600000,1
1506632004,22485846,4162.00,0.11474200,0
1506631996,22485832,4159.53,0.01069470,1
1506631949,22485817,4162.00,0.02043248,0
1506631936,22485811,4162.00,0.00314480,0
1506631930,22485809,4162.00,0.06292749,0
1506631929,22485808,4162.00,0.00689112,0
1506631929,22485807,4162.00,0.00119048,0
1506631923,22485806,4162.00,0.02204949,0
1506631907,22485800,4162.00,0.00119048,0
1506631905,22485799,4159.45,0.17760800,1
1506631877,22485793,4161.11,0.66850000,0
1506631876,22485792,4159.44,0.12020907,1
1506631873,22485791,4162.00,0.02000000,0
1506631873,22485790,4159.43,0.06892594,0
1506631872,22485789,4159.43,0.02000000,0
1506631872,22485788,4159.43,0.00431550,0
1506631868,22485787,4159.43,0.02696734,0
1506631848,22485783,4159.44,0.00314480,0
1506631847,22485782,4158.47,0.05500000,0
1506631846,22485781,4158.31,0.00266000,1
1506631844,22485778,4158.47,0.94500000,1
1506631842,22485776,4159.45,0.08273071,0
1506631834,22485774,4159.45,4.35000000,1
1506631831,22485773,4159.46,0.26827974,1
1506631831,22485772,4159.46,0.05700000,0
1506631830,22485771,4159.46,0.94300000,1
1506631803,22485763,4161.95,0.00282612,0
1506631803,22485762,4161.95,0.00256470,0
1506631791,22485757,4161.97,0.02223447,0
1506631764,22485749,4160.73,0.82605315,1
1506631758,22485745,4160.73,0.01681101,1
1506631758,22485744,4160.84,0.09665541,1
1506631757,22485742,4161.99,0.00360000,1
1506631754,22485741,4162.00,0.03804107,0
1506631729,22485736,4162.00,0.02380600,0
1506631716,22485732,4162.00,0.05661874,0
1506631711,22485726,4160.82,0.00840000,1
1506631689,22485725,4160.81,0.01440022,1
1506631685,22485722,4162.00,0.04383599,0
1506631669,22485703,4162.00,0.14558417,0
1506631660,22485694,4162.00,0.11710142,0
1506631622,22485662,4162.00,3.06252384,0
1506631601,22485652,4162.00,0.18924518,0
1506631601,22485651,4161.98,0.01214982,0
1506631594,22485649,4161.98,0.01217531,0
1506631562,22485622,4161.98,0.09581000,0
1506631554,22485618,4160.73,0.11556757,1
1506631546,22485615,4160.73,0.03356827,1
1506631546,22485614,4160.74,0.00243173,1
1506631532,22485609,4162.00,0.01155576,0
1506631527,22485606,4161.99,0.01572084,0
1506631525,22485605,4161.99,0.04213730,0
1506631514,22485601,4161.99,0.11882800,0
1506631467,22485598,4161.98,0.00275682,0
1506631425,22485590,4162.00,0.08734406,0
1506631423,22485589,4162.12,1.70000000,1
1506631396,22485587,4164.80,0.02070467,1
1506631396,22485586,4164.81,2.16816461,1
1506631396,22485585,4164.81,4.00000000,1
1506631395,22485584,4164.81,0.00131971,0
1506631393,22485583,4164.84,0.01194856,0
1506631393,22485582,4164.83,0.00131782,0
1506631393,22485581,4164.82,0.00131824,0
1506631384,22485576,4164.80,0.10900454,1
1506631383,22485575,4164.80,0.00116641,0
1506631383,22485573,4164.80,0.00327532,0
1506631382,22485572,4164.79,0.00131901,0
1506631382,22485570,4164.78,0.00467880,0
1506631380,22485569,4164.77,0.00131956,0
1506631341,22485563,4162.18,0.02406800,1
1506631332,22485561,4164.84,0.01274316,0
1506631324,22485559,4164.80,1.20364964,0
1506631272,22485499,4164.84,0.05482280,0
1506631272,22485498,4164.83,0.00372130,0
1506631272,22485497,4164.82,0.00131676,0
1506631272,22485496,4164.81,0.00131811,0
1506631271,22485495,4164.80,0.00131797,0
1506631264,22485487,4164.84,0.01807992,0
1506631264,22485486,4164.82,0.00131828,0
1506631264,22485485,4164.81,0.00131772,0
1506631263,22485484,4164.80,0.00131705,0
1506631246,22485480,4164.84,0.81928075,0
1506631246,22485479,4164.78,4.17808339,0
1506631246,22485478,4164.76,0.00131713,0
1506631246,22485477,4164.75,0.00131873,0
1506631233,22485475,4164.76,0.87365456,1
1506631231,22485474,4164.76,0.12190400,1
1506631219,22485472,4164.84,0.00953035,0
1506631219,22485471,4164.83,0.00131689,0
1506631219,22485470,4164.82,0.00131968,0
1506631208,22485464,4164.84,0.19868110,0
1506631207,22485463,4164.82,0.00131890,0
1506631207,22485462,4164.84,0.04034488,0
1506631206,22485461,4164.83,0.00131800,0
1506631206,22485460,4164.82,0.00131733,0
1506631206,22485459,4164.81,0.00131946,0
1506631206,22485458,4164.81,0.00131773,1
1506631205,22485457,4164.80,0.00131678,1
1506631205,22485456,4164.78,0.00131692,0
1506631205,22485455,4164.77,0.00419875,0
1506631204,22485454,4164.76,0.00444144,0
1506631203,22485453,4164.75,0.00131958,0
1506631203,22485452,4164.74,0.00131747,1
1506631171,22485443,4163.01,0.01033182,1
1506631136,22485426,4164.00,1.00000000,0
1506631130,22485425,4163.00,0.06575456,0
1506631130,22485424,4163.00,0.40000000,0
1506631118,22485414,4162.00,1.00000000,0
1506631118,22485413,4162.00,6.00000000,0
1506631110,22485409,4162.00,1.00000000,0
1506631107,22485405,4161.99,0.00132011,0
1506631101,22485404,4161.95,0.00131826,0
1506631097,22485403,4161.94,0.00132064,1
1506631097,22485402,4161.94,0.00132036,0
1506631097,22485401,4161.93,0.00131824,0
1506631088,22485393,4160.84,0.05100000,0
1506631083,22485392,4160.83,0.00132085,0
1506631071,22485387,4160.81,0.00132102,0
1506631066,22485383,4160.79,0.00131984,0
1506631066,22485382,4160.79,0.20402797,0
1506631061,22485381,4160.78,0.00131958,0
1506631057,22485377,4160.77,0.00131851,0
1506631055,22485369,4160.79,0.01297203,0
1506631055,22485368,4160.78,0.98438600,0
1506631055,22485367,4160.78,0.00132132,0
1506631054,22485366,4160.77,0.00132065,0
1506631050,22485364,4160.73,0.00131907,1
1506631049,22485363,4160.73,0.00444393,0
1506631044,22485362,4160.72,0.00131867,0
1506631034,22485359,4160.00,3.36296898,0
1506631027,22485354,4159.45,0.98438600,1
1506631025,22485353,4160.00,1.00000000,0
1506631024,22485352,4160.00,4.08708006,0
1506631023,22485351,4160.00,3.31052732,0
1506631023,22485350,4160.00,5.00000000,0
1506631017,22485349,4160.00,15.21901321,0
1506631017,22485348,4159.99,0.00131967,0
1506631017,22485347,4159.98,0.00131993,0
1506631016,22485346,4159.97,0.00132075,0
1506630991,22485344,4157.52,0.00721787,1
1506630968,22485328,4160.00,0.02041043,0
1506630967,22485327,4159.98,0.00132160,0
1506630967,22485326,4159.96,0.00131984,0
1506630967,22485325,4159.95,0.00131930,0
1506630955,22485319,4159.97,1.26803319,1
1506630953,22485318,4159.97,1.20594497,1
1506630941,22485312,4158.73,0.03153721,0
1506630930,22485310,4158.24,0.00088029,0
1506630930,22485309,4158.23,0.00132211,0
1506630928,22485308,4158.22,0.00131889,0
1506630923,22485303,4156.97,0.14824224,0
1506630921,22485302,4156.97,0.01105776,0
1506630919,22485301,4156.95,0.14500000,0
1506630918,22485300,4156.85,4.00068496,0
1506630918,22485299,4156.57,0.32800000,0
1506630915,22485297,4154.99,0.02602184,1
1506630915,22485296,4155.00,0.00236578,1
1506630913,22485294,4155.00,0.09847515,0
1506630912,22485293,4155.00,3.89915907,0
1506630882,22485283,4155.00,0.25261400,0
1506630877,22485281,4155.00,0.11970300,0
1506630872,22485280,4155.00,0.11970300,0
1506630862,22485279,4155.00,0.24072100,0
1506630857,22485278,4155.00,0.01381554,0
1506630852,22485273,4155.00,0.00550216,0
1506630846,22485267,4155.00,0.04540569,0
1506630821,22485254,4155.00,0.07071397,0
1506630812,22485253,4155.00,0.00283139,0
1506630809,22485252,4152.87,0.05000000,1
1506630791,22485251,4155.00,0.50000000,0
1506630789,22485250,4155.00,2.28849222,0
1506630788,22485247,4155.00,0.21150778,0
1506630783,22485245,4154.99,0.54000300,0
1506630783,22485244,4154.99,0.02743900,0
1506630756,22485237,4154.00,0.05262244,0
1506630754,22485236,4154.00,0.19737756,1
1506630745,22485235,4154.98,0.02989948,0
1506630745,22485234,4154.01,0.01164252,0
1506630728,22485229,4154.00,0.07420000,1
1506630674,22485216,4154.04,0.00535748,1
1506630665,22485210,4155.00,0.11043321,0
1506630657,22485203,4154.99,0.05468667,0
1506630650,22485200,4154.99,0.00241000,0
1506630616,22485195,4154.00,0.02842244,1
1506630615,22485194,4154.99,0.01586600,1
1506630612,22485191,4154.03,0.10338300,1
1506630603,22485184,4155.00,0.08850000,0
1506630556,22485144,4155.00,0.03089797,0
1506630543,22485143,4153.29,0.12143335,0
1506630543,22485142,4151.23,0.10428965,0
1506630525,22485137,4151.23,0.02930064,0
1506630484,22485115,4151.23,0.09579800,0
1506630482,22485114,4149.86,0.02651000,1
1506630468,22485111,4151.23,0.02761171,0
1506630467,22485110,4149.28,0.02530500,1
1506630423,22485098,4149.89,0.11056919,0
1506630408,22485095,4149.86,0.06308023,0
1506630407,22485094,4149.86,0.04938000,0
1506630392,22485090,4149.87,0.02828334,0
1506630352,22485084,4149.84,0.25000000,0
1506630348,22485083,4148.43,0.80000000,1
1506630348,22485082,4148.43,0.20000000,1
1506630340,22485081,4148.44,0.60306704,1
1506630336,22485079,4153.69,1.11641201,0
1506630336,22485078,4153.69,0.00132269,0
1506630336,22485077,4153.68,0.00132070,0
1506630333,22485076,4148.44,0.09593296,1
1506630328,22485074,4148.44,1.00000000,1
1506630326,22485073,4148.78,1.00000000,1
1506630317,22485071,4148.78,0.59000000,1
1506630316,22485070,4149.00,0.12100000,1
1506630314,22485065,4148.78,0.05300000,1
1506630314,22485064,4148.79,0.94700000,1
1506630312,22485062,4148.79,1.00000000,1
1506630309,22485061,4148.78,1.00000000,1
1506630292,22485057,4151.05,0.00200000,0
1506630292,22485056,4151.05,0.75627900,0
1506630291,22485055,4151.11,0.15910000,0
1506630291,22485054,4151.12,0.16370000,1
1506630291,22485053,4153.52,0.13453408,1
1506630289,22485051,4153.61,0.09952412,1
1506630260,22485037,4157.76,0.31548226,1
1506630259,22485036,4157.76,0.00444760,0
1506630259,22485035,4157.70,0.00132027,0
1506630258,22485034,4157.69,0.00132254,0
1506630258,22485033,4157.68,0.00132228,0
1506630258,22485032,4157.64,0.00150505,0
1506630258,22485031,4157.64,0.00150048,0
1506630240,22485028,4157.75,2.81776797,0
1506630240,22485027,4157.75,0.00132203,0
1506630239,22485026,4157.72,4.00000000,0
1506630239,22485025,4157.72,0.00132137,0
1506630239,22485024,4157.68,0.00132164,0
1506630213,22485017,4158.09,0.12708428,0
1506630213,22485016,4158.09,0.00131893,0
1506630211,22485015,4153.56,0.01637742,1
1506630184,22485009,4158.65,0.01239974,0
1506630184,22485008,4158.65,0.00132026,0
1506630155,22484991,4159.33,0.01158356,0
1506630155,22484990,4159.32,0.00132024,0
1506630155,22484989,4159.32,0.00132157,0
1506630155,22484988,4159.31,0.00132076,0
1506630155,22484987,4159.30,0.00131863,0
1506630155,22484986,4159.29,0.00132209,0
1506630154,22484985,4158.81,0.00132121,0
1506630154,22484984,4158.79,0.00132219,0
1506630148,22484975,4153.52,1.09670210,1
1506630148,22484972,4154.35,0.10000000,1
1506630138,22484966,4159.33,0.04536788,0
1506630138,22484965,4158.82,0.00132148,0
1506630137,22484964,4157.56,0.00131989,1
1506630137,22484963,4157.28,0.02300000,0
1506630137,22484962,4157.27,0.00132123,0
1506630136,22484961,4157.26,0.00131990,0
1506630126,22484957,4158.83,0.06678192,1
1506630126,22484956,4158.81,0.00132142,1
1506630123,22484953,4158.85,0.04765833,0
1506630123,22484952,4158.50,0.00324589,0
1506630123,22484951,4158.49,0.00132145,0
1506630123,22484950,4157.55,0.00131963,0
1506630123,22484949,4156.90,0.00132170,0
1506630114,22484947,4153.50,0.31884050,1
1506630113,22484946,4155.37,0.00132232,0
1506630113,22484945,4155.00,3.12033781,0
1506630105,22484942,4153.50,0.09095450,1
1506630104,22484941,4155.00,12.87966219,0
1506630104,22484940,4154.97,0.12033781,0
1506630097,22484931,4153.88,0.00940349,0
1506630093,22484930,4151.12,0.51779891,1
1506630093,22484929,4151.15,0.48170109,1
1506630083,22484925,4151.05,0.10794600,1
1506630073,22484912,4151.05,0.01995835,1
1506630072,22484910,4151.05,0.99950000,1
1506630063,22484905,4153.88,0.00411500,0
1506630062,22484902,4151.05,0.48175900,1
1506630050,22484900,4151.05,0.99950000,1
1506629984,22484894,4153.87,0.00010159,0
1506629984,22484893,4153.86,0.00132141,0
1506629973,22484889,4149.08,0.00158772,0
1506629961,22484886,4153.88,0.01848151,0
1506629960,22484885,4153.87,0.00132277,0
1506629960,22484884,4153.86,0.00156391,0
1506629959,22484882,4153.85,0.00132203,1
1506629958,22484881,4153.85,0.00132350,0
1506629944,22484880,4154.96,0.00566848,0
1506629944,22484879,4154.94,0.00300619,0
1506629944,22484878,4154.93,0.00132014,0
1506629943,22484876,4154.92,0.00348611,0
1506629943,22484875,4154.91,0.00132013,0
1506629943,22484874,4154.90,0.00445149,0
1506629943,22484873,4154.89,0.00132346,0
1506629900,22484861,4154.98,0.10802765,0
1506629900,22484860,4154.98,0.00132104,0
1506629844,22484809,4150.45,0.01622618,0
1506629844,22484808,4150.45,7.00000000,0
1506629842,22484807,4150.45,2.86990000,0
1506629841,22484806,4153.48,0.13785462,1
1506629823,22484798,4156.02,0.00893000,0
1506629809,22484794,4153.42,0.01410000,1
1506629774,22484779,4153.41,0.01600000,1
1506629770,22484778,4153.40,0.01608940,1
1506629759,22484776,4155.00,3.42298042,0
1506629759,22484775,4154.99,0.00132304,0
1506629759,22484774,4154.91,0.00132132,0
1506629757,22484773,4155.00,12.57701958,0
1506629757,22484772,4154.99,0.12033723,0
1506629756,22484771,4154.93,0.00132000,0
1506629756,22484770,4154.92,0.00132319,0
1506629751,22484768,4153.37,2.50000000,1
1506629737,22484760,4151.26,0.00603365,1
1506629713,22484745,4151.50,2.50000000,1
1506629708,22484743,4156.67,0.10000000,1
1506629705,22484742,4162.00,0.22025111,1
1506629705,22484740,4162.00,0.00131906,0
1506629704,22484739,4161.98,0.00131787,0
1506629703,22484735,4153.74,0.27116038,1
1506629702,22484734,4159.36,0.13363962,1
1506629690,22484731,4153.72,0.29968669,1
1506629690,22484730,4153.75,0.52722891,1
1506629689,22484729,4159.34,0.83855362,1
1506629689,22484728,4159.35,1.13421747,1
1506629680,22484721,4162.14,0.02678683,0
1506629680,22484720,4162.14,0.00132117,0
1506629672,22484716,4159.34,0.00132075,0
1506629671,22484715,4159.34,0.16012563,0
1506629669,22484714,4159.30,0.06895590,1
1506629669,22484713,4159.31,1.00000000,1
1506629666,22484712,4159.34,0.35600282,0
1506629664,22484710,4159.34,0.00387155,0
1506629664,22484709,4159.33,0.00156064,1
1506629663,22484707,4159.33,0.09295350,1
1506629663,22484706,4159.33,0.00132066,0
1506629663,22484705,4159.31,0.44885300,0
1506629657,22484696,4159.31,0.00131919,0
1506629657,22484695,4159.30,0.00132095,0
1506629657,22484694,4159.29,0.00131949,0
1506629657,22484693,4159.28,0.00180171,0
1506629648,22484691,4156.06,0.02800000,1
1506629645,22484690,4159.32,0.10899610,0
1506629645,22484689,4159.31,0.00132013,0
1506629643,22484686,4159.32,0.56363990,0
1506629639,22484679,4160.47,0.92861864,0
1506629639,22484677,4160.32,0.27077779,1
1506629639,22484676,4160.32,0.00789843,1
1506629639,22484675,4160.00,0.00200000,0
1506629639,22484674,4160.00,0.04224592,0
1506629638,22484673,4159.96,0.00543406,0
1506629638,22484672,4159.96,0.00132172,1
1506629638,22484671,4156.08,0.02900000,0
1506629637,22484670,4156.07,0.00348600,0
1506629637,22484669,4156.06,0.00132168,1
1506629636,22484668,4156.04,0.00132184,0
1506629611,22484653,4156.00,2.17440875,0
1506629610,22484652,4155.99,0.00131990,0
1506629609,22484650,4156.00,5.00000000,0
1506629608,22484648,4156.00,0.99867901,0
1506629608,22484647,4155.99,0.00132099,0
1506629606,22484643,4156.00,7.00000000,0
1506629605,22484642,4156.00,1.00000000,0
1506629602,22484641,4156.00,1.20067613,0
1506629599,22484639,4156.00,0.01498563,0
1506629596,22484636,4155.99,0.00132300,0
1506629594,22484635,4156.00,1.00000000,0
1506629593,22484634,4156.00,0.07959650,0
1506629593,22484633,4155.99,0.00132055,0
1506629585,22484631,4156.00,0.11040664,0
1506629585,22484630,4156.00,0.00432386,0
1506629585,22484629,4155.98,0.00132145,0
1506629583,22484627,4155.97,0.00156354,0
1506629581,22484625,4155.74,0.05000000,1
1506629580,22484624,4155.73,0.00132046,0
1506629575,22484623,4155.74,1.20075125,0
1506629574,22484622,4151.41,0.00132081,1
1506629574,22484621,4151.41,0.70807919,1
1506629573,22484619,4151.40,0.00132224,0
1506629573,22484618,4151.39,0.00132157,0
1506629564,22484617,4151.26,0.00175730,1
1506629558,22484616,4150.17,0.35146057,1
1506629558,22484615,4154.67,0.00242212,1
1506629556,22484614,4156.00,0.21835046,0
1506629556,22484613,4156.00,0.74582760,0
1506629556,22484612,4156.00,0.00132110,1
1506629556,22484611,4155.99,0.00132150,0
1506629555,22484610,4155.98,0.00132030,0
1506629555,22484609,4155.98,0.04475400,1
1506629555,22484607,4154.07,0.00132143,0
1506629554,22484606,4152.37,0.40516785,1
1506629554,22484605,4152.37,0.00132092,0
1506629548,22484601,4156.00,0.45274542,0
1506629548,22484600,4155.98,2.41010000,1
1506629547,22484599,4155.94,0.12030973,0
1506629547,22484598,4153.59,0.09000000,0
1506629547,22484597,4153.59,0.01958338,0
1506629546,22484596,4152.33,0.23900000,0
1506629546,22484595,4152.33,0.00132186,0
1506629546,22484594,4149.54,0.20000000,1
1506629544,22484592,4149.49,1.47511603,0
1506629542,22484591,4151.41,0.52928397,1
1506629542,22484590,4151.41,0.42580000,1
1506629530,22484586,4151.40,2.50000000,1
1506629528,22484585,4151.40,1.41157008,1
1506629528,22484584,4155.97,0.99542992,1
1506629527,22484583,4155.96,0.00324725,0
1506629527,22484582,4155.95,0.00132283,0
1506629525,22484581,4152.53,0.26669461,1
1506629525,22484580,4153.60,0.12138083,1
1506629524,22484579,4155.97,1.00000000,0
1506629524,22484577,4155.97,0.22177858,1
1506629523,22484576,4155.97,0.97890622,0
1506629523,22484575,4155.97,0.22321624,0
1506629522,22484574,4155.98,0.99735949,1
1506629522,22484572,4155.98,0.00132059,0
1506629522,22484570,4155.97,0.00131992,0
1506629520,22484569,4155.86,0.99964000,1
1506629518,22484568,4152.15,1.21961537,1
1506629518,22484567,4155.82,1.00000000,1
1506629518,22484566,4155.86,0.19038463,1
1506629517,22484565,4155.86,0.00132250,1
1506629516,22484564,4155.86,0.20000000,0
1506629514,22484563,4157.20,0.79867708,0
1506629513,22484562,4155.87,0.20000000,0
1506629513,22484561,4155.81,0.00132292,0
1506629509,22484560,4157.21,0.72132378,0
1506629507,22484558,4153.59,0.04500000,0
1506629507,22484557,4153.58,0.00132245,0
1506629505,22484556,4153.01,0.00132399,1
1506629505,22484555,4151.26,0.97854259,0
1506629504,22484554,4151.26,0.20000000,0
1506629503,22484553,4151.26,0.23045741,0
1506629503,22484552,4152.99,1.00000000,1
1506629500,22484551,4153.00,0.00132332,1
1506629499,22484550,4153.00,0.06575456,0
1506629499,22484549,4152.99,0.00132132,0
1506629494,22484548,4151.87,0.00132182,1
1506629493,22484547,4151.86,0.12042795,0
1506629493,22484546,4151.85,0.00132250,0
1506629491,22484545,4152.00,2.37020750,0
1506629490,22484544,4152.00,6.99867821,0
1506629490,22484543,4151.86,0.00132179,0
1506629486,22484542,4151.83,0.00132420,1
1506629485,22484541,4151.83,0.00132405,0
1506629485,22484540,4151.82,0.00132434,0
1506629485,22484539,4151.81,0.00132193,0
1506629465,22484532,4151.13,0.18332374,1
1506629465,22484531,4151.41,0.01667626,1
1506629464,22484530,4151.88,0.00181317,0
1506629464,22484529,4151.87,0.00132307,0
1506629464,22484528,4151.86,0.00372976,0
1506629461,22484527,4149.13,0.04747700,1
1506629458,22484526,4151.90,0.45414874,0
1506629458,22484525,4151.90,0.00132302,0
1506629458,22484524,4151.89,0.00132357,0
1506629445,22484518,4151.92,1.20185601,0
1506629441,22484516,4151.37,0.45044766,0
1506629440,22484515,4149.96,0.00132279,0
1506629439,22484514,4151.37,0.06955234,0
1506629439,22484513,4149.97,0.00132158,0
1506629439,22484512,4149.12,0.02065830,0
1506629436,22484511,4149.98,0.01232371,0
1506629436,22484510,4149.97,0.00156290,0
1506629435,22484509,4150.00,0.07221370,0
1506629435,22484508,4149.99,0.00132434,0
1506629434,22484507,4149.98,0.00132486,0
1506629423,22484505,4150.00,0.26561070,1
1506629421,22484504,4150.00,1.07838634,1
1506629420,22484502,4150.00,1.15209596,0
1506629420,22484501,4149.99,0.00132330,0
1506629420,22484500,4149.97,0.00132425,0
1506629417,22484499,4147.20,0.00132476,0
1506629407,22484494,4150.00,0.02343565,0
1506629406,22484493,4147.99,0.15690000,0
1506629406,22484492,4147.44,0.03800000,0
1506629405,22484491,4147.43,0.00132265,0
1506629405,22484490,4147.42,0.00132507,1
1506629405,22484489,4147.22,0.00132391,0
1506629403,22484487,4147.06,0.00132333,0
1506629397,22484484,4146.65,0.06309305,0
1506629396,22484483,4142.85,0.00000465,0
1506629388,22484481,4142.85,0.02846506,0
1506629368,22484477,4147.11,0.05207359,0
1506629368,22484476,4147.10,0.00132518,0
1506629346,22484471,4143.44,1.14147939,0
1506629338,22484464,4143.77,0.14750000,1
1506629330,22484463,4145.39,0.00121559,1
1506629319,22484462,4147.00,0.12127262,0
1506629317,22484461,4147.00,0.48250000,1
1506629317,22484460,4147.02,1.51097889,1
1506629308,22484456,4147.01,0.02978947,1
1506629289,22484440,4147.00,0.01750000,1
1506629283,22484438,4150.00,0.00558650,0
1506629283,22484437,4149.72,0.00002058,0
1506629283,22484436,4149.71,0.00132196,0
1506629283,22484435,4149.70,0.00132396,0
1506629274,22484433,4149.72,0.04191542,0
1506629274,22484431,4149.71,0.00421348,0
1506629274,22484430,4149.70,0.00132466,0
1506629274,22484429,4149.62,0.00397541,0
1506629233,22484422,4149.72,0.02006400,0
1506629232,22484420,4149.71,0.00397371,0
1506629200,22484412,4149.89,0.00920189,1
1506629199,22484411,4149.89,0.00132322,0
1506629189,22484409,4145.11,0.00162289,1
1506629189,22484408,4145.11,0.00191804,1
1506629187,22484393,4145.11,1.62062800,1
1506629187,22484392,4145.14,0.87937200,1
1506629174,22484389,4146.20,0.05500000,0
1506629172,22484388,4145.00,0.61744204,0
1506629172,22484387,4145.00,7.00000000,0
1506629169,22484385,4145.00,12.05906075,0
1506629168,22484384,4145.00,1.14093925,0
1506629168,22484383,4145.00,0.01389921,0
1506629165,22484379,4145.00,0.02213992,0
1506629163,22484378,4143.28,0.01400000,0
1506629159,22484376,4143.25,0.07077399,0
1506629159,22484375,4143.00,0.06575456,0
1506629159,22484374,4143.00,1.35982212,0
1506629156,22484373,4143.00,0.51412800,0
1506629136,22484351,4143.00,0.01136700,0
1506629107,22484348,4143.00,0.00201933,0
1506629104,22484346,4143.00,0.02737900,0
1506629098,22484343,4142.99,0.08306911,0
1506629095,22484339,4143.00,0.05316263,0
1506629083,22484337,4142.99,0.00210000,1
1506629064,22484329,4143.00,0.02799892,0
1506629060,22484326,4142.99,2.49790000,1
1506629043,22484319,4143.00,0.00412300,0
1506629038,22484317,4141.41,0.02308000,1
1506629038,22484316,4141.48,0.01321481,1
1506629038,22484315,4141.48,0.01678519,1
1506629034,22484313,4143.24,0.01321481,0
1506629034,22484312,4143.24,0.01678519,0
1506629033,22484311,4143.24,0.01321481,0
1506629033,22484310,4143.24,0.01808238,0
1506629032,22484309,4143.25,0.01678519,0
1506629031,22484308,4143.25,0.01321481,0
1506629031,22484307,4143.24,0.01678519,0
1506629030,22484306,4143.24,0.03000000,0
1506629028,22484305,4143.24,0.03000000,0
1506629027,22484303,4143.24,0.03000000,0
1506629026,22484300,4141.41,0.21514500,1
1506629026,22484299,4143.18,0.03000000,1
1506629025,22484298,4143.24,0.01389331,0
1506629017,22484294,4141.41,3.56410000,1
1506629017,22484292,4141.42,2.40590000,1
1506629017,22484291,4143.11,0.03000000,1
1506629016,22484290,4143.24,0.24082602,0
1506629015,22484289,4143.24,0.24075361,0
1506628998,22484286,4141.52,1.24206519,1
1506628998,22484285,4141.71,0.49563639,1
1506628998,22484284,4141.73,0.87150000,1
1506628998,22484283,4143.11,0.03000000,1
1506628996,22484282,4143.04,0.09000000,1
1506628995,22484281,4143.11,0.03000000,1
1506628994,22484279,4143.11,0.03000000,1
1506628993,22484278,4143.04,4.00000000,1
1506628992,22484277,4143.42,0.03000000,1
1506628987,22484276,4143.25,0.03000000,1
1506628981,22484270,4145.00,0.24241041,0
1506628981,22484269,4144.99,0.00132532,0
1506628978,22484268,4142.35,0.71415958,1
1506628978,22484267,4143.35,0.03000000,1
1506628976,22484266,4143.03,4.25584042,1
1506628974,22484265,4143.03,0.67415958,1
1506628974,22484263,4143.29,0.09661322,1
1506628974,22484262,4143.35,0.03000000,1
1506628971,22484259,4143.18,0.03000000,1
1506628971,22484258,4143.28,0.94900000,1
1506628963,22484255,4144.98,0.00210000,0
1506628962,22484254,4144.99,0.01739203,0
1506628962,22484253,4144.99,0.01617515,1
1506628961,22484252,4144.99,0.00132376,0
1506628955,22484248,4144.99,0.48550798,1
1506628954,22484245,4144.99,0.00132336,0
1506628954,22484244,4144.98,0.00229146,0
1506628954,22484243,4144.96,0.01067727,0
1506628952,22484238,4145.00,0.49401368,0
1506628952,22484235,4144.98,0.00132482,0
1506628952,22484234,4144.97,0.00446157,0
1506628949,22484233,4144.99,0.00802841,0
1506628948,22484232,4144.97,0.00132309,0
1506628948,22484231,4144.96,0.00132497,0
1506628931,22484219,4144.99,0.06228092,0
1506628931,22484218,4144.99,0.08679115,0
1506628930,22484217,4145.00,0.00323235,0
1506628930,22484216,4144.99,0.08012392,0
1506628929,22484215,4144.99,0.04050363,0
1506628928,22484214,4145.00,0.08336518,0
1506628882,22484174,4144.17,0.11051434,0
1506628874,22484173,4147.83,0.08500000,0
1506628861,22484165,4145.45,0.01290608,1
1506628858,22484164,4145.43,0.08250000,1
1506628857,22484162,4147.99,0.06274910,0
1506628834,22484157,4144.70,0.22249844,1
1506628834,22484156,4145.87,0.11051434,1
1506628834,22484155,4146.12,0.03498090,1
1506628833,22484154,4147.00,0.63200632,1
1506628823,22484149,4147.00,0.36799368,1
1506628812,22484148,4146.03,0.03105091,1
1506628807,22484147,4152.00,1.13984140,0
1506628806,22484146,4151.95,0.00132191,1
1506628804,22484145,4151.40,0.11051434,0
1506628802,22484141,4152.00,0.08675700,0
1506628802,22484140,4151.99,0.00132116,0
1506628802,22484139,4151.98,0.00132437,0
1506628802,22484138,4151.97,0.00132375,0
1506628802,22484137,4151.96,0.00132397,0
1506628802,22484136,4149.40,0.00132492,0
1506628801,22484135,4149.28,0.00397401,0
1506628767,22484118,4152.00,9.40451589,0
1506628767,22484117,4151.01,0.52000000,0
1506628767,22484116,4151.01,0.64100000,1
1506628766,22484115,4151.00,0.00349130,1
1506628766,22484114,4148.79,0.12090000,0
1506628766,22484113,4148.60,0.00132239,0
1506628765,22484112,4148.59,0.00132268,0
1506628765,22484111,4148.58,0.00132353,0
1506628764,22484110,4146.21,0.03100000,0
1506628764,22484109,4146.05,0.06900000,0
1506628764,22484108,4146.00,0.90400000,0
1506628753,22484102,4144.38,0.14652208,1
1506628748,22484100,4145.99,1.00000000,0
1506628745,22484098,4146.00,1.00000000,0
1506628743,22484096,4146.00,0.09600000,0
1506628741,22484095,4144.35,0.01085000,1
1506628739,22484094,4144.35,0.88572017,0
1506628716,22484086,4144.35,0.12771373,0
1506628714,22484084,4143.53,0.01600000,1
1506628711,22484083,4144.35,0.11165269,0
1506628704,22484081,4143.44,0.05000000,0
1506628685,22484077,4144.33,0.05018526,0
1506628666,22484071,4143.93,0.24123683,1
1506628657,22484066,4144.35,0.07892135,0
1506628648,22484061,4144.35,0.01334972,0
1506628641,22484059,4144.35,0.00354368,0
1506628638,22484057,4144.33,0.00430000,0
1506628636,22484056,4144.33,0.02771151,0
1506628633,22484054,4144.33,0.01419047,0
1506628628,22484049,4144.33,2.40900000,0
1506628607,22484046,4143.02,0.09091392,1
1506628607,22484045,4143.07,0.03000000,1
1506628604,22484044,4144.35,1.14017428,0
1506628600,22484037,4144.35,3.13892438,0
1506628597,22484034,4144.35,0.50000000,1
1506628597,22484033,4144.38,4.00000000,1
1506628593,22484032,4144.38,0.01334972,0
1506628581,22484028,4149.70,0.51077301,1
1506628577,22484025,4149.24,0.00132439,0
1506628577,22484024,4149.21,0.00325284,0
1506628571,22484023,4150.00,0.00966152,0
1506628571,22484022,4149.41,0.10100000,0
1506628571,22484021,4149.34,0.00132175,0
1506628571,22484020,4149.33,0.00132470,0
1506628571,22484019,4149.26,0.00132273,0
1506628566,22484014,4149.26,1.13794535,1
1506628565,22484012,4149.25,0.00132447,0
1506628565,22484011,4149.24,0.00132233,0
1506628563,22484009,4149.23,0.00132233,0
1506628515,22484001,4144.88,0.35816961,0
1506628513,22484000,4145.06,0.07261408,1
1506628477,22483992,4149.70,0.00144708,0
1506628477,22483991,4149.69,0.00132285,0
1506628453,22483990,4144.98,0.08838863,1
1506628450,22483989,4145.00,0.01999983,0
1506628450,22483988,4144.98,0.00999983,1
1506628449,22483985,4144.98,0.03044100,1
1506628446,22483984,4149.88,0.37179120,1
1506628445,22483982,4149.86,0.00132332,0
1506628445,22483979,4149.85,0.00349236,1
1506628444,22483978,4149.83,0.00132375,0
1506628444,22483977,4148.06,0.00954630,0
1506628444,22483976,4145.04,0.16759440,0
1506628442,22483975,4145.00,0.00999983,0
1506628426,22483941,4145.04,0.01107599,0
1506628417,22483940,4145.04,0.00553799,0
1506628417,22483939,4145.04,0.01579162,0
1506628399,22483934,4148.03,0.00276991,0
1506628397,22483933,4148.03,0.13047000,0
1506628383,22483931,4148.05,0.22364190,0
1506628341,22483927,4145.14,0.00224900,1
1506628338,22483926,4148.06,0.02932300,0
1506628322,22483915,4148.06,0.05813070,0
1506628322,22483914,4147.00,0.00504221,0
1506628305,22483910,4146.99,0.02208800,0
1506628277,22483901,4145.64,0.12062800,1
1506628266,22483894,4147.00,0.05000000,0
1506628264,22483893,4147.00,0.06872400,0
1506628245,22483888,4147.00,0.01578147,0
1506628233,22483879,4145.46,0.08150000,1
1506628211,22483874,4147.00,0.00562591,0
1506628203,22483867,4147.00,0.02212925,0
1506628171,22483855,4147.00,0.00135529,0
1506628170,22483853,4147.00,0.06522305,0
1506628169,22483852,4147.00,0.02828309,0
1506628157,22483845,4147.00,0.04848890,0
1506628155,22483842,4147.00,0.00692767,0
1506628143,22483836,4147.00,0.11064625,0
1506628138,22483834,4147.00,0.06317291,0
1506628115,22483831,4147.73,0.00860000,1
1506628105,22483828,4146.80,0.90088984,1
1506628103,22483827,4145.76,0.09900000,0
1506628086,22483824,4153.91,0.21742753,1
1506628085,22483823,4152.47,0.00252608,1
1506628085,22483822,4152.24,0.00132164,0
1506628083,22483821,4149.82,0.00204788,0
1506628080,22483819,4152.30,1.38053860,0
1506628080,22483818,4152.27,0.76405039,0
1506628080,22483817,4149.90,0.50000000,0
1506628080,22483816,4149.86,0.00132510,0
1506628079,22483815,4149.83,0.00132447,0
1506628079,22483814,4147.55,0.12000000,0
1506628079,22483813,4147.46,0.00132501,0
1506628079,22483812,4145.48,0.02059220,0
1506628079,22483811,4145.00,0.12034101,0
1506628079,22483810,4144.96,0.12062843,0
1506628042,22483790,4145.00,0.01290000,0
1506628027,22483784,4145.45,0.25535980,1
1506628027,22483782,4145.51,0.11023010,1
1506628027,22483779,4145.56,0.00116909,1
1506628025,22483778,4145.56,0.02883091,1
1506628011,22483777,4146.19,0.09824561,0
1506628010,22483776,4146.19,0.01720000,1
1506628009,22483775,4146.20,0.11152787,0
1506628001,22483774,4145.50,0.00929547,1
1506627997,22483772,4146.19,2.50000000,0
1506627995,22483770,4146.19,0.01341600,1
1506627995,22483769,4146.19,0.01581100,1
1506627987,22483763,4146.20,0.31723825,0
1506627983,22483758,4146.29,0.20595676,0
1506627978,22483754,4146.29,0.99960015,0
1506627977,22483753,4146.29,0.03471876,0
1506627960,22483743,4146.49,0.02566879,0
1506627945,22483741,4146.50,0.00618211,0
