date,tid,price,amount,type
1506643220,22490338,0.07227601,1.31270000,1
1506643220,22490337,0.07230000,0.50000000,1
1506643213,22490333,0.07230000,0.25000000,1
1506643213,22490331,0.07230001,0.51100255,1
1506643205,22490320,0.07229001,1.60630000,1
1506643205,22490319,0.07230000,0.20690000,1
1506642964,22490242,0.07243396,0.09320000,0
1506642963,22490239,0.07242000,0.20680000,0
1506642500,22490112,0.07230001,0.00002463,0
1506642498,22490110,0.07230001,0.64796437,0
1506642127,22489995,0.07225400,2.99403096,1
1506642127,22489994,0.07225401,0.12826004,1
1506642121,22489992,0.07245992,0.32000000,0
1506642114,22489991,0.07228000,0.20680000,1
1506642106,22489990,0.07226900,1.18560000,1
1506642106,22489989,0.07230000,0.50000000,1
1506642106,22489988,0.07230000,0.12900000,1
1506642105,22489987,0.07230000,0.12100000,1
1506642102,22489986,0.07230011,2.16349384,1
1506642034,22489983,0.07230016,0.43630200,1
1506641936,22489957,0.07240010,1.00000000,0
1506641936,22489955,0.07239500,5.00000000,0
1506641869,22489922,0.07222841,0.19800000,1
1506641316,22489773,0.07234900,1.07235000,0
1506641310,22489772,0.07234900,1.96382500,0
1506641306,22489771,0.07234897,2.32505841,0
1506641306,22489770,0.07230000,1.00568159,0
1506641021,22489689,0.07224001,0.12182000,0
1506641008,22489674,0.07224009,7.27660445,1
1506640999,22489660,0.07239995,0.90855035,0
1506640996,22489659,0.07239996,0.47263838,0
1506640921,22489619,0.07237985,0.18749100,0
1506639929,22489364,0.07226979,0.41407592,0
1506639855,22489337,0.07227007,1.07193915,0
1506639855,22489336,0.07227006,0.21706085,0
1506639849,22489332,0.07226494,0.22300000,0
1506639838,22489330,0.07225256,2.77000000,0
1506639786,22489318,0.07210953,0.24093000,1
1506639785,22489317,0.07210953,0.23841079,1
1506639494,22489235,0.07210494,0.10990000,1
1506639387,22489178,0.07218411,1.00000000,1
1506639311,22489152,0.07227007,1.00000000,1
1506639265,22489126,0.07227007,0.42993413,1
1506639241,22489109,0.07231037,1.42600000,1
1506639225,22489104,0.07235607,0.20360000,0
1506639222,22489095,0.07235611,0.32077907,0
1506639202,22489092,0.07227100,1.98434867,1
1506639202,22489090,0.07227110,0.57192033,1
1506639202,22489089,0.07231027,0.38173100,1
1506638716,22488961,0.07239987,4.84000000,0
1506638701,22488936,0.07239996,5.55241400,0
1506638652,22488904,0.07239624,1.79559289,0
1506638651,22488903,0.07239624,0.97440711,0
1506638651,22488902,0.07239624,2.62186589,0
1506638651,22488901,0.07239624,0.97441300,0
1506638643,22488893,0.07239625,2.55413100,0
1506637930,22488687,0.07239546,0.49822171,0
1506637921,22488683,0.07239548,3.00000000,0
1506637820,22488655,0.07233000,0.27650274,0
1506637745,22488637,0.07228854,1.13174000,0
1506637688,22488614,0.07226181,1.77818100,0
1506637456,22488517,0.07227068,0.07446191,0
1506637081,22488372,0.07227511,0.50000000,0
1506636746,22488244,0.07228730,0.30288446,0
1506636721,22488233,0.07228800,0.50000000,0
1506636251,22488101,0.07226200,0.36686700,0
1506636200,22488070,0.07210000,0.00008830,1
1506636200,22488069,0.07211800,0.13863441,1
1506636192,22488068,0.07212374,0.43275551,1
1506636182,22488065,0.07212000,0.32500000,1
1506636144,22488062,0.07224900,5.00000000,0
1506636009,22488025,0.07210003,0.26412700,1
1506636002,22488020,0.07210003,0.10058900,1
1506635883,22487966,0.07224987,4.55493630,0
1506635881,22487965,0.07216226,0.44506370,0
1506635814,22487931,0.07218994,0.40000000,0
1506635799,22487919,0.07216000,0.20730000,0
1506635791,22487913,0.07210000,0.13722390,1
1506635791,22487912,0.07210001,0.86277610,1
1506635758,22487907,0.07210001,1.00000000,1
1506635709,22487894,0.07220999,0.20000000,0
1506635683,22487882,0.07223999,0.15165000,0
1506635409,22487749,0.07211601,0.27493382,1
1506635379,22487710,0.07213015,0.39345500,1
1506635379,22487709,0.07213018,6.30000000,1
1506635379,22487708,0.07214000,0.20730000,1
1506635283,22487647,0.07228337,4.10000000,0
1506635101,22487574,0.07228741,2.00000000,0
1506634989,22487511,0.07226000,0.50000000,0
1506634986,22487509,0.07219600,0.50000000,0
1506634984,22487506,0.07219600,0.50000000,0
1506634974,22487503,0.07223000,0.28810553,0
1506634973,22487502,0.07213895,0.21189447,0
1506634970,22487500,0.07210100,0.50000000,0
1506634968,22487498,0.07210100,0.50000000,0
1506634964,22487497,0.07209602,0.50000000,0
1506634962,22487493,0.07213000,0.21189447,1
1506634932,22487478,0.07210300,0.65000000,1
1506634885,22487466,0.07227852,0.20000000,0
1506634884,22487464,0.07227855,0.21189447,0
1506634876,22487454,0.07210100,1.83707700,0
1506634875,22487453,0.07210100,0.97592000,1
1506634875,22487451,0.07210100,1.83707700,1
1506634875,22487450,0.07210100,2.18700300,1
1506634801,22487297,0.07225696,1.25000000,0
1506634686,22487214,0.07213031,0.07711237,1
1506634602,22487183,0.07211084,0.12000000,1
1506634569,22487170,0.07211072,1.00000000,1
1506633864,22486871,0.07224800,1.04229828,0
1506633864,22486870,0.07221099,0.37674170,0
1506633864,22486869,0.07221044,1.94947002,0
1506633844,22486851,0.07221100,0.19958861,0
1506633820,22486841,0.07208987,2.23359107,0
1506633812,22486836,0.07208987,0.14000000,0
1506633811,22486835,0.07208000,0.13840000,1
1506633811,22486834,0.07208987,0.20000000,0
1506633781,22486815,0.07211987,5.00000000,0
1506633701,22486787,0.07221450,0.13140000,0
1506633644,22486763,0.07221604,0.17683000,0
1506633596,22486748,0.07221743,0.11998528,0
1506633571,22486728,0.07215000,0.20000000,0
1506633485,22486691,0.07220700,5.00000000,1
1506633484,22486689,0.07222000,1.00000000,1
1506633477,22486684,0.07224700,4.99999990,1
1506633477,22486683,0.07224703,13.24647510,1
1506633473,22486677,0.07226000,0.20700000,1
1506633301,22486588,0.07239605,0.50000000,0
1506633176,22486517,0.07230011,2.75992665,1
1506633005,22486425,0.07235800,1.29142434,0
1506633004,22486423,0.07235800,0.41133000,0
1506633004,22486422,0.07235800,0.32400000,1
1506633003,22486421,0.07227300,1.29310000,0
1506632990,22486412,0.07226000,0.20690000,0
1506632981,22486405,0.07227300,0.20690000,0
1506632927,22486389,0.07239984,0.19987075,1
1506632789,22486339,0.07238984,5.04735800,0
1506632789,22486338,0.07238981,5.95264200,0
1506632759,22486331,0.07224003,5.74097000,1
1506632729,22486295,0.07234997,0.32314220,0
1506632729,22486293,0.07234868,0.37758208,0
1506632729,22486291,0.07234000,0.14993600,0
1506632729,22486290,0.07233999,0.19991689,0
1506632728,22486287,0.07221138,0.21167200,1
1506632692,22486262,0.07221114,1.42508700,0
1506632568,22486199,0.07233587,3.23106598,0
1506632568,22486198,0.07233584,1.76893402,0
1506632497,22486150,0.07220000,0.14993600,1
1506632486,22486131,0.07219523,0.43357000,1
1506632461,22486116,0.07234803,0.50000000,0
1506632439,22486098,0.07234865,3.89672212,0
1506632439,22486096,0.07220398,0.10327788,0
1506632425,22486086,0.07219457,1.00000000,1
1506632192,22485956,0.07233697,7.64096600,0
1506632180,22485950,0.07231400,5.00000000,0
1506632180,22485949,0.07231392,3.18450675,0
1506632161,22485937,0.07228800,0.90193500,1
1506632161,22485935,0.07227176,2.76000000,0
1506632161,22485934,0.07226000,0.00000500,0
1506632159,22485929,0.07226000,0.19868500,0
1506632029,22485856,0.07226297,1.08032296,0
1506632004,22485847,0.07224200,1.58830043,0
1506631949,22485818,0.07211000,0.19869000,1
1506631668,22485701,0.07223027,0.64737834,0
1506631668,22485700,0.07223000,0.20724196,0
1506631668,22485699,0.07222999,0.21982172,0
1506631634,22485674,0.07208000,0.20724196,1
1506631561,22485621,0.07224198,0.14000000,0
1506631561,22485619,0.07224198,2.76000000,0
1506631325,22485560,0.07223500,2.07137717,0
1506631149,22485430,0.07206400,0.43803591,1
1506631138,22485429,0.07223200,4.31220193,0
1506631138,22485428,0.07223199,0.91565561,1
1506631136,22485427,0.07220398,0.29615941,0
1506631109,22485408,0.07218200,3.88440200,0
1506631109,22485407,0.07218200,1.11559800,0
1506631109,22485406,0.07217000,0.09621700,0
1506630905,22485289,0.07203701,0.11799708,1
1506630852,22485274,0.07219987,0.69064293,0
1506630588,22485169,0.07221999,0.50000000,0
1506630519,22485131,0.07222987,1.65204585,0
1506630501,22485120,0.07210000,0.09621700,1
1506630485,22485119,0.07208900,5.00000000,1
1506630485,22485118,0.07215000,0.69300069,1
1506630485,22485117,0.07215001,2.65426000,1
1506630481,22485113,0.07215001,0.10574000,1
1506630478,22485112,0.07215001,2.76000000,1
1506630111,22484944,0.07215000,0.46959923,0
1506629975,22484892,0.07215000,1.32921700,1
1506629969,22484888,0.07215000,1.97100000,1
1506629880,22484849,0.07222696,1.56000000,0
1506629880,22484848,0.07222696,1.19849167,0
1506629878,22484846,0.07222696,1.56150833,0
1506629822,22484797,0.07214999,0.11000000,0
1506629807,22484790,0.07214999,0.43060800,0
1506629661,22484702,0.07203501,1.36750191,1
1506629642,22484683,0.07209300,1.50000000,1
1506629641,22484682,0.07210016,2.76000000,1
1506629641,22484681,0.07210020,0.93656921,1
1506629641,22484680,0.07210023,13.36037510,1
1506629597,22484638,0.07209312,1.00000000,1
1506629555,22484608,0.07217400,0.62008480,1
1506629553,22484604,0.07217400,4.37984100,1
1506629550,22484603,0.07218000,0.32400000,1
1506629550,22484602,0.07219433,0.29615941,1
1506629343,22484469,0.07231500,0.15252354,1
1506629341,22484467,0.07231499,2.84747646,0
1506629219,22484416,0.07217600,2.76000000,1
1506629214,22484414,0.07217713,0.09300000,1
1506629097,22484340,0.07234841,0.90004770,0
1506629088,22484338,0.07225403,0.20000000,0
1506628973,22484261,0.07234278,3.60675122,1
1506628972,22484260,0.07234278,3.97580678,1
1506628252,22483889,0.07235564,0.68698400,0
1506628206,22483871,0.07222067,1.96532919,1
1506627942,22483738,0.07235730,0.19939936,0
1506627928,22483733,0.07235731,1.43714574,0
1506627800,22483685,0.07228833,0.51526662,0
1506627710,22483613,0.07227667,6.66204508,0
1506627593,22483551,0.07215163,5.57451747,1
1506627551,22483532,0.07229133,0.32510122,0
1506627543,22483524,0.07212800,0.23538689,1
1506627395,22483461,0.07226000,1.09827200,0
1506627392,22483458,0.07227793,1.09278416,1
1506627388,22483456,0.07227793,2.18265797,0
1506627368,22483430,0.07210004,1.91178963,0
1506627366,22483429,0.07218099,0.08776937,1
1506627259,22483393,0.07233581,2.48155097,0
1506627258,22483392,0.07233581,0.93566381,0
1506627230,22483383,0.07221315,3.52344469,0
1506627228,22483381,0.07220000,0.20620000,0
1506627184,22483348,0.07228995,0.63200400,0
1506627173,22483343,0.07228996,0.69865405,0
1506627123,22483312,0.07229984,13.50000000,1
1506627099,22483297,0.07226000,0.00012610,1
1506627082,22483288,0.07234965,1.19144963,0
1506627071,22483263,0.07227999,1.01212400,0
1506627006,22483146,0.07226000,0.35135331,1
1506627000,22483139,0.07226034,0.21872200,0
1506626933,22483057,0.07226700,5.00000000,1
1506626887,22483021,0.07242600,1.06127700,0
1506626609,22482840,0.07246400,0.41439500,1
1506626598,22482820,0.07248201,1.00000000,0
1506626597,22482818,0.07248200,3.23993102,1
1506626597,22482817,0.07248201,1.76000000,1
1506626597,22482816,0.07248201,1.00000000,1
1506626521,22482750,0.07250800,0.24167464,1
1506626518,22482748,0.07250800,0.03568663,1
1506626518,22482747,0.07251000,0.20620000,1
1506626490,22482737,0.07256800,1.50000000,0
1506626490,22482736,0.07250800,5.00000000,0
1506626490,22482735,0.07250000,0.20000000,0
1506626483,22482732,0.07248989,0.79709514,0
1506626483,22482731,0.07249600,1.79344714,1
1506626480,22482730,0.07249600,4.05833786,0
1506626480,22482728,0.07249600,0.94166214,0
1506626480,22482727,0.07247746,0.85178547,0
1506626478,22482726,0.07247743,0.81575600,0
1506626477,22482725,0.07247743,7.99456758,0
1506626282,22482575,0.07241547,1.24719700,0
1506626274,22482571,0.07241548,0.63782517,0
1506626274,22482570,0.07241480,0.54152983,0
1506626271,22482569,0.07241480,1.98555117,0
1506626271,22482568,0.07236078,0.24139183,0
1506626169,22482514,0.07241481,0.24119014,1
1506626161,22482510,0.07241481,0.24106517,1
1506626157,22482509,0.07241481,0.24106517,1
1506626155,22482508,0.07241481,0.24106517,1
1506626134,22482506,0.07241481,1.50096400,1
1506626123,22482505,0.07241481,1.87900000,1
1506626027,22482470,0.07245290,9.87032821,0
1506626005,22482453,0.07241998,1.79344761,1
1506625999,22482448,0.07242000,1.92950005,0
1506625998,22482445,0.07238827,0.00000519,0
1506625994,22482420,0.07238827,0.24130900,0
1506625921,22482370,0.07238824,1.00000000,0
1506625893,22482363,0.07225203,1.00081707,1
1506625741,22482316,0.07237991,0.40000000,0
1506624916,22481815,0.07224900,0.65142100,1
1506624913,22481812,0.07224906,0.72500000,1
1506624782,22481638,0.07242265,0.20263800,0
1506624778,22481636,0.07225516,2.47986100,1
1506624665,22481562,0.07243687,0.27541389,0
1506624424,22481396,0.07240892,0.12106304,0
1506624424,22481395,0.07227699,2.76000000,1
1506624422,22481391,0.07220100,0.11893696,0
1506624402,22481387,0.07220100,1.38106304,0
1506624402,22481386,0.07220084,0.28945190,0
1506624390,22481382,0.07220085,1.92551157,0
1506624307,22481336,0.07209203,0.24222598,1
1506624048,22481187,0.07215160,0.24500900,0
1506623998,22481170,0.07220700,0.20000000,0
1506623850,22481120,0.07220700,0.72646300,0
1506623848,22481119,0.07220700,0.20000000,0
1506623834,22481116,0.07215291,0.51718300,0
1506623667,22480999,0.07220700,0.37309208,0
1506623367,22480810,0.07220700,1.15933685,0
1506623362,22480807,0.07220700,0.34066315,0
1506623362,22480806,0.07220000,0.32402484,0
1506623004,22480644,0.07215047,1.07288283,0
1506622925,22480620,0.07229987,0.27662567,1
1506622923,22480618,0.07229987,1.94375000,1
1506622921,22480617,0.07228000,0.20710000,0
1506622561,22480448,0.07214652,1.90055527,1
1506622473,22480422,0.07230997,3.39257643,0
1506622462,22480420,0.07232388,2.76000000,0
1506622461,22480419,0.07232000,5.00000000,0
1506622413,22480404,0.07220510,1.80728400,1
1506622400,22480399,0.07222000,0.20710000,1
1506622389,22480389,0.07237966,8.55559634,0
1506622324,22480323,0.07238319,2.17352221,0
1506622214,22480259,0.07231694,2.55290000,1
1506622214,22480258,0.07229000,0.20710000,0
1506622017,22480120,0.07219800,1.86390000,1
1506622011,22480113,0.07221000,0.20710000,1
1506621903,22480050,0.07236940,0.80000000,0
1506621768,22479987,0.07228000,0.32400000,1
1506621768,22479985,0.07229200,5.00000000,1
1506621754,22479972,0.07236391,1.08072436,1
1506621751,22479971,0.07236391,1.41754501,0
1506621641,22479924,0.07233201,3.10697000,0
1506621490,22479801,0.07234296,0.68644067,0
1506621428,22479759,0.07220001,7.96710000,1
1506621396,22479742,0.07235692,0.31290000,0
1506621313,22479660,0.07224900,5.00000000,0
1506621290,22479637,0.07219306,0.20000000,0
1506621290,22479636,0.07219305,1.99731429,0
1506621242,22479601,0.07218569,0.35000000,0
1506621217,22479545,0.07204002,0.69119000,1
1506621217,22479542,0.07207784,0.10000000,1
1506621075,22479397,0.07207785,8.62975100,0
1506621072,22479389,0.07217800,0.03812102,0
1506621072,22479388,0.07209306,0.20000000,0
1506620885,22479264,0.07208000,0.32497516,0
1506620882,22479262,0.07209221,5.89711238,0
1506620881,22479261,0.07207784,0.10288762,0
1506620777,22479197,0.07202000,1.29221587,0
1506620769,22479193,0.07202000,0.08842700,0
1506620710,22479146,0.07202000,0.12700000,0
1506620671,22479121,0.07202000,1.31113900,0
1506620644,22479070,0.07202000,0.18121813,0
1506620622,22479045,0.07191920,1.60919808,0
1506620620,22479044,0.07191920,0.27186556,0
1506620617,22479038,0.07201999,0.41373166,0
1506620606,22479024,0.07201999,0.78425412,0
1506620593,22479014,0.07201999,2.58636193,0
1506620288,22478869,0.07201999,1.02658200,0
1506620285,22478867,0.07191920,5.81575400,0
1506620270,22478861,0.07201997,0.24000000,0
1506620270,22478860,0.07201997,4.08128600,0
1506620270,22478859,0.07201997,0.20375700,0
1506620270,22478858,0.07201996,2.76000000,0
1506620270,22478857,0.07191920,0.10000000,0
1506620194,22478800,0.07200000,4.81625400,1
1506620187,22478798,0.07200000,0.18374600,1
1506619892,22478633,0.07207000,4.99999500,0
1506619888,22478630,0.07206997,0.82734300,0
1506619865,22478605,0.07207200,0.96760638,0
1506619863,22478603,0.07207200,0.32499500,0
1506619859,22478597,0.07206497,0.77000000,0
1506619859,22478596,0.07206484,1.98581100,0
1506619859,22478594,0.07206481,0.77000000,0
1506619853,22478588,0.07206484,0.77418400,0
1506619642,22478396,0.07203497,5.00000000,0
1506619607,22478364,0.07190001,0.11573659,0
1506619380,22478193,0.07206993,1.00000000,0
1506619323,22478148,0.07193084,0.14070335,1
1506619307,22478125,0.07193084,0.19990772,1
1506619304,22478118,0.07190314,0.31314739,1
1506619303,22478116,0.07193084,0.20000000,1
1506619303,22478115,0.07193087,0.11399500,1
1506619199,22477978,0.07207800,0.50000000,0
1506619197,22477970,0.07205900,0.50000000,0
1506619195,22477967,0.07205900,0.50000000,0
1506619193,22477963,0.07205900,0.50000000,0
1506619191,22477960,0.07205900,0.50000000,0
1506619188,22477955,0.07205900,0.50000000,0
1506619185,22477950,0.07204897,0.50000000,0
1506619153,22477934,0.07200000,0.20000000,0
1506619151,22477933,0.07200000,1.09959200,0
1506619150,22477932,0.07199999,0.20000000,0
1506619147,22477930,0.07199997,0.50000000,0
1506619144,22477925,0.07200000,0.49014100,0
1506619144,22477923,0.07190000,0.00985900,0
1506619115,22477897,0.07190000,4.99014100,1
1506619115,22477895,0.07190000,0.00985900,1
1506619115,22477893,0.07191000,0.20000000,1
1506619114,22477883,0.07191000,0.12500000,1
1506619114,22477878,0.07193084,0.20000000,1
1506619106,22477867,0.07207374,0.15221000,0
1506619062,22477812,0.07207400,0.22030900,0
1506619060,22477811,0.07207399,0.31372100,0
1506619058,22477810,0.07207400,0.50000000,0
1506619056,22477809,0.07207400,0.50000000,0
1506619054,22477806,0.07207757,0.50000000,0
1506619051,22477800,0.07206000,0.20780000,0
1506619048,22477798,0.07205997,0.20780000,0
1506619045,22477791,0.07206970,0.50000000,0
1506619043,22477788,0.07206986,0.50000000,0
1506619041,22477784,0.07206987,0.20780000,0
1506619037,22477772,0.07207887,0.50000000,0
1506619035,22477767,0.07187900,0.98173259,1
1506619035,22477764,0.07187900,0.32500000,1
1506619034,22477763,0.07176169,0.25651551,0
1506619034,22477762,0.07176165,1.90241667,0
1506619033,22477759,0.07176165,0.50000000,0
1506619031,22477755,0.07176165,0.19234362,0
1506619029,22477749,0.07176166,0.20780000,0
1506619028,22477744,0.07176169,1.34114738,1
1506619028,22477742,0.07176169,2.95877259,1
1506619027,22477741,0.07183355,0.86959616,1
1506619027,22477736,0.07183355,0.01143172,1
1506619027,22477735,0.07191200,5.00000000,1
1506619021,22477708,0.07191600,1.17798567,1
1506619016,22477682,0.07194000,0.32500000,1
1506619016,22477681,0.07195277,0.20000000,1
1506619006,22477648,0.07195277,0.20000000,1
1506618962,22477622,0.07196224,0.26194400,1
1506618961,22477617,0.07196223,1.73768800,0
1506618960,22477616,0.07196200,1.02231200,0
1506618959,22477613,0.07196100,0.20000000,1
1506618959,22477612,0.07196220,2.76000000,0
1506618958,22477608,0.07196100,0.16033902,1
1506618957,22477602,0.07196224,2.76000000,1
1506618956,22477597,0.07196223,2.70538009,1
1506618955,22477595,0.07200000,0.16033902,1
1506618882,22477558,0.07204000,1.50000000,1
1506618860,22477550,0.07214481,0.15498734,0
1506618813,22477511,0.07210661,0.50000000,0
1506618811,22477510,0.07208200,0.50000000,0
1506618809,22477506,0.07208200,0.50000000,0
1506618807,22477501,0.07208200,0.50000000,0
1506618803,22477491,0.07208200,0.10000000,0
1506618799,22477488,0.07198223,1.39527300,0
1506618781,22477480,0.07210700,0.50000000,0
1506618778,22477478,0.07208200,0.50000000,0
1506618776,22477477,0.07208200,0.50000000,0
1506618773,22477475,0.07208193,0.39971000,0
1506618771,22477473,0.07198223,0.10029000,0
1506618680,22477416,0.07213285,1.80567009,0
1506618642,22477378,0.07198277,4.41852002,1
1506618642,22477377,0.07198280,12.43800898,1
1506618601,22477295,0.07215198,0.00013282,0
1506618601,22477294,0.07208929,0.49986718,0
1506618595,22477283,0.07198702,0.45548000,0
1506618594,22477281,0.07195701,2.96558000,1
1506618588,22477266,0.07198701,0.15737400,0
1506618567,22477215,0.07198700,0.10000000,1
1506618565,22477201,0.07198706,0.51367000,1
1506618547,22477185,0.07211000,1.50000000,1
1506618527,22477158,0.07216997,2.81888382,0
1506618527,22477156,0.07216997,4.42108970,0
1506618519,22477139,0.07205900,4.94635387,1
1506618519,22477138,0.07213939,0.04364613,1
1506618517,22477132,0.07217000,2.99996061,0
1506618369,22476888,0.07213939,0.23130300,1
1506618246,22476783,0.07217400,1.50000000,1
1506618174,22476731,0.07219297,0.57059572,0
1506618133,22476666,0.07221699,2.05901686,0
1506618132,22476664,0.07219300,5.00000000,1
1506618128,22476643,0.07221700,4.99996066,0
1506618118,22476627,0.07225000,1.50000000,1
1506618116,22476624,0.07231666,2.53481144,1
1506618116,22476623,0.07231666,0.20620000,1
1506618108,22476615,0.07231671,2.55380000,0
1506618108,22476614,0.07231671,0.20620000,0
1506618107,22476613,0.07231679,0.35169612,1
1506618060,22476581,0.07247746,5.00000000,0
1506618015,22476557,0.07247745,3.79066500,1
1506617918,22476443,0.07247746,0.65296000,0
1506617916,22476442,0.07247746,8.82520431,0
1506617914,22476441,0.07247746,0.29000000,0
1506617904,22476439,0.07247745,2.07979489,0
1506617896,22476429,0.07230570,9.11489778,1
1506617892,22476424,0.07247745,1.40287894,0
1506617892,22476423,0.07247745,2.76000000,0
1506617892,22476421,0.07247745,27.13317261,0
1506617889,22476417,0.07230543,0.15000000,1
1506617880,22476411,0.07247744,2.76000000,0
1506617868,22476392,0.07247745,0.12848445,0
1506617867,22476391,0.07247745,1.19985301,0
1506617861,22476388,0.07247745,2.80121645,0
1506617856,22476384,0.07247709,2.51842024,0
1506617856,22476383,0.07247706,3.47069866,0
1506617817,22476307,0.07247740,7.38338946,0
1506617816,22476306,0.07247745,1.25209792,0
1506617815,22476303,0.07247746,0.65321757,0
1506617815,22476302,0.07247746,1.07962787,0
1506617800,22476252,0.07247681,1.79289318,0
1506617789,22476236,0.07228318,0.15000000,1
1506617754,22476209,0.07247745,2.05897612,0
1506617753,22476206,0.07247746,43.26660109,0
1506617748,22476194,0.07247719,2.35065650,0
1506617747,22476193,0.07247765,2.05608212,0
1506617747,22476192,0.07247765,0.79849249,0
1506617747,22476191,0.07247765,2.20334851,0
1506617679,22476109,0.07238022,4.61131000,1
1506617679,22476108,0.07246920,0.38869000,1
1506617676,22476105,0.07238019,1.14889503,0
1506617675,22476103,0.07238021,2.76000000,1
1506617674,22476101,0.07123450,105.04732944,0
1506617674,22476099,0.07123450,6.11046221,0
1506617673,22476098,0.07125402,0.11714033,1
1506617673,22476096,0.07130000,0.99371373,1
1506617673,22476095,0.07130000,3.23068773,0
1506617672,22476093,0.07130000,0.53402582,0
1506617672,22476090,0.07130002,143.68100001,1
1506617672,22476088,0.07140555,0.25000000,1
1506617672,22476087,0.07140555,16.43123252,0
1506617671,22476086,0.07148860,5.00000000,1
1506617671,22476084,0.07150000,0.30000000,1
1506617671,22476082,0.07150000,11.59577118,1
1506617671,22476081,0.07150000,6.99300699,1
1506617670,22476080,0.07150000,13.00000000,1
1506617670,22476079,0.07150000,10.00000000,1
1506617670,22476077,0.07150000,3.16331463,0
1506617670,22476076,0.07164000,42.00000000,1
1506617670,22476075,0.07164000,9.72695969,0
1506617669,22476074,0.07192010,5.00000000,1
1506617669,22476073,0.07192012,0.64383820,1
1506617669,22476072,0.07192014,75.07136000,0
1506617668,22476071,0.07219198,0.20000000,1
1506617668,22476070,0.07219198,5.00000000,0
1506617668,22476069,0.07221204,3.95681941,1
1506617667,22476068,0.07224100,1.50000000,1
1506617667,22476067,0.07224101,3.21633811,1
1506617667,22476066,0.07238020,22.23700000,1
1506617665,22476064,0.07247800,5.00000000,1
1506617632,22476049,0.07251001,0.26508382,1
1506617627,22476045,0.07279159,3.92242361,0
1506617627,22476044,0.07270000,2.24470299,0
1506617626,22476040,0.07270000,2.75529701,0
1506617621,22476036,0.07285241,3.05795722,0
1506617620,22476035,0.07281798,1.79977463,0
1506617620,22476034,0.07281787,0.09648204,0
1506617620,22476032,0.07281787,5.12139986,0
1506617620,22476031,0.07281787,1.54178080,0
1506617620,22476030,0.07281787,7.89329497,0
1506617620,22476029,0.07281787,1.84411445,0
1506617620,22476028,0.07281787,1.81964446,0
1506617620,22476027,0.07281787,6.68328342,0
1506617618,22476026,0.07285241,4.59375555,0
1506617618,22476025,0.07285240,0.42766922,0
1506617617,22476024,0.07281800,1.50000000,0
1506617616,22476023,0.07256800,4.30132716,0
1506617616,22476022,0.07256800,0.69867284,0
1506617613,22476018,0.07281142,2.13834609,0
1506617613,22476017,0.07256799,0.34117841,0
1506617612,22476013,0.07256799,2.09203138,0
1506617612,22476012,0.07256799,1.11575083,0
1506617612,22476011,0.07256799,1.15394396,0
1506617611,22476010,0.07256799,2.58875232,0
1506617610,22476009,0.07256799,1.42990231,0
1506617608,22476006,0.07256797,0.24863048,1
1506617431,22475865,0.07243301,0.60000000,1
1506617411,22475843,0.07253294,0.59700000,0
1506617407,22475841,0.07243300,0.37400000,1
1506617399,22475831,0.07268937,8.59412779,0
1506617399,22475830,0.07253302,0.15959495,0
1506617399,22475829,0.07228487,4.41898673,0
1506617398,22475828,0.07168610,3.68443909,1
1506617398,22475826,0.07180000,0.93000000,1
1506617398,22475824,0.07180000,1.65433967,0
1506617398,22475822,0.07180000,76.30042500,0
1506617397,22475821,0.07182555,0.25000000,1
1506617397,22475820,0.07185000,1.00000000,1
1506617397,22475819,0.07185000,76.30006700,0
1506617396,22475817,0.07191820,0.45561374,1
1506617396,22475816,0.07191820,3.00694179,0
1506617396,22475814,0.07191820,17.17313431,0
1506617396,22475812,0.07191820,0.59966266,0
1506617396,22475810,0.07191820,25.00000000,0
1506617396,22475808,0.07191820,8.19657900,0
1506617396,22475806,0.07191820,25.10982800,0
1506617396,22475805,0.07191820,20.00000000,0
1506617395,22475804,0.07191820,4.40133800,0
1506617395,22475803,0.07191820,8.00000000,0
1506617395,22475802,0.07191820,6.99592200,0
1506617395,22475801,0.07191820,5.24007100,0
1506617395,22475800,0.07191820,0.27815540,0
1506617394,22475798,0.07211880,5.00000000,1
1506617394,22475795,0.07219198,0.20000000,1
1506617393,22475793,0.07219198,25.00000000,0
1506617393,22475790,0.07222800,1.50000000,1
1506617393,22475789,0.07222801,0.59867809,1
1506617392,22475788,0.07228488,73.58200000,1
1506617392,22475787,0.07228488,5.00000000,0
1506617392,22475786,0.07228489,78.21112600,1
1506617391,22475785,0.07228490,2.99168804,1
1506617391,22475784,0.07247000,0.60370000,1
1506617391,22475783,0.07250000,4.80000000,1
1506617390,22475782,0.07250030,2.00000000,1
1506617390,22475781,0.07253300,5.00000000,1
1506617389,22475780,0.07253303,10.93629121,1
1506617343,22475741,0.07268985,1.04685000,0
1506617219,22475674,0.07255531,3.35803400,1
1506616897,22475559,0.07266900,1.98954121,1
1506616897,22475558,0.07266900,5.00000000,0
1506616896,22475557,0.07266000,0.20590000,0
1506616896,22475556,0.07261001,0.10000000,0
1506616896,22475555,0.07261001,0.08648779,0
1506616846,22475544,0.07261001,0.01351221,1
1506616803,22475520,0.07261000,2.98648279,0
1506616802,22475519,0.07261000,0.20590000,1
1506616795,22475517,0.07260004,1.53756000,0
1506616645,22475476,0.07270000,3.00000000,0
1506616645,22475475,0.07269000,0.20590000,0
1506616611,22475448,0.07269000,3.00000000,0
1506616555,22475382,0.07267997,2.32043209,0
1506616352,22475273,0.07260000,0.20590000,1
1506616351,22475271,0.07259103,2.87681000,1
1506616344,22475270,0.07265994,0.10000000,1
1506616329,22475263,0.07270000,3.00000000,0
1506616316,22475253,0.07271000,2.00000000,0
1506616314,22475252,0.07270997,7.32300000,0
1506616248,22475224,0.07266000,0.01960900,1
1506616247,22475223,0.07265000,0.08039100,0
1506616220,22475214,0.07266998,0.22408100,0
1506615806,22474997,0.07256000,0.08039100,1
1506615757,22474887,0.07267400,2.24000000,1
1506615756,22474883,0.07261585,2.76000000,0
1506615540,22474757,0.07261861,3.00000000,0
1506615439,22474701,0.07247000,0.20630000,1
1506615437,22474698,0.07247002,2.76000000,1
1506615433,22474690,0.07247001,0.96479100,1
1506615432,22474689,0.07249000,5.00000000,1
1506615432,22474687,0.07250000,0.20630000,1
1506615432,22474685,0.07250003,8.53447500,1
1506615252,22474515,0.07253022,4.28501600,1
1506615242,22474510,0.07265197,1.20000000,0
1506615147,22474417,0.07260100,3.60898700,0
1506615147,22474416,0.07257000,0.81000000,0
1506615131,22474371,0.07247350,2.05921417,0
1506615125,22474364,0.07256999,5.21623700,0
1506615120,22474359,0.07255000,0.32200000,0
1506615113,22474346,0.07247350,0.16999500,0
1506614880,22474156,0.07254995,0.18873700,0
1506614725,22474077,0.07250004,0.89786000,1
1506614719,22474074,0.07249004,0.89824600,1
1506614453,22473907,0.07253800,1.96105600,0
1506614428,22473855,0.07248300,2.48994439,0
1506614428,22473854,0.07248000,2.51005561,0
1506614421,22473849,0.07246999,0.09900000,0
1506614418,22473848,0.07247999,1.44528300,1
1506614417,22473847,0.07247000,0.09900000,0
1506614295,22473813,0.07236200,0.20066900,1
1506614295,22473812,0.07238000,0.32200000,1
1506614285,22473806,0.07238003,0.06909319,1
1506614226,22473776,0.07240000,0.09900000,1
1506614184,22473761,0.07253299,0.19789000,0
1506614184,22473760,0.07253000,0.19512100,0
1506614176,22473755,0.07238000,0.19512100,1
1506614136,22473732,0.07249099,0.24014478,0
1506614134,22473731,0.07249099,0.24014478,0
1506614089,22473712,0.07249099,0.13725500,0
1506614050,22473695,0.07249099,1.25336600,0
1506614048,22473684,0.07249099,1.50331700,0
1506614043,22473671,0.07241300,1.50000000,1
1506613898,22473568,0.07245100,3.10555280,0
1506613898,22473567,0.07245097,8.94028020,0
1506613860,22473507,0.07240300,0.37661400,0
1506613856,22473505,0.07241896,0.19958861,1
1506613850,22473503,0.07236200,2.62580499,0
1506613849,22473502,0.07236200,1.66997900,0
1506613841,22473494,0.07228003,1.46307900,0
1506613839,22473493,0.07227000,0.20690000,0
1506613832,22473489,0.07226018,0.15422400,1
1506613829,22473488,0.07228000,0.20690000,1
1506613827,22473486,0.07228016,6.82125600,1
1506613731,22473395,0.07240000,0.32200000,0
1506613731,22473394,0.07239999,0.13985804,0
1506613718,22473377,0.07239997,0.17419000,0
1506613641,22473256,0.07236089,0.00010712,0
1506613641,22473255,0.07236089,2.43071888,0
1506613640,22473253,0.07236086,0.13761200,0
1506613452,22473121,0.07231192,0.19960265,0
1506613431,22473095,0.07231180,1.50000000,0
1506613388,22473064,0.07229997,0.15154696,1
1506613382,22473063,0.07234094,0.47173100,0
1506613326,22473049,0.07222500,0.82058500,1
1506613324,22473046,0.07222500,0.99994100,1
1506613318,22473040,0.07222700,0.38471500,1
1506613316,22473037,0.07222700,0.99994100,1
1506613201,22472977,0.07239973,2.00000000,0
1506613130,22472948,0.07237393,1.50000000,0
1506613121,22472943,0.07236200,5.00000000,0
1506613113,22472940,0.07234988,0.24319199,0
1506613107,22472935,0.07234992,0.25044400,0
1506613080,22472923,0.07233360,0.15161000,0
1506613053,22472916,0.07233400,0.27572400,0
1506613040,22472910,0.07230760,1.00940919,0
1506613040,22472909,0.07230760,0.07859081,0
1506613039,22472908,0.07230672,1.27132224,0
1506612940,22472801,0.07230742,0.19960525,0
1506612925,22472794,0.07221703,1.00871485,0
1506612924,22472792,0.07223870,0.24327000,1
1506612921,22472791,0.07221703,1.27132200,0
1506612919,22472790,0.07223000,0.32200000,1
1506612918,22472789,0.07230760,4.92134005,1
1506612918,22472788,0.07230760,0.07865995,1
1506612918,22472787,0.07231735,0.24327000,1
1506612882,22472766,0.07228300,0.32200000,1
1506612881,22472765,0.07228997,0.79172000,0
1506612845,22472736,0.07225996,0.24327000,0
1506612843,22472734,0.07228166,0.24327000,1
1506612835,22472733,0.07225999,0.24327000,0
1506612833,22472732,0.07225999,0.24327000,0
1506612829,22472731,0.07226998,1.50000000,0
1506612823,22472730,0.07226999,0.08534800,0
1506612785,22472709,0.07228999,0.00010138,1
1506612785,22472708,0.07228999,0.15141862,1
1506612775,22472697,0.07228998,0.15141864,1
1506612750,22472684,0.07230999,0.15150000,0
1506612718,22472657,0.07220003,0.20000000,0
1506612717,22472655,0.07216043,1.80059502,1
1506612717,22472654,0.07220000,0.00008808,1
1506612717,22472653,0.07220003,2.02404467,1
1506612709,22472639,0.07220000,4.99991192,1
1506612707,22472637,0.07229997,5.00000000,0
1506612672,22472607,0.07229993,0.15146000,0
1506612656,22472596,0.07230760,4.66570045,1
1506612653,22472594,0.07230760,0.33429955,1
1506612653,22472592,0.07234027,0.00012145,1
1506612636,22472569,0.07234027,0.24296855,1
1506612622,22472502,0.07227920,2.28284000,1
1506612590,22472452,0.07227763,0.22457142,1
1506612562,22472435,0.07226310,4.01126770,1
1506612562,22472433,0.07233800,1.62681830,1
1506612547,22472416,0.07230100,4.35842400,1
1506612546,22472415,0.07230760,5.00000000,1
1506612536,22472404,0.07244400,1.50000000,1
1506612524,22472385,0.07233800,5.00000000,1
1506612524,22472384,0.07237000,0.90000000,1
1506612517,22472375,0.07246700,0.75500000,0
1506612511,22472368,0.07244600,2.47045000,0
1506612508,22472365,0.07237351,1.68401390,0
1506612506,22472358,0.07243000,0.00010506,1
1506612505,22472356,0.07243000,0.32189494,1
1506612504,22472355,0.07244600,2.77000000,0
1506612503,22472353,0.07244600,5.00000000,1
1506612503,22472352,0.07245000,0.81000000,1
1506612503,22472350,0.07246706,2.77000000,1
1506612394,22472222,0.07257737,0.39011086,0
1506612347,22472151,0.07257736,0.84305400,1
1506612334,22472142,0.07257735,0.95368000,1
1506612256,22472051,0.07257653,3.01491500,1
1506612251,22472045,0.07257653,4.73210000,1
1506612244,22472028,0.07257653,1.84608222,1
1506612188,22471942,0.07268000,2.29533500,0
1506612089,22471870,0.07257622,0.37089100,1
1506612062,22471841,0.07257610,1.22515200,1
1506611938,22471738,0.07257447,1.77974665,1
1506611895,22471711,0.07257322,0.77753900,1
1506611735,22471582,0.07272390,1.77183714,0
1506611569,22471396,0.07257030,2.00000000,1
1506611450,22471308,0.07260186,9.14848600,0
1506611334,22471245,0.07261024,3.14043200,0
1506611325,22471226,0.07261025,4.74358700,0
1506611324,22471225,0.07260186,4.87277900,0
1506611287,22471200,0.07261079,0.06306784,1
1506611285,22471196,0.07261079,0.92999500,1
1506611250,22471177,0.07261079,2.50280600,1
1506611250,22471176,0.07261079,0.60940700,1
1506611250,22471175,0.07261079,0.37209200,1
1506611247,22471170,0.07261079,1.20064500,1
1506611244,22471161,0.07261079,4.04300900,1
1506611243,22471159,0.07261079,1.39838100,1
1506611242,22471158,0.07261079,4.23992082,1
1506611236,22471147,0.07261079,3.78784900,1
1506611230,22471135,0.07261079,1.39830200,1
1506611226,22471131,0.07262003,0.15135444,0
1506611225,22471130,0.07261079,0.27866600,1
1506611216,22471126,0.07261079,0.49999500,1
1506611199,22471103,0.07261079,1.24636500,1
1506611198,22471102,0.07261079,0.73925000,1
1506611176,22471087,0.07261079,9.53431900,1
1506611174,22471084,0.07261079,0.73925000,1
1506611174,22471082,0.07261079,0.92147200,1
1506611173,22471078,0.07261079,0.73925000,1
1506611116,22471065,0.07261079,0.10309690,1
1506611061,22471033,0.07261079,0.34795118,1
1506611059,22471030,0.07261079,0.65611100,1
1506611050,22471013,0.07261079,0.19578000,1
1506611045,22471001,0.07261079,1.87205000,1
1506611041,22470992,0.07261079,0.57790300,1
1506611034,22470973,0.07261080,0.16915000,0
1506611034,22470972,0.07261080,0.67183300,0
1506611020,22470962,0.07261079,0.11085000,1
1506611007,22470950,0.07261079,0.33000000,1
1506611005,22470943,0.07261079,10.55073230,1
1506611004,22470941,0.07261079,11.25768300,1
1506611002,22470934,0.07261079,0.15176600,1
1506611002,22470933,0.07261077,8.29903496,0
1506611001,22470932,0.07261078,11.31205504,1
1506610994,22470917,0.07261076,0.59376200,1
1506610994,22470915,0.07261076,0.33153600,1
1506610992,22470911,0.07261076,0.44085000,1
1506610992,22470910,0.07261076,0.16040700,1
1506610992,22470909,0.07261076,0.59376200,1
1506610957,22470887,0.07261074,0.65000000,1
1506610948,22470883,0.07261065,0.46584300,1
1506610922,22470856,0.07261056,1.55126800,0
1506610918,22470850,0.07261056,1.10713700,1
1506610912,22470845,0.07264003,0.13479000,0
1506610712,22470634,0.07264003,1.34790500,1
1506610711,22470633,0.07279592,1.55473780,1
1506610686,22470627,0.07262003,1.26122000,1
1506610631,22470602,0.07261004,0.20683300,1
1506610630,22470601,0.07279599,0.20683300,0
1506610630,22470600,0.07261007,0.10000000,1
1506610628,22470597,0.07261004,0.36306696,1
1506610619,22470579,0.07272999,0.48000000,0
1506610619,22470578,0.07272999,1.01739700,0
1506610618,22470568,0.07272999,1.26470700,0
1506610599,22470530,0.07272999,0.48789600,0
1506610599,22470529,0.07270000,0.20728600,0
1506610565,22470487,0.07260435,0.09248774,1
1506610485,22470421,0.07260343,0.10103000,1
1506610326,22470262,0.07269999,11.29817300,0
1506610319,22470253,0.07270000,0.09271400,0
1506610317,22470252,0.07269997,12.14142400,0
1506610284,22470228,0.07264397,0.07017194,0
1506610283,22470227,0.07258000,0.00000006,0
1506610280,22470226,0.07258000,3.14238500,0
1506610279,22470225,0.07258000,0.20610000,0
1506610228,22470193,0.07257996,0.22097694,0
1506610228,22470192,0.07257996,0.20610000,0
1506610228,22470191,0.07256736,0.00000506,0
1506610216,22470170,0.07256736,0.22153800,0
1506610212,22470161,0.07256736,0.23000000,0
1506610183,22470097,0.07256735,0.12267100,0
1506610181,22470094,0.07256735,0.22052700,0
1506610180,22470093,0.07256735,0.88516300,0
1506610066,22469965,0.07257981,2.46630943,0
1506610065,22469964,0.07254000,0.81000000,0
1506609952,22469902,0.07243501,39.85579725,1
1506609951,22469901,0.07243502,8.20147875,0
1506609950,22469900,0.07243502,2.94272400,1
1506609903,22469833,0.07255999,0.24124511,0
1506609903,22469832,0.07255999,0.17991489,0
1506609902,22469830,0.07255000,0.20610000,0
1506609807,22469757,0.07246700,0.03204297,1
1506609807,22469756,0.07248100,0.09000000,1
1506609805,22469755,0.07248101,0.12204297,1
1506609768,22469721,0.07248000,4.06284067,1
1506609696,22469608,0.07254700,2.17029500,1
1506609686,22469596,0.07258000,0.20610000,1
1506609680,22469588,0.07257007,2.86744312,1
1506609673,22469578,0.07257006,1.94443735,1
1506609665,22469566,0.07257006,0.56916700,1
1506609664,22469558,0.07257006,11.75780300,1
1506609663,22469554,0.07257006,0.29927400,1
1506609662,22469550,0.07257006,1.36337200,1
1506609661,22469548,0.07257006,0.86698400,1
1506609661,22469546,0.07257006,4.48028600,1
1506609659,22469541,0.07257006,8.07677200,1
1506609656,22469536,0.07257006,0.09836000,1
1506609652,22469525,0.07257006,3.68020200,1
1506609651,22469520,0.07257006,8.07610600,1
1506609552,22469378,0.07256303,2.14599600,1
1506609519,22469360,0.07255559,0.13348400,1
1506609480,22469287,0.07267992,1.00000000,0
1506609387,22469233,0.07255546,1.00046800,1
1506609340,22469198,0.07255542,0.33622398,1
1506609323,22469186,0.07255542,2.08636500,1
1506609322,22469184,0.07266000,2.08636542,0
1506609222,22469084,0.07255537,1.50000000,1
1506609158,22469016,0.07255534,0.32776300,1
1506609158,22469015,0.07255534,1.22542000,0
1506609157,22469014,0.07255528,1.80011725,1
1506609156,22469013,0.07255531,10.53997000,0
1506609156,22469011,0.07255535,2.77000000,1
1506609103,22468905,0.07255477,3.02601578,1
1506609094,22468882,0.07255478,0.10000000,1
1506609076,22468852,0.07255448,1.79060200,1
1506609076,22468848,0.07255448,0.19959400,1
1506609058,22468813,0.07255437,0.90000000,1
1506609019,22468754,0.07255203,0.67162600,1
1506608981,22468706,0.07261100,5.00000000,0
1506608969,22468696,0.07257300,5.00000000,0
1506608953,22468684,0.07252142,3.31804000,0
1506608950,22468682,0.07252000,3.00000000,0
1506608931,22468665,0.07247000,3.00000000,0
1506608927,22468662,0.07243000,1.50000000,0
1506608909,22468615,0.07237200,1.50000000,0
1506608892,22468604,0.07237160,7.37802000,0
1506608882,22468591,0.07237173,24.23818499,0
1506608853,22468567,0.07237173,0.76181501,0
1506608838,22468549,0.07236184,0.13838774,1
1506608836,22468541,0.07236184,0.19992137,1
1506608835,22468535,0.07236184,0.96100000,1
1506608828,22468520,0.07236183,0.32200000,1
1506608826,22468504,0.07230615,2.21353948,0
1506608824,22468494,0.07222842,0.19992200,1
1506608786,22468366,0.07221501,4.00000000,1
1506608782,22468357,0.07221501,0.77914900,1
1506608780,22468338,0.07221501,4.92640000,1
1506608780,22468336,0.07223000,0.07360000,1
1506608756,22468283,0.07220200,5.00000000,0
1506608750,22468275,0.07218692,2.77000000,1
1506608750,22468274,0.07219400,5.00000000,0
1506608749,22468273,0.07218691,4.75692205,0
1506608749,22468272,0.07218300,0.04201000,1
1506608748,22468271,0.07216879,0.20000000,0
1506608748,22468270,0.07216135,2.77000000,0
1506608647,22468186,0.07216459,23.64276003,0
1506608636,22468173,0.07216705,6.29724256,1
1506608635,22468171,0.07216705,18.70275744,1
1506608635,22468169,0.07216702,13.15850833,0
1506608632,22468167,0.07216718,4.21705000,0
1506608619,22468130,0.07202000,0.05768774,1
1506608619,22468129,0.07203000,0.32200000,1
1506608619,22468128,0.07207001,0.35809426,1
1506608604,22468117,0.07209003,0.32200000,1
1506608604,22468116,0.07209003,0.80208700,1
1506608576,22468069,0.07216887,0.20000000,1
1506608570,22468057,0.07216882,0.10000000,0
1506608559,22468044,0.07221000,0.20000000,0
1506608553,22468037,0.07207010,1.41895377,0
1506608553,22468035,0.07206900,1.01897700,0
1506608549,22468008,0.07222983,0.20000000,0
1506608548,22468002,0.07207010,0.13667300,1
1506608533,22467970,0.07224890,0.20000000,0
1506608503,22467938,0.07225881,0.40000000,0
1506608480,22467889,0.07215803,1.62548138,1
1506608473,22467871,0.07217101,7.46273100,0
1506608465,22467859,0.07217102,1.24582279,1
1506608465,22467858,0.07217194,0.00012358,1
1506608464,22467850,0.07217194,2.05532164,1
1506608462,22467842,0.07218000,0.20710000,1
1506608425,22467769,0.07224000,5.00000000,1
1506608417,22467738,0.07239343,0.28087330,0
1506608415,22467715,0.07239344,6.58846027,0
1506608414,22467705,0.07239357,0.13431617,0
1506608414,22467701,0.07221100,1.29685700,1
1506608412,22467684,0.07224630,2.60000000,1
1506608410,22467664,0.07239372,1.74063147,0
1506608403,22467573,0.07239400,1.22496285,0
1506608402,22467571,0.07238500,1.50000000,0
1506608402,22467569,0.07237560,0.27790015,0
1506608397,22467514,0.07237560,1.15562677,1
1506608397,22467508,0.07237560,5.00000000,0
1506608397,22467504,0.07224621,2.64437323,0
1506608395,22467499,0.07187050,0.05469664,1
1506608395,22467497,0.07190000,1.00000000,1
1506608395,22467495,0.07190001,0.73826369,1
1506608395,22467493,0.07200000,1.00000000,1
1506608395,22467492,0.07200559,0.20000000,1
1506608395,22467490,0.07203380,0.18500000,1
1506608394,22467488,0.07220000,10.00000000,1
1506608394,22467484,0.07220001,3.67909184,1
1506608394,22467481,0.07220004,8.64566098,1
1506608394,22467479,0.07221800,5.00000000,1
1506608370,22467259,0.07224623,1.01385603,1
1506608362,22467183,0.07238498,0.20000000,0
1506608354,22467142,0.07238499,0.20788459,0
1506608354,22467139,0.07237000,0.20680000,0
1506608236,22466843,0.07236404,5.67659800,0
1506608208,22466788,0.07228004,1.33678897,0
1506608195,22466759,0.07227300,1.71618143,1
1506608191,22466746,0.07228001,1.71616100,0
1506608191,22466744,0.07228001,0.69773900,0
1506608190,22466743,0.07228001,2.77000000,0
1506608190,22466741,0.07228001,0.09476478,0
1506608177,22466705,0.07228001,0.29162200,1
1506608177,22466704,0.07228004,0.39025416,1
1506608175,22466697,0.07228001,0.39034900,1
1506608175,22466696,0.07228001,0.68764263,0
1506608174,22466694,0.07228001,0.93931288,1
1506608174,22466693,0.07228001,0.68775400,1
1506608173,22466689,0.07228000,1.33533800,1
1506608167,22466672,0.07228000,1.14748800,1
1506608166,22466666,0.07228000,1.14744900,1
1506608163,22466657,0.07227800,0.69855908,1
1506608162,22466655,0.07227800,1.05629100,1
1506608162,22466654,0.07227800,2.07389192,1
1506608162,22466652,0.07227800,1.17125800,1
1506608161,22466648,0.07227803,1.05628500,1
1506608150,22466622,0.07225700,0.84885316,1
1506608150,22466621,0.07227000,0.20680000,1
1506608146,22466612,0.07225703,0.45726600,1
1506608145,22466607,0.07225700,1.70424015,1
1506608136,22466590,0.07239000,4.14183600,0
1506608136,22466588,0.07231100,1.50000000,0
1506608129,22466583,0.07231097,0.85816400,0
1506608116,22466563,0.07230008,1.59857738,0
1506608116,22466562,0.07230000,1.00000000,0
1506608116,22466561,0.07229000,0.20720000,0
1506608107,22466549,0.07215407,0.90281800,1
1506608072,22466468,0.07223980,1.43802786,0
1506608071,22466467,0.07211351,0.49689000,1
1506608042,22466404,0.07223984,0.00011007,1
1506608041,22466402,0.07223984,0.79988993,1
1506607977,22466325,0.07211243,0.22185800,1
1506607948,22466296,0.07221198,0.82983323,1
1506607934,22466292,0.07211207,3.02550000,0
1506607934,22466291,0.07211207,3.62451600,0
1506607932,22466288,0.07211204,11.62172500,1
1506607931,22466286,0.07211207,6.23055300,1
1506607908,22466262,0.07225945,0.22286960,0
1506607809,22466104,0.07225968,0.20000000,1
1506607800,22466071,0.07225968,0.20000000,0
1506607798,22466064,0.07211032,0.57237386,1
1506607796,22466055,0.07211038,0.57280600,1
1506607785,22466046,0.07225969,5.16883402,0
1506607736,22465992,0.07214906,4.79280000,1
1506607726,22465984,0.07217000,0.20720000,1
1506607689,22465884,0.07227700,5.00000000,0
1506607689,22465883,0.07225700,1.50000000,0
1506607689,22465882,0.07220999,0.95076100,0
1506607594,22465770,0.07221100,0.91402660,0
1506607594,22465769,0.07221000,0.20770000,0
1506607193,22465418,0.07208103,0.37603400,1
1506607092,22465376,0.07219989,5.34260800,0
1506607076,22465348,0.07217200,5.00000000,0
1506607071,22465334,0.07217197,7.01546500,0
1506606866,22465241,0.07200084,2.36791351,1
1506606865,22465236,0.07200083,2.14402946,1
1506606863,22465235,0.07200083,2.00763800,1
1506606862,22465232,0.07200070,4.51204300,1
1506606859,22465230,0.07200069,0.50586936,1
1506606859,22465229,0.07200070,1.25090964,1
1506606843,22465212,0.07200000,0.20770000,1
1506606821,22465196,0.07214225,11.00000000,0
1506606821,22465195,0.07212000,5.00000000,0
1506606821,22465194,0.07210000,1.00000000,0
1506606821,22465193,0.07210000,1.00000000,0
1506606738,22465162,0.07196400,0.82223000,1
1506606718,22465145,0.07196343,1.34465700,1
1506606717,22465142,0.07196330,4.51204300,1
1506606715,22465140,0.07196329,20.00000000,1
1506606613,22465051,0.07195978,0.77030800,1
1506606612,22465048,0.07195965,1.18364931,1
1506606610,22465047,0.07195964,1.18446500,1
1506606563,22465024,0.07195904,0.76093600,1
1506606530,22464999,0.07209800,0.19185000,1
1506606528,22464997,0.07208000,0.00809000,0
1506606523,22464991,0.07208000,0.19981000,0
1506606518,22464988,0.07208998,0.19994000,0
1506606515,22464983,0.07194658,0.18644600,1
1506606515,22464981,0.07208997,0.19998000,1
1506606259,22464830,0.07193994,0.24289269,1
1506606169,22464805,0.07193629,0.37152400,1
1506606016,22464722,0.07193000,0.20790000,1
1506606008,22464715,0.07192116,0.94956300,1
1506605971,22464689,0.07206600,1.22780538,0
1506605964,22464688,0.07205985,0.62779189,0
1506605960,22464687,0.07206000,0.20790000,0
1506605955,22464686,0.07190850,0.95379800,1
1506605900,22464648,0.07190679,0.42905000,1
1506605896,22464642,0.07190651,0.97528900,1
1506605893,22464638,0.07190638,0.96589858,1
1506605884,22464622,0.07190596,6.93630600,1
1506605883,22464618,0.07190595,4.31047300,1
1506605880,22464616,0.07190595,0.36211200,1
1506605860,22464599,0.07195000,0.72000000,1
1506605850,22464588,0.07195001,0.63175900,0
1506605782,22464548,0.07194058,1.20960966,1
1506605780,22464543,0.07194057,1.20941397,1
1506605777,22464539,0.07194057,1.20921797,1
1506605776,22464535,0.07194044,1.20906353,1
1506605773,22464529,0.07194044,1.20886751,0
1506605771,22464524,0.07194043,1.20867370,1
1506605769,22464517,0.07194030,1.20847787,1
1506605766,22464514,0.07194014,1.20828470,1
1506605764,22464509,0.07194013,1.20808887,1
1506605762,22464504,0.07193028,1.00019415,1
1506605762,22464503,0.07194000,0.20790000,1
1506605759,22464501,0.07193027,1.20805382,1
1506605756,22464494,0.07193014,1.20805382,1
1506605756,22464493,0.07193014,20.41529200,1
1506605755,22464490,0.07193013,1.20815300,1
1506605753,22464485,0.07193003,1.20801994,1
1506605740,22464472,0.07190872,0.34838700,1
1506605673,22464430,0.07203989,1.92289202,0
1506605563,22464328,0.07203987,2.21500000,0
1506605562,22464326,0.07203993,1.17610000,0
1506605562,22464325,0.07202000,0.20790000,0
1506605488,22464273,0.07204997,0.50984100,0
1506605413,22464256,0.07201996,1.03135958,0
1506605376,22464218,0.07190002,1.50000000,1
1506605222,22464127,0.07203000,2.40368000,1
1506605220,22464124,0.07199000,0.72000000,0
1506605107,22464076,0.07191004,0.55796367,0
1506605103,22464071,0.07191008,0.31491833,0
1506605103,22464070,0.07189100,0.41220133,0
1506605102,22464068,0.07191004,0.55796367,1
1506605053,22464048,0.07191017,1.46272000,1
1506605052,22464045,0.07191017,0.90879000,1
1506605051,22464042,0.07192003,4.85085700,0
1506605051,22464041,0.07192000,0.20790000,0
1506605050,22464040,0.07191017,1.34845400,1
1506605049,22464039,0.07191017,0.40299065,1
1506605049,22464038,0.07192000,0.20790000,1
1506605048,22464036,0.07192006,3.94206700,1
1506604996,22463999,0.07200997,0.72106900,0
1506604996,22463998,0.07191001,1.01293100,0
1506604923,22463952,0.07203958,2.77000000,0
1506604923,22463950,0.07203000,0.32200000,0
1506604818,22463858,0.07199500,1.38010000,0
1506604817,22463857,0.07199500,0.11990000,0
1506604811,22463855,0.07197969,0.07415600,0
1506604794,22463845,0.07199199,0.18300000,0
1506604786,22463841,0.07198990,0.11990000,0
1506604782,22463837,0.07198993,1.75800000,0
1506604782,22463835,0.07195000,0.93000000,0
1506604685,22463802,0.07194994,1.44042700,1
1506604647,22463741,0.07190400,1.62700000,0
1506604647,22463740,0.07190400,0.14000000,0
1506604634,22463732,0.07187497,0.35825900,1
1506604633,22463731,0.07180040,2.47542600,0
1506604633,22463730,0.07180040,1.78457400,0
1506604633,22463729,0.07179000,0.18500500,0
1506604603,22463712,0.07180039,0.29457400,0
1506604603,22463711,0.07179100,0.37542600,0
1506604602,22463710,0.07180000,0.07000000,1
1506604602,22463709,0.07180039,2.09431000,1
1506604601,22463708,0.07180039,0.67569000,1
1506604601,22463707,0.07180040,1.78457400,1
1506604599,22463700,0.07180040,5.57242600,1
1506604586,22463691,0.07181000,0.18500500,1
1506604481,22463577,0.07194993,0.80747300,0
1506604208,22463307,0.07180003,1.35899884,1
1506604205,22463297,0.07195000,0.07000000,0
1506604204,22463294,0.07194955,25.00000000,0
1506604184,22463273,0.07185029,0.94641233,1
1506604131,22463238,0.07193832,0.69000000,0
1506604131,22463237,0.07193832,2.08093300,0
1506604125,22463236,0.07193832,0.68906700,0
1506604040,22463080,0.07193873,0.85203100,0
1506603996,22463006,0.07178520,0.54329600,1
1506603995,22463003,0.07178519,0.10669900,1
1506603985,22462978,0.07178519,0.62289449,1
1506603985,22462976,0.07178519,1.31060497,1
1506603984,22462974,0.07178519,0.10669900,1
1506603983,22462971,0.07178518,2.04032800,1
1506603939,22462901,0.07178506,0.20816500,1
1506603937,22462897,0.07178505,0.57208200,1
1506603910,22462865,0.07178015,2.14702300,1
1506603893,22462842,0.07195297,0.20000000,0
1506603884,22462832,0.07192100,0.16400000,0
1506603868,22462796,0.07192300,0.20000000,0
1506603852,22462770,0.07176013,0.56736522,1
1506603852,22462769,0.07176016,0.17613774,1
1506603847,22462761,0.07176015,1.89999500,1
1506603844,22462750,0.07176012,1.41069400,1
1506603818,22462710,0.07190099,0.96108000,0
1506603818,22462709,0.07190099,1.70700000,0
1506603814,22462704,0.07190099,1.06300000,0
1506603807,22462689,0.07190096,0.20000000,0
1506603795,22462674,0.07186400,0.19955756,0
1506603794,22462668,0.07186400,0.30785206,0
1506603786,22462642,0.07189889,0.42400484,0
1506603784,22462632,0.07182003,0.10000000,0
1506603771,22462605,0.07182000,0.27071616,0
1506603766,22462593,0.07182000,0.05128384,0
1506603766,22462591,0.07180000,1.19975250,0
1506603762,22462581,0.07179900,1.52167858,1
1506603760,22462573,0.07179900,3.47824750,1
1506603760,22462572,0.07180000,1.19975250,1
1506603760,22462571,0.07182000,0.32200000,1
1506603758,22462561,0.07182003,0.12496600,1
1506603490,22462231,0.07185423,1.39365000,1
1506603320,22462096,0.07193398,1.30074300,0
1506603317,22462094,0.07193399,1.46925700,0
1506603309,22462063,0.07187997,0.92893039,1
1506603289,22462052,0.07180200,0.00000015,0
1506603287,22462044,0.07180200,2.22032700,0
1506603268,22462000,0.07176848,0.15000000,1
1506603258,22461974,0.07180200,2.02835300,0
1506603257,22461973,0.07180199,0.15000000,0
1506603231,22461964,0.07180199,0.20000000,0
1506603200,22461945,0.07176829,2.19647000,1
1506603197,22461934,0.07176829,4.24867900,1
1506603195,22461930,0.07176829,6.09869000,1
1506603195,22461928,0.07177000,0.35000000,1
1506603162,22461881,0.07180200,0.14962309,0
1506603154,22461874,0.07180200,0.45177457,0
1506603137,22461865,0.07180200,0.99285500,0
1506603137,22461864,0.07180200,0.28368578,0
1506603136,22461860,0.07180200,0.13723000,0
1506603135,22461858,0.07180200,20.01600000,0
1506603126,22461850,0.07180200,1.51124100,0
1506603123,22461846,0.07180200,0.17570200,0
1506603122,22461845,0.07180200,0.30000000,0
1506603102,22461801,0.07180200,1.81348000,0
1506603102,22461799,0.07180200,2.24899200,0
1506603096,22461795,0.07180200,0.39894400,0
1506603092,22461791,0.07180200,0.36653500,0
1506603073,22461780,0.07180200,10.91465800,0
1506603050,22461766,0.07180200,4.88909700,0
1506603030,22461753,0.07180200,0.24734200,0
1506603008,22461736,0.07180199,0.20706100,0
1506603006,22461735,0.07180200,2.13468100,0
1506602994,22461722,0.07180200,0.99800000,0
1506602986,22461716,0.07180200,6.57360300,0
1506602980,22461709,0.07180200,1.44297500,0
1506602980,22461708,0.07180199,2.46700100,0
1506602971,22461699,0.07180199,0.53179600,0
1506602965,22461695,0.07180199,0.07267600,0
1506602961,22461692,0.07180200,1.00000000,0
1506602955,22461686,0.07180015,0.74800000,0
1506602954,22461685,0.07180100,0.01052200,1
1506602953,22461679,0.07180100,1.48947800,1
1506602952,22461677,0.07180200,0.99800000,0
1506602926,22461673,0.07191640,0.57100000,0
1506602905,22461663,0.07191643,1.13911400,0
1506602889,22461639,0.07191654,0.24200000,0
1506602844,22461618,0.07191681,4.25948300,0
1506602798,22461551,0.07180001,4.94617034,0
1506602794,22461532,0.07180001,6.38238101,1
1506602723,22461441,0.07182800,1.50000000,1
1506602646,22461301,0.07187102,1.41929100,1
1506602645,22461299,0.07187102,8.89122500,1
1506602644,22461295,0.07187102,7.81817100,1
1506602644,22461288,0.07187102,1.94021300,1
1506602643,22461280,0.07187102,1.41926500,1
1506602632,22461235,0.07187102,5.44101100,1
1506602631,22461224,0.07187102,0.57911000,1
1506602631,22461221,0.07190000,3.11000000,1
1506602631,22461219,0.07190000,0.50000000,1
1506602631,22461218,0.07190000,0.34000000,1
1506602543,22461126,0.07190003,1.15428800,1
1506602542,22461124,0.07190808,1.70034700,1
1506602542,22461123,0.07190808,1.06965300,1
1506602404,22461013,0.07190807,3.17883300,1
1506602404,22461012,0.07193020,1.46925700,1
1506602402,22461007,0.07193019,1.30074300,0
1506602402,22461005,0.07190807,7.37585062,1
1506602402,22461004,0.07193017,0.12496538,1
1506602400,22460999,0.07193019,3.02860214,1
1506602399,22460998,0.07193019,1.30074300,1
1506602377,22460984,0.07193011,4.82723540,1
1506602376,22460981,0.07209000,3.04598614,1
1506602376,22460979,0.07208943,2.77000000,0
1506602376,22460978,0.07197816,2.18401386,0
1506602338,22460964,0.07193007,0.24801000,0
1506602320,22460957,0.07194000,0.20546170,1
1506602317,22460949,0.07197816,0.69458569,0
1506602068,22460772,0.07199646,0.35828500,0
1506602013,22460746,0.07199655,5.00000000,1
1506601943,22460691,0.07211976,11.46887940,0
1506601759,22460535,0.07212000,0.20546170,0
1506601759,22460534,0.07211999,0.45170830,0
1506601506,22460390,0.07197103,0.43372000,0
1506601334,22460281,0.07203000,0.72000000,1
1506601182,22460156,0.07203604,4.08310518,1
1506601182,22460155,0.07203606,3.40036482,1
1506601080,22460104,0.07219990,3.40036482,0
1506600934,22460062,0.07201330,0.18555010,1
1506600665,22459898,0.07220990,1.10961997,0
1506600647,22459890,0.07222798,0.05710286,1
1506600646,22459889,0.07213000,0.19894856,0
1506600639,22459883,0.07203210,0.92727286,1
1506600531,22459810,0.07213000,0.52105144,0
1506600508,22459802,0.07202005,0.58814940,1
1506600508,22459801,0.07202005,0.32100000,1
1506600291,22459620,0.07212138,2.16870732,0
1506600285,22459611,0.07212145,14.78072908,0
1506600285,22459609,0.07212076,3.31803983,0
1506600284,22459606,0.07212148,4.63933069,0
1506600283,22459603,0.07212149,13.45331346,1
1506600282,22459600,0.07212152,2.64745635,0
1506600281,22459598,0.07212152,17.88539965,0
1506600281,22459597,0.07211000,0.20730000,0
1506600026,22459421,0.07206800,4.34256101,1
1506600026,22459420,0.07206803,3.88643899,1
1506600004,22459376,0.07210303,0.47502800,1
1506599942,22459344,0.07227881,4.00000000,0
1506599864,22459265,0.07209903,12.97770000,0
1506599863,22459264,0.07212000,0.32100000,1
1506599852,22459262,0.07216000,0.20730000,1
1506599795,22459222,0.07209003,0.11420811,1
1506599582,22459114,0.07210600,0.08917000,1
1506599509,22459071,0.07219400,2.23000000,0
1506599508,22459069,0.07219400,2.77000000,0
1506599500,22459064,0.07218600,4.99999996,0
1506599499,22459063,0.07217165,2.77000000,0
1506599499,22459062,0.07217162,12.55516104,0
1506599183,22458765,0.07204000,1.26000000,0
1506599169,22458751,0.07204000,0.06800000,0
1506599169,22458750,0.07203000,0.32200000,0
1506599075,22458622,0.07208000,1.01889574,0
1506598786,22458305,0.07204700,0.53999500,1
1506598767,22458288,0.07207401,1.00000000,1
1506598668,22458236,0.07212000,1.33971351,1
1506598664,22458232,0.07212000,0.80615749,1
1506598664,22458231,0.07212001,0.09383751,1
1506598651,22458221,0.07212000,1.45412900,1
1506598541,22458114,0.07217100,0.65641989,1
1506598541,22458112,0.07217100,0.66357511,1
1506598427,22457983,0.07220500,0.22956213,1
1506598402,22457977,0.07230100,1.50000000,1
1506598312,22457946,0.07232881,1.37926464,0
1506598295,22457932,0.07238477,0.64498547,0
1506598295,22457931,0.07230000,0.20680000,0
1506598245,22457893,0.07235997,0.20679500,0
1506598176,22457760,0.07221916,1.27564200,1
1506598129,22457725,0.07229800,1.50000000,1
1506598095,22457713,0.07224801,2.77000000,1
1506598053,22457702,0.07224407,1.42558200,1
1506598019,22457679,0.07243997,0.37342571,0
1506597971,22457650,0.07238197,0.33370000,0
1506597931,22457598,0.07223764,1.18602738,1
1506597930,22457596,0.07223764,1.08047800,1
1506597916,22457577,0.07223764,0.98505298,1
1506597906,22457561,0.07223764,3.27022091,1
1506597906,22457560,0.07225000,0.20680000,1
1506597904,22457555,0.07223764,3.68526922,1
1506597904,22457554,0.07223765,0.37342571,1
1506597902,22457549,0.07223764,0.17434494,1
1506597899,22457540,0.07223764,1.01179564,1
1506597899,22457535,0.07223764,8.16844848,1
1506597833,22457115,0.07223846,1.48285000,1
1506597831,22457111,0.07223833,1.28715000,1
1506597807,22457057,0.07223832,1.18051100,1
1506597536,22456835,0.07235900,5.00000000,1
1506597534,22456833,0.07235903,0.87257362,1
1506597513,22456819,0.07254693,1.63746350,1
1506597513,22456818,0.07250000,0.20670000,0
1506597511,22456816,0.07248709,2.15894456,0
1506597502,22456811,0.07229700,0.60116287,1
1506597502,22456810,0.07232000,0.20670000,1
1506597458,22456789,0.07242000,0.20680000,0
1506597376,22456663,0.07223716,0.79806200,1
1506597367,22456644,0.07245972,0.13275672,0
1506597361,22456627,0.07223709,0.59116164,1
1506597361,22456625,0.07225000,0.20680000,1
1506597358,22456607,0.07223708,3.30911800,1
1506597357,22456602,0.07223708,0.26724503,1
1506597357,22456601,0.07223708,2.06471000,1
1506597357,22456600,0.07223708,0.45506308,1
1506597354,22456592,0.07223707,0.34289900,1
1506597348,22456583,0.07223704,4.24099900,1
1506597347,22456578,0.07223704,0.34005829,1
1506597346,22456574,0.07223704,1.47995688,1
1506597346,22456571,0.07225814,0.00009612,1
1506597335,22456520,0.07225814,0.87241964,1
1506597326,22456505,0.07225813,0.10000000,0
1506597318,22456475,0.07225813,1.01429000,0
1506597255,22456371,0.07227000,0.05364706,1
1506597255,22456370,0.07229000,0.32200000,1
1506597173,22456191,0.07230703,1.30032000,1
1506597172,22456190,0.07230703,0.62475100,1
1506597162,22456146,0.07230703,1.30032000,1
1506597160,22456140,0.07230703,0.41529047,1
1506597148,22456114,0.07230701,1.29969600,1
1506597144,22456106,0.07230702,0.10000000,1
1506597143,22456104,0.07230701,0.64762684,1
1506597133,22456063,0.07229601,2.57069100,1
1506597131,22456058,0.07229601,0.64772000,1
1506597129,22456053,0.07229601,0.41529047,1
1506597122,22456042,0.07249692,0.66990100,0
1506597111,22456003,0.07246000,0.20650000,0
1506597111,22456002,0.07245600,0.24971100,0
1506597086,22455969,0.07229040,0.19761700,1
1506597044,22455921,0.07245022,0.16980800,0
1506597029,22455886,0.07245036,0.76038600,1
1506597028,22455885,0.07245036,0.24361700,1
1506597007,22455785,0.07229005,0.35913200,1
1506597005,22455774,0.07229004,0.39444100,1
1506597005,22455773,0.07230000,0.20650000,1
1506596994,22455729,0.07229001,0.49317000,1
1506596979,22455659,0.07245033,29.70950290,1
1506596979,22455658,0.07245040,12.96004710,1
1506596970,22455603,0.07245022,1.09592505,1
1506596970,22455599,0.07245022,0.49317000,1
1506596969,22455596,0.07245022,0.81614500,1
1506596951,22455540,0.07248600,4.44810000,0
1506596948,22455523,0.07245002,2.36690300,1
1506596948,22455522,0.07245002,0.49332800,1
1506596944,22455509,0.07251300,4.04922000,0
1506596943,22455507,0.07250000,0.20640000,0
1506596943,22455506,0.07246000,0.12338000,0
1506596941,22455505,0.07245000,0.32100000,0
1506596936,22455501,0.07221934,1.15205700,1
1506596936,22455500,0.07223000,0.32100000,1
1506596935,22455499,0.07221937,0.49332800,1
1506596933,22455491,0.07245600,1.38733800,0
1506596933,22455489,0.07245600,0.55125900,0
1506596925,22455470,0.07247000,2.34923100,1
1506596925,22455469,0.07247000,1.26343700,1
1506596924,22455468,0.07247000,1.38733200,1
1506596920,22455462,0.07245600,1.56307700,1
1506596918,22455458,0.07245600,0.53643700,1
1506596914,22455445,0.07264600,1.50000000,0
1506596914,22455444,0.07264599,8.87592472,0
1506596914,22455442,0.07251000,1.80000000,0
1506596914,22455441,0.07250997,5.94941802,0
1506596910,22455438,0.07234402,0.53630003,1
1506596910,22455437,0.07234402,0.78666600,1
1506596909,22455435,0.07234300,0.53640500,1
1506596909,22455434,0.07234300,3.75349100,1
1506596909,22455428,0.07234301,0.82020263,1
1506596908,22455423,0.07234300,0.53640500,1
1506596906,22455421,0.07234402,0.53725742,1
1506596906,22455420,0.07234402,0.06766358,1
1506596906,22455419,0.07235000,0.20640000,1
1506596905,22455416,0.07234402,0.53640500,1
1506596903,22455415,0.07234414,5.94941802,1
1506596903,22455414,0.07251887,1.73600198,1
1506596902,22455412,0.07251887,2.77000000,1
1506596901,22455410,0.07255500,5.00000000,0
1506596901,22455409,0.07251885,2.77000000,0
1506596901,22455408,0.07251878,5.87265636,0
1506596899,22455406,0.07234402,2.89148261,1
1506596899,22455405,0.07240105,0.09601445,1
1506596894,22455394,0.07240105,0.14222800,1
1506596885,22455342,0.07263724,0.15858654,0
1506596885,22455341,0.07255000,1.50000000,0
1506596885,22455338,0.07246900,5.00000000,0
1506596883,22455327,0.07245419,5.10298200,0
1506596881,22455317,0.07235499,0.49399801,0
1506596879,22455307,0.07235499,0.23824245,0
1506596871,22455286,0.07234402,0.88620000,1
1506596869,22455281,0.07231455,2.41081795,0
1506596868,22455280,0.07230000,0.20743086,0
1506596856,22455242,0.07218008,0.66357511,1
1506596856,22455241,0.07218008,1.01663500,1
1506596855,22455236,0.07218008,0.31805300,1
1506596850,22455221,0.07218007,0.52802000,1
1506596837,22455194,0.07231497,1.25338039,0
1506596826,22455172,0.07220037,0.35000000,0
1506596825,22455169,0.07220042,2.25490200,1
1506596824,22455160,0.07220045,0.98261600,1
1506596823,22455151,0.07220043,1.33447400,1
1506596822,22455148,0.07220042,0.35185800,1
1506596822,22455144,0.07237493,1.40944100,0
1506596821,22455139,0.07220042,0.16324000,1
1506596816,22455117,0.07220038,1.33438700,1
1506596813,22455096,0.07220038,0.49628500,1
1506596812,22455092,0.07220038,0.31017000,1
1506596811,22455088,0.07220038,0.89760900,1
1506596810,22455084,0.07220038,11.87649678,1
1506596808,22455079,0.07220038,1.33431600,1
1506596807,22455077,0.07220038,0.88335555,0
1506596807,22455076,0.07220037,1.57678100,0
1506596806,22455069,0.07220037,0.30997300,1
1506596805,22455062,0.07232993,1.02583100,0
1506596804,22455059,0.07220037,0.14087245,1
1506596804,22455058,0.07220038,0.88335555,1
1506596803,22455055,0.07220040,0.30997945,0
1506596765,22454967,0.07234599,0.27490492,0
1506596765,22454966,0.07234599,0.11459676,0
1506596765,22454965,0.07234599,0.26049831,0
1506596749,22454950,0.07234600,0.11459676,1
1506596749,22454949,0.07234600,0.61764370,1
1506596738,22454930,0.07234405,0.00000404,0
1506596737,22454929,0.07234405,0.11845596,1
1506596733,22454914,0.07235373,0.24255269,0
1506596707,22454842,0.07219514,0.66278500,1
1506596704,22454840,0.07219513,2.32414700,1
1506596702,22454836,0.07219512,3.35956584,1
1506596702,22454835,0.07235400,0.00012261,1
1506596701,22454831,0.07235400,0.20730824,1
1506596689,22454819,0.07219504,1.19233300,1
1506596688,22454817,0.07220400,0.05114000,1
1506596687,22454814,0.07220400,4.94886000,1
1506596685,22454809,0.07227733,0.87900000,1
1506596655,22454763,0.07227733,0.98235785,0
1506596654,22454758,0.07230800,0.11459676,1
1506596645,22454736,0.07227660,1.67289897,1
1506596638,22454726,0.07227833,0.26424241,1
1506596577,22454593,0.07227790,1.21070220,1
1506596576,22454589,0.07245173,0.82943200,0
1506596572,22454576,0.07227788,0.98014600,1
1506596572,22454572,0.07245176,1.04307996,0
1506596572,22454571,0.07245175,0.11280200,0
1506596458,22454444,0.07245989,7.36509600,0
1506596342,22454176,0.07227512,1.09416636,1
1506596342,22454175,0.07229000,0.00012599,1
1506596341,22454174,0.07229000,0.18707401,1
1506596315,22454116,0.07231205,2.25360000,1
1506596310,22454095,0.07247000,0.18636914,0
1506596308,22454081,0.07231202,4.79340000,1
1506596308,22454079,0.07232000,0.20660000,1
1506596305,22454068,0.07253988,0.70410511,0
1506596300,22454048,0.07231200,2.11022319,0
1506596298,22454043,0.07231200,1.94463231,1
1506596298,22454042,0.07231200,0.20660000,1
1506596297,22454036,0.07231200,2.10147923,1
1506596297,22454034,0.07212921,0.74728846,0
1506596296,22454029,0.07212921,0.24234827,0
1506596295,22454025,0.07212921,2.90078700,0
1506596295,22454024,0.07212921,14.22053800,0
1506596291,22454009,0.07214109,0.20000000,1
1506596291,22454007,0.07234000,5.00000000,1
1506596291,22454005,0.07235027,0.90000000,1
1506596291,22454002,0.07235028,1.86644827,1
1506596288,22453986,0.07235028,0.90355173,1
1506596286,22453979,0.07235027,1.98457214,1
1506596283,22453969,0.07250482,0.27761972,0
1506596283,22453967,0.07250481,1.03736803,1
1506596282,22453960,0.07250481,1.80054225,0
1506596278,22453956,0.07250481,1.18128868,0
1506596263,22453913,0.07242282,0.23338276,0
1506596263,22453911,0.07242281,0.35117756,0
1506596259,22453887,0.07235004,0.80164534,1
1506596257,22453876,0.07234009,37.01213000,1
1506596257,22453875,0.07235000,0.20660000,1
1506596257,22453872,0.07249473,0.24129000,1
1506596242,22453814,0.07234004,0.70591027,1
1506596240,22453809,0.07234003,4.11146443,1
1506596236,22453799,0.07250499,1.22889644,0
1506596227,22453754,0.07233203,37.36954000,1
1506596222,22453735,0.07238300,1.57677087,1
1506596222,22453733,0.07238300,0.20610000,1
1506596220,22453726,0.07238048,3.21712913,0
1506596218,22453719,0.07238053,0.23678150,0
1506596186,22453609,0.07247000,0.20610000,1
1506596183,22453601,0.07247003,0.13810921,1
1506596170,22453528,0.07258200,2.83506600,0
1506596167,22453508,0.07254900,0.40103872,1
1506596161,22453474,0.07254900,5.00000000,0
1506596161,22453472,0.07250300,1.50000000,0
1506596161,22453470,0.07246800,0.67068393,0
1506596156,22453433,0.07246800,0.42763634,0
1506596119,22453302,0.07237007,0.42365603,1
1506596079,22453237,0.07246799,0.84973700,0
1506596065,22453204,0.07246800,8.54030700,0
1506596057,22453179,0.07246796,0.61545089,0
1506596056,22453170,0.07246800,5.18313900,0
1506596054,22453159,0.07246800,11.70648953,0
1506596054,22453157,0.07246797,8.99623847,0
1506596044,22453131,0.07246800,0.52076900,0
1506596036,22453109,0.07246773,0.11039200,1
1506595915,22452850,0.07245097,0.46860100,0
1506595906,22452829,0.07243200,1.10690049,0
1506595903,22452824,0.07242900,2.32937421,1
1506595902,22452823,0.07242900,2.77000000,1
1506595901,22452820,0.07242900,2.77000000,1
1506595859,22452711,0.07219631,1.02388006,1
1506595808,22452626,0.07239800,5.26133500,0
1506595741,22452481,0.07235699,0.09081700,0
1506595738,22452471,0.07210703,0.18771474,1
1506595732,22452462,0.07233300,2.64700687,0
1506595732,22452461,0.07233299,1.08949313,0
1506595731,22452459,0.07233287,0.14661700,0
1506595708,22452427,0.07226293,0.78254325,1
1506595707,22452425,0.07226292,1.83262475,0
1506595685,22452381,0.07219599,1.00900000,0
1506595678,22452367,0.07219600,5.00000000,0
1506595673,22452363,0.07219597,4.16057800,0
1506595616,22452259,0.07202139,7.93816414,1
1506595607,22452250,0.07202125,2.04219400,1
1506595602,22452235,0.07202111,0.78354500,1
1506595583,22452221,0.07202083,0.32411900,1
1506595566,22452200,0.07202069,0.46172000,1
1506595544,22452172,0.07202055,18.92411138,1
1506595449,22452039,0.07203367,0.78359308,1
1506595384,22451954,0.07219944,2.77000000,0
1506595350,22451896,0.07205026,4.98654829,1
1506595346,22451874,0.07205013,13.29746210,1
1506595341,22451847,0.07205013,0.19607800,1
1506595338,22451829,0.07205013,0.83621200,1
1506595309,22451786,0.07205013,0.15015000,1
1506595308,22451785,0.07205013,0.23360100,1
1506595265,22451741,0.07210400,3.50614100,0
1506595259,22451735,0.07203380,0.64459706,1
1506595248,22451726,0.07210248,1.93611383,0
1506595236,22451723,0.07203380,2.51341633,1
1506595182,22451677,0.07207101,1.09756700,0
1506595182,22451675,0.07206000,0.20720000,0
1506595135,22451619,0.07192628,0.23011006,1
1506595119,22451598,0.07197484,1.84351300,0
1506595115,22451587,0.07197484,0.42685311,1
1506595111,22451564,0.07197469,0.42685311,1
1506595103,22451512,0.07197469,0.89999888,1
1506595101,22451506,0.07197456,0.42685311,1
1506595097,22451484,0.07197455,0.21965310,1
1506595097,22451482,0.07198000,0.20720000,1
1506595092,22451475,0.07210400,5.00000000,0
1506595092,22451474,0.07210395,1.80428737,0
1506595091,22451473,0.07210396,0.00000018,0
1506595091,22451472,0.07200000,19.25760482,0
1506595086,22451467,0.07200000,0.21244982,0
1506595068,22451445,0.07199999,2.03096711,0
1506595068,22451444,0.07199999,0.23185406,0
1506595061,22451439,0.07199999,2.22530600,0
1506595061,22451438,0.07199999,0.10392700,0
1506595055,22451434,0.07197400,0.28205000,1
1506595044,22451411,0.07197386,0.28131839,1
1506595037,22451400,0.07197385,0.27733873,1
1506595026,22451393,0.07197385,2.34648453,1
1506595011,22451349,0.07207354,1.45971800,0
1506594999,22451323,0.07197371,0.23364900,1
1506594989,22451300,0.07197356,0.23360100,1
1506594985,22451287,0.07197356,0.46503147,1
1506594984,22451282,0.07197356,0.53456501,1
1506594984,22451280,0.07199100,0.00013142,1
1506594983,22451277,0.07199100,0.23140657,1
1506594976,22451267,0.07207354,0.43846200,0
1506594976,22451266,0.07198101,0.23153800,0
1506594974,22451263,0.07197354,1.21896400,1
1506594974,22451262,0.07198101,0.23185000,1
1506594965,22451248,0.07197339,1.68235200,1
1506594948,22451225,0.07197297,0.51586061,1
1506594948,22451224,0.07197297,3.27379300,1
1506594947,22451221,0.07197284,0.93058262,1
1506594947,22451220,0.07197284,0.23188038,1
1506594943,22451201,0.07202784,0.15481400,0
1506594940,22451197,0.07202784,0.36441600,0
1506594938,22451193,0.07202784,0.50000000,0
1506594936,22451192,0.07202784,0.50000000,0
1506594934,22451184,0.07202785,0.50000000,0
1506594930,22451176,0.07201007,0.28192700,0
1506594930,22451175,0.07200000,0.21807300,0
1506594928,22451167,0.07197214,1.01002600,1
1506594853,22451059,0.07204122,3.27242617,1
1506594852,22451058,0.07204124,3.39469383,1
1506594850,22451054,0.07204106,6.33375704,1
1506594840,22451038,0.07204057,1.55156603,1
1506594828,22451028,0.07215000,0.20720000,0
1506594749,22450970,0.07219000,1.18416595,1
1506594591,22450801,0.07218016,3.39458100,0
1506594576,22450785,0.07218001,0.21965311,1
1506594576,22450782,0.07219000,0.20720000,1
1506594573,22450771,0.07218001,0.42685311,1
1506594571,22450760,0.07218001,0.88913809,1
1506594571,22450759,0.07220002,2.77000000,1
1506594570,22450758,0.07233376,2.13317500,0
1506594517,22450616,0.07226032,0.17197877,1
1506594492,22450555,0.07227008,0.23868000,1
1506594490,22450547,0.07227007,1.26938000,1
1506594427,22450440,0.07233384,2.77000000,1
1506594421,22450433,0.07233410,0.16788200,1
1506594418,22450420,0.07233399,10.40321700,1
1506594399,22450386,0.07233318,0.23863817,1
1506594396,22450376,0.07233304,2.95670000,1
1506594394,22450363,0.07233291,0.38921426,1
1506594348,22450245,0.07246800,5.25395569,0
1506594347,22450243,0.07245000,1.18226635,0
1506594345,22450236,0.07233063,0.13004501,1
1506594335,22450203,0.07246796,0.00118292,0
1506594335,22450202,0.07246793,1.34942104,0
1506594303,22450092,0.07246800,2.89773000,0
1506594302,22450084,0.07246000,0.19361000,0
1506594294,22450057,0.07245997,0.38844896,1
1506594268,22449975,0.07230523,0.23787000,1
1506594259,22449953,0.07242997,0.10306139,1
1506594188,22449804,0.07226019,1.50000000,1
1506594044,22449513,0.07229398,1.16942990,0
1506594043,22449512,0.07229199,0.75605519,0
1506593925,22449392,0.07220800,1.50000000,0
1506593925,22449391,0.07220797,9.84793073,0
1506593765,22449289,0.07220773,1.00278918,0
1506593623,22449171,0.07215891,2.56198464,0
1506593623,22449170,0.07215000,0.13840000,0
1506593623,22449169,0.07214999,0.75605536,0
1506593518,22448975,0.07218997,2.07287519,0
1506593475,22448862,0.07219001,0.33327173,1
1506593474,22448861,0.07219001,0.60000000,1
1506593474,22448860,0.07220000,0.13080000,1
1506593448,22448821,0.07225545,3.47175644,1
1506593395,22448723,0.07220900,0.10158807,0
1506593386,22448702,0.07220890,4.66116500,0
1506593382,22448693,0.07220890,0.42344600,0
1506593376,22448681,0.07220891,0.22984100,0
1506593369,22448673,0.07202001,0.41672827,1
1506593301,22448593,0.07220000,0.20000000,0
1506593301,22448589,0.07219989,0.29993900,0
1506593287,22448558,0.07220900,1.39841193,1
1506593287,22448557,0.07220584,1.67669807,1
1506593283,22448553,0.07196200,3.84729666,0
1506593283,22448552,0.07196201,0.61566706,1
1506593283,22448550,0.07199050,0.09564468,1
1506593283,22448549,0.07200000,2.08567332,1
1506593283,22448548,0.07200000,0.25000000,1
1506593282,22448546,0.07200000,0.10000000,1
1506593282,22448545,0.07200000,0.07343444,1
1506593282,22448544,0.07200000,0.11523710,1
1506593282,22448543,0.07200473,1.67669807,1
1506593282,22448542,0.07201000,0.20760000,1
1506593282,22448541,0.07203000,0.02754805,1
1506593271,22448534,0.07203000,0.23659089,1
1506593265,22448530,0.07203000,0.23659089,1
1506593018,22448397,0.07200000,0.91330700,1
1506593018,22448396,0.07200000,0.07000000,1
1506593017,22448395,0.07200000,4.00000000,1
1506593004,22448386,0.07200003,9.00000000,1
1506593004,22448385,0.07200007,4.00000000,1
1506593004,22448384,0.07201000,1.34291681,1
1506593004,22448383,0.07201000,0.10000000,1
1506593004,22448382,0.07201000,0.12860400,1
1506593004,22448381,0.07201003,4.96468466,1
1506592965,22448352,0.07201406,0.86750700,1
1506592626,22448137,0.07210268,0.63760686,1
1506592574,22448118,0.07218400,2.00000000,1
1506592572,22448117,0.07218400,3.00000000,1
1506592518,22448088,0.07234000,0.12639000,0
1506592368,22448023,0.07230991,2.00055483,0
1506592348,22448018,0.07224500,1.63996125,0
1506592346,22448015,0.07223883,0.48460179,1
1506592346,22448014,0.07224300,0.33539821,1
1506592346,22448012,0.07224500,3.36003875,0
1506592345,22448008,0.07223883,1.95000000,0
1506592345,22448007,0.07223883,0.81947008,0
1506592342,22447990,0.07223883,1.95052992,0
1506592338,22447982,0.07223880,3.83163683,0
1506592267,22447947,0.07206642,7.00238882,1
1506592266,22447946,0.07215000,5.00000000,0
1506592264,22447944,0.07215003,2.28441118,1
1506592158,22447875,0.07230933,0.19119237,0
1506592066,22447817,0.07215851,1.24792214,1
1506592064,22447816,0.07230961,0.42740000,0
1506591869,22447681,0.07229997,0.09920700,0
1506591844,22447670,0.07229974,0.49273900,0
1506591833,22447656,0.07229977,0.63451000,0
1506591820,22447645,0.07229984,0.93989379,0
1506591820,22447642,0.07227000,0.20718795,0
1506591819,22447640,0.07215000,0.20718795,1
1506591810,22447635,0.07213500,0.40600000,1
1506591797,22447611,0.07230000,0.49886000,0
1506591787,22447601,0.07228800,0.36198300,0
1506591787,22447600,0.07227300,1.50000000,0
1506591786,22447599,0.07224000,0.20690000,0
1506591786,22447598,0.07223999,0.91675567,0
1506591777,22447589,0.07224900,1.50734344,0
1506591777,22447588,0.07224895,0.31898656,0
1506591758,22447572,0.07215905,0.77000000,0
1506591758,22447571,0.07215905,1.67900744,0
1506591757,22447570,0.07214019,0.32099256,0
1506591756,22447568,0.07215905,0.76000000,1
1506591756,22447567,0.07215905,2.00799400,1
1506591745,22447550,0.07215905,0.76200600,1
1506591684,22447515,0.07219600,0.43082100,1
1506591684,22447512,0.07219600,0.18670099,1
1506591679,22447503,0.07215903,0.25393600,1
1506591672,22447495,0.07232197,0.13798907,1
1506591647,22447482,0.07223000,0.20690000,1
1506591631,22447474,0.07224003,1.08791484,0
1506591622,22447462,0.07225200,1.63632800,1
1506591614,22447448,0.07225200,2.77748741,1
1506591605,22447425,0.07246792,1.84280109,1
1506591605,22447424,0.07232000,0.20730000,0
1506591604,22447422,0.07230982,2.77000000,0
1506591604,22447420,0.07227000,5.00000000,1
1506591603,22447416,0.07226198,0.17989891,0
1506591593,22447373,0.07217027,0.28747759,0
1506591591,22447355,0.07217027,2.77000000,1
1506591589,22447340,0.07218000,0.20730000,1
1506591520,22447287,0.07228494,0.00010109,1
1506591518,22447284,0.07228494,0.19989891,1
1506591514,22447281,0.07234297,2.35928456,0
1506591514,22447279,0.07228499,0.20000000,0
1506591510,22447278,0.07228500,0.20000000,1
1506591507,22447277,0.07229600,2.43787400,0
1506591500,22447269,0.07226991,0.20000000,1
1506591498,22447268,0.07229200,5.39981100,1
1506591496,22447266,0.07229200,5.00000000,0
1506591496,22447265,0.07228499,2.77000000,0
1506591492,22447262,0.07228500,1.50000000,0
1506591491,22447261,0.07226000,0.20720000,0
1506591417,22447093,0.07226197,0.72970200,0
1506591170,22446976,0.07213601,13.51927164,1
1506591170,22446975,0.07213900,5.00000000,1
1506591170,22446974,0.07214000,0.32000000,1
1506591169,22446973,0.07216148,5.00000000,1
1506591169,22446972,0.07217008,2.73000000,1
1506591169,22446971,0.07218000,0.20720000,1
1506591169,22446970,0.07218003,13.45337510,1
1506591024,22446902,0.07228700,1.34824500,0
1506590966,22446823,0.07228700,0.15175000,0
1506590736,22446639,0.07221818,30.12026022,1
1506590736,22446636,0.07221818,11.32106702,0
1506590551,22446521,0.07207650,2.73000000,1
1506590345,22446395,0.07226984,4.79320000,1
1506590345,22446393,0.07215800,5.00000000,0
1506590344,22446392,0.07214988,0.20680000,1
1506590115,22446231,0.07201000,0.39139600,1
1506590101,22446152,0.07201300,0.26158181,1
1506590100,22446151,0.07216997,0.06910808,0
1506590097,22446150,0.07213000,0.32000000,0
1506590078,22446106,0.07201300,1.23841819,1
1506590078,22446105,0.07201701,0.06158181,1
1506590077,22446104,0.07201701,0.02691100,1
1506590077,22446103,0.07203747,0.20000000,1
1506590071,22446098,0.07203747,0.20000000,1
1506590066,22446094,0.07201700,2.26700000,1
1506590064,22446091,0.07201700,1.03460500,1
1506590064,22446090,0.07202053,0.20000000,1
1506590063,22446089,0.07202201,0.17635623,1
1506590032,22446072,0.07206100,2.22095706,1
1506590032,22446071,0.07206600,0.15367594,1
1506590022,22446062,0.07206600,2.62536800,1
1506590021,22446060,0.07207207,0.39426000,1
1506590021,22446058,0.07210012,0.35110149,1
1506590021,22446057,0.07210015,5.15829110,1
1506589988,22446041,0.07210003,3.79304200,1
1506589982,22446036,0.07234695,0.20000000,1
1506589971,22446031,0.07210615,3.00000000,1
1506589884,22445976,0.07217707,1.94831400,1
1506589878,22445973,0.07217713,1.18000000,1
1506589875,22445972,0.07217707,0.65257700,0
1506589874,22445970,0.07217707,0.31850239,0
1506589867,22445966,0.07223000,0.32000000,1
1506589764,22445892,0.07227400,3.01000000,1
1506589761,22445887,0.07227403,0.40784200,1
1506589707,22445843,0.07246800,3.35073206,0
1506589669,22445813,0.07228606,0.11420000,1
1506589669,22445812,0.07230000,0.20680000,1
1506589623,22445787,0.07246799,0.37485327,0
1506589622,22445786,0.07246799,0.44751773,0
1506589584,22445730,0.07246800,1.44855745,0
1506589583,22445729,0.07246766,9.35053855,0
1506589518,22445642,0.07235700,0.00000010,0
1506589499,22445623,0.07230077,0.37788700,1
1506589490,22445613,0.07235700,1.49999990,0
1506589490,22445612,0.07235400,0.61700110,0
1506589488,22445609,0.07235400,4.38299890,0
1506589488,22445607,0.07233191,0.20000000,0
1506589488,22445606,0.07230077,2.75962010,0
1506589477,22445602,0.07230057,2.73000000,0
1506589436,22445576,0.07230073,1.17283655,0
1506589159,22445242,0.07212800,0.11579988,1
1506589159,22445241,0.07220000,0.12000000,1
1506589159,22445240,0.07220001,0.00000012,1
1506589084,22445158,0.07220001,2.32214300,1
1506589084,22445157,0.07220001,0.03884500,1
1506589045,22445144,0.07220001,0.20511000,1
1506588861,22444881,0.07233249,0.20000000,0
1506588852,22444878,0.07217313,5.31019545,1
1506588768,22444846,0.07233380,0.20000000,0
1506588674,22444777,0.07217157,0.26520800,1
1506588673,22444776,0.07217157,0.30862000,1
1506588668,22444747,0.07217157,0.19062300,1
1506588636,22444731,0.07217212,0.68217543,1
1506588636,22444730,0.07217215,2.04782457,1
1506588507,22444649,0.07217210,3.02658000,1
1506588482,22444616,0.07233797,0.70000000,0
1506588461,22444607,0.07227993,1.72155112,0
1506588461,22444606,0.07226000,0.20690000,0
1506587978,22444311,0.07217029,0.32100000,1
1506587826,22444187,0.07228000,4.75604000,0
1506587725,22444081,0.07216401,42.37396890,0
1506587724,22444079,0.07216405,0.37489126,1
1506587721,22444075,0.07223459,2.73000000,1
1506587653,22443960,0.07223424,0.74206400,1
1506587622,22443916,0.07229999,0.20000000,0
1506587540,22443832,0.07236997,2.01949647,0
1506587510,22443805,0.07223400,0.44554111,1
1506587510,22443804,0.07226004,0.20579989,1
1506587510,22443803,0.07226006,2.73000000,1
1506587508,22443801,0.07226005,1.36245328,1
1506587508,22443800,0.07227000,0.20690000,1
1506587494,22443790,0.07226003,2.99757695,1
1506587466,22443766,0.07228100,1.08150340,1
1506587466,22443765,0.07230003,3.44902112,1
1506587466,22443764,0.07233200,0.31038148,1
1506587464,22443757,0.07233200,0.24042300,1
1506587464,22443756,0.07230003,3.44907292,0
1506587463,22443754,0.07231000,0.32100000,1
1506587463,22443753,0.07231000,0.06951881,1
1506587463,22443752,0.07231001,0.08883927,1
1506587457,22443742,0.07232012,0.57262538,1
1506587444,22443720,0.07232012,4.42732237,0
1506587439,22443715,0.07233001,0.17700984,1
1506587408,22443700,0.07232185,0.00000039,0
1506587408,22443699,0.07232185,0.35282461,1
1506587408,22443698,0.07232600,0.75633400,1
1506587407,22443697,0.07232600,3.53840200,1
1506587405,22443679,0.07232600,0.70526400,1
1506587395,22443645,0.07248985,0.95439126,1
1506587394,22443642,0.07248600,4.60131067,0
1506587394,22443639,0.07248600,0.39868933,0
1506587362,22443602,0.07232438,5.10835600,1
1506587333,22443574,0.07248200,0.70276055,0
1506587333,22443573,0.07246791,1.15923945,0
1506587332,22443572,0.07246790,12.14200000,0
1506587325,22443565,0.07246792,0.68979487,0
1506587273,22443531,0.07236793,0.18083092,1
1506587244,22443490,0.07246792,1.77002458,0
1506587153,22443447,0.07236795,0.19000000,1
1506586991,22443397,0.07243684,0.32527641,0
1506586991,22443396,0.07243684,0.29954377,0
1506586949,22443334,0.07243685,2.17222311,0
1506586898,22443275,0.07239898,0.19789795,0
1506586898,22443274,0.07229918,0.00000539,0
1506586890,22443269,0.07229918,0.57691103,0
1506586880,22443264,0.07229918,1.63024006,0
1506586753,22443215,0.07231003,0.49785200,1
1506586743,22443210,0.07247481,0.34722262,1
1506586742,22443209,0.07247478,1.15724864,1
1506586742,22443207,0.07247478,1.49552874,0
1506586723,22443186,0.07247496,0.96354658,0
1506586719,22443184,0.07247496,1.49552874,0
1506586717,22443182,0.07247497,1.65417040,0
1506586690,22443168,0.07232003,0.69106000,1
1506586617,22443120,0.07235003,0.19952500,0
1506586590,22443111,0.07239600,0.10000000,1
1506586577,22443103,0.07248195,1.42139000,1
1506586576,22443101,0.07248195,2.73000000,0
1506586575,22443100,0.07229300,5.00000000,0
1506586570,22443094,0.07226735,5.74390940,0
1506586568,22443089,0.07226735,1.92436200,0
1506586566,22443086,0.07226732,7.76068016,0
1506586565,22443081,0.07226735,0.09245461,0
1506586563,22443078,0.07230700,5.00000000,1
1506586559,22443054,0.07230608,0.46339679,1
1506586545,22443046,0.07248197,0.31634073,1
1506586495,22442957,0.07243282,0.37179000,0
1506586405,22442857,0.07240769,0.22109913,0
1506586222,22442714,0.07230996,2.72999989,1
1506586222,22442713,0.07230996,10.72332062,1
1506586222,22442712,0.07230997,0.10814037,1
1506586221,22442711,0.07230998,2.73000001,1
1506586202,22442698,0.07240982,0.80351699,0
1506586202,22442697,0.07231022,0.19371500,1
1506586197,22442694,0.07231020,0.67682000,1
1506586146,22442675,0.07231006,0.99942900,1
1506586111,22442649,0.07238000,0.13773840,0
1506586111,22442648,0.07237000,0.09316056,0
1506586091,22442636,0.07230996,0.25774784,0
1506586090,22442631,0.07230999,0.23079885,1
1506586088,22442627,0.07231000,0.02688889,0
1506586088,22442626,0.07230999,0.23085895,0
1506586087,22442623,0.07230999,6.75799808,0
1506586086,22442617,0.07230999,0.25774784,0
1506586086,22442616,0.07230999,2.19222138,0
1506586086,22442615,0.07230998,6.75800000,0
1506585834,22442440,0.07241000,0.20000000,0
1506585737,22442398,0.07229801,0.17459146,1
1506585737,22442397,0.07234168,0.20000000,1
1506585736,22442396,0.07234185,5.01741585,1
1506585690,22442312,0.07240000,1.14732583,0
1506585688,22442311,0.07240000,1.24423389,0
1506585688,22442309,0.07244168,2.73000000,1
1506585688,22442308,0.07244176,0.43026228,1
1506585508,22442146,0.07256997,4.99996162,0
1506585409,22442092,0.07249444,0.55098348,1
1506585409,22442090,0.07250000,0.20000000,1
1506585408,22442088,0.07250001,0.30431719,1
1506585385,22442065,0.07252173,1.63228978,1
1506585384,22442062,0.07252174,1.09771022,1
1506585327,22442031,0.07252930,0.23660549,1
1506585325,22442030,0.07252930,0.10500552,1
1506585325,22442029,0.07254000,0.13160000,1
1506585288,22442008,0.07254000,0.19996160,0
1506585242,22441990,0.07250014,0.08866055,1
1506585239,22441987,0.07250013,0.23652137,1
1506585228,22441984,0.07250012,0.13753701,1
1506585148,22441935,0.07253116,0.23721720,1
1506585012,22441839,0.07253012,1.03831600,1
1506584997,22441829,0.07252311,1.23958355,1
1506584997,22441828,0.07253000,0.20610000,1
1506584997,22441827,0.07253001,0.60969245,1
1506584990,22441824,0.07252311,2.73000000,1
1506584984,22441813,0.07252314,3.60000000,1
1506584675,22441502,0.07256032,0.15202000,0
1506584668,22441497,0.07256039,0.15202000,1
1506584663,22441495,0.07256032,0.15201000,1
1506584605,22441480,0.07254926,0.15202000,1
1506584600,22441475,0.07254925,0.15201000,1
1506584590,22441463,0.07275397,0.14909324,0
1506584582,22441456,0.07256247,0.15196000,0
1506584570,22441448,0.07256248,0.15194000,1
1506584388,22441295,0.07275997,0.26162200,0
1506584387,22441294,0.07259067,0.15214000,1
1506584351,22441257,0.07259036,0.19842000,1
1506584257,22441158,0.07255027,3.99213541,1
1506584219,22441133,0.07255007,0.32800000,1
1506584057,22441026,0.07263987,4.60430600,1
1506584056,22441024,0.07262000,0.13443399,0
1506584040,22441009,0.07250801,0.08199343,1
1506584028,22440999,0.07254000,0.13429930,1
1506584022,22440996,0.07253006,0.13426700,1
1506583977,22440980,0.07256000,0.20586531,0
1506583977,22440979,0.07255987,0.00009717,0
1506583976,22440977,0.07255987,0.46042283,0
1506583936,22440939,0.07251437,0.15834829,1
1506583936,22440938,0.07256017,0.01780754,1
1506583851,22440856,0.07256028,0.29817966,1
1506583775,22440815,0.07256017,0.18357000,1
1506583741,22440747,0.07257003,2.52866000,1
1506583732,22440745,0.07257003,2.06396200,1
1506583731,22440744,0.07256003,0.20137808,1
1506583730,22440742,0.07257000,0.20600000,1
1506583715,22440717,0.07256004,0.65078500,1
1506583697,22440650,0.07261996,1.09332097,1
1506583697,22440649,0.07261996,1.63667903,1
1506583692,22440634,0.07268600,2.73319000,0
1506583687,22440618,0.07261995,1.55887946,0
1506583686,22440614,0.07261995,2.73009121,0
1506583683,22440607,0.07261989,13.01877828,1
1506583677,22440592,0.07261997,2.72987578,0
1506583677,22440591,0.07261996,0.00006214,0
1506583674,22440585,0.07261996,5.63048977,0
1506583673,22440583,0.07261997,3.96344809,1
1506583672,22440582,0.07261997,2.73000000,1
1506583672,22440579,0.07261000,0.13760537,0
1506583654,22440563,0.07263246,0.23669838,0
1506583520,22440507,0.07250800,5.00000000,1
1506583507,22440504,0.07251500,5.00000000,1
1506583145,22440332,0.07259101,2.41900000,1
1506583140,22440331,0.07259103,1.98000000,1
1506583070,22440295,0.07270600,1.84721600,0
1506583062,22440288,0.07270600,1.57639200,0
1506583040,22440258,0.07259104,3.01000000,1
1506583031,22440254,0.07259100,2.59601960,1
1506583031,22440253,0.07259101,0.99137840,1
1506583031,22440252,0.07263004,2.73000000,1
1506583023,22440247,0.07263007,0.15189000,1
1506583013,22440243,0.07263003,0.01428000,1
1506583013,22440242,0.07264000,0.13760000,1
1506583002,22440232,0.07263003,0.15186574,0
1506582992,22440225,0.07263006,0.15190000,1
1506582984,22440219,0.07262016,3.10000000,1
1506582942,22440167,0.07274397,2.10667426,0
1506582934,22440154,0.07254604,5.00000000,1
1506582932,22440153,0.07271799,2.72999500,0
1506582928,22440143,0.07271000,0.13760000,0
1506582915,22440123,0.07269997,2.98303400,0
1506582870,22440078,0.07257900,1.82115694,1
1506582870,22440076,0.07257901,0.49884306,1
1506582869,22440073,0.07259000,0.32000000,1
1506582862,22440060,0.07259500,0.54622187,1
1506582861,22440059,0.07261002,0.17281113,1
1506582848,22440044,0.07259800,4.99999970,1
1506582848,22440042,0.07260001,0.24790630,1
1506582847,22440040,0.07261000,0.12290000,1
1506582789,22439986,0.07266000,0.19149463,0
1506582772,22439965,0.07251487,0.10000000,1
1506582452,22439728,0.07251307,0.68816813,1
1506582437,22439724,0.07253000,2.41009500,0
1506582437,22439723,0.07253000,0.20620000,1
1506582397,22439697,0.07252806,0.40194241,1
1506582373,22439686,0.07252903,0.19996095,0
1506582127,22439475,0.07270146,0.40194241,0
1506581885,22439321,0.07250003,6.29137700,1
1506581856,22439312,0.07250007,4.16199900,1
1506581849,22439307,0.07253399,2.41189883,0
1506581802,22439292,0.07253399,0.22950800,0
1506581716,22439266,0.07253400,0.67663300,0
1506581701,22439244,0.07253401,3.00000000,0
1506581698,22439243,0.07253401,3.18033000,0
1506581698,22439242,0.07252000,0.20590000,0
1506581604,22439154,0.07254000,0.20590000,1
1506581596,22439113,0.07253403,2.99999900,1
1506581571,22439102,0.07266500,4.28000000,0
1506581570,22439101,0.07265548,13.45337510,1
1506581570,22439100,0.07265544,1.64326145,0
1506581560,22439095,0.07257000,0.00006794,0
1506581499,22439063,0.07250000,4.80816735,1
1506581473,22439038,0.07250000,0.98881100,1
1506581460,22439025,0.07250000,3.02548000,1
1506581450,22439021,0.07250001,0.26053292,1
1506581425,22439012,0.07250000,1.07219900,1
1506581416,22439006,0.07250001,0.51924861,1
1506581215,22438928,0.07257000,0.64090028,0
1506581215,22438927,0.07256000,0.00002800,0
1506581214,22438925,0.07256000,0.13761384,0
1506581214,22438924,0.07256000,0.20055264,0
1506581046,22438872,0.07250001,0.50000000,1
1506581035,22438871,0.07250001,0.36347992,1
1506581029,22438870,0.07250001,0.50000000,1
1506581002,22438859,0.07256000,0.31995055,0
1506580957,22438830,0.07250000,0.10534265,1
1506580957,22438828,0.07250010,1.71533433,1
1506580955,22438827,0.07250013,9.15028824,1
1506580933,22438814,0.07250016,2.25903178,1
1506580931,22438813,0.07256774,0.29999942,1
1506580931,22438812,0.07256774,0.24096880,1
1506580815,22438705,0.07256789,3.18325357,1
1506580790,22438690,0.07256769,0.21032200,1
1506580785,22438687,0.07256766,0.20000000,1
1506580768,22438681,0.07256740,0.15196000,1
1506580693,22438649,0.07274162,0.11000000,0
1506580659,22438635,0.07274189,10.97096502,0
1506580641,22438623,0.07261650,0.19996931,0
1506580629,22438620,0.07261002,0.19542400,1
1506580628,22438619,0.07262000,0.13760000,1
1506580469,22438496,0.07277741,0.59031500,0
1506580429,22438446,0.07258003,0.14566359,0
1506580428,22438445,0.07258003,5.62201948,1
1506580428,22438444,0.07262147,0.21517065,1
1506580427,22438442,0.07262147,0.20640000,1
1506580358,22438379,0.07266000,0.20575816,0
1506580354,22438367,0.07267004,3.45964129,0
1506580353,22438363,0.07268000,0.20580000,1
1506580293,22438317,0.07262803,5.00000000,1
1506580266,22438269,0.07282077,0.17864438,0
1506580155,22438211,0.07261003,3.01000000,1
1506580143,22438184,0.07282260,0.52281866,1
1506580143,22438182,0.07282260,11.25842700,0
1506580133,22438167,0.07263004,1.00000000,1
1506580131,22438165,0.07263006,3.01000000,1
1506580112,22438161,0.07261001,1.43116100,1
1506580107,22438158,0.07261001,0.50000000,1
1506580103,22438152,0.07261003,1.50000000,1
1506579910,22437987,0.07262203,3.52374000,1
1506579834,22437923,0.07265738,2.73000000,1
1506579834,22437922,0.07267000,0.32000000,1
1506579831,22437920,0.07268003,0.50000000,1
1506579809,22437904,0.07266011,2.72468700,1
1506579788,22437864,0.07285000,13.62000400,1
1506579787,22437862,0.07285000,5.00000000,1
1506579785,22437857,0.07294882,0.43102621,0
1506579784,22437851,0.07285000,10.10676600,1
1506579783,22437850,0.07285000,0.32000000,0
1506579783,22437849,0.07283400,5.00000000,0
1506579783,22437848,0.07278568,2.73000000,0
1506579750,22437812,0.07278573,0.52004100,0
1506579682,22437724,0.07267424,0.22000000,1
1506579603,22437683,0.07267100,0.90000000,0
1506579412,22437634,0.07254007,1.05031100,1
1506579389,22437627,0.07267595,0.45312000,0
1506579384,22437625,0.07267597,0.42350400,0
1506579317,22437602,0.07254003,10.00000000,1
1506579304,22437588,0.07257600,3.31850131,1
1506579304,22437586,0.07257608,1.68149869,1
1506579252,22437511,0.07273131,3.31653242,0
1506579245,22437491,0.07274043,0.21352616,1
1506579244,22437488,0.07274043,3.66001431,1
1506579241,22437477,0.07273137,3.66001431,1
1506579241,22437475,0.07273140,0.21402035,1
1506579105,22437365,0.07270600,5.00000000,0
1506579105,22437363,0.07270000,0.10038859,0
1506579103,22437361,0.07269991,5.00000000,0
1506578989,22437284,0.07268897,4.01068379,0
1506578883,22437242,0.07264997,0.78267700,0
1506578873,22437235,0.07250010,0.28466567,1
1506578873,22437234,0.07250011,0.21365246,1
1506578848,22437222,0.07253259,0.26800592,1
1506578847,22437221,0.07253259,0.12359137,1
1506578847,22437220,0.07256213,0.20137938,1
1506578815,22437202,0.07256213,0.58185062,1
1506578802,22437188,0.07256213,14.21677000,1
1506578802,22437187,0.07256216,2.20625000,1
1506578783,22437173,0.07257941,0.29375000,1
1506578534,22437045,0.07270800,2.27000000,0
1506578532,22437044,0.07270800,2.73000000,0
1506578417,22437027,0.07256809,0.46630200,1
1506578403,22437014,0.07271997,2.50000000,0
1506578356,22437007,0.07257000,0.10038859,1
1506578282,22436981,0.07266100,4.66569277,1
1506578282,22436980,0.07266103,6.60491823,1
1506578273,22436979,0.07285771,5.47646213,0
1506578269,22436975,0.07268000,0.32000000,1
1506578126,22436903,0.07277900,5.00000000,0
1506578123,22436897,0.07276784,5.63374900,1
1506578123,22436896,0.07276784,0.47864196,1
1506577932,22436759,0.07270300,0.25890026,0
1506577860,22436717,0.07257001,4.17331200,1
1506577670,22436618,0.07274575,0.09593137,0
1506577662,22436605,0.07274587,0.32122574,0
1506577653,22436599,0.07274595,0.32122574,0
1506577643,22436590,0.07274596,0.12987216,0
1506577598,22436552,0.07274673,0.32349042,0
1506577543,22436519,0.07272597,0.63093390,0
1506577383,22436446,0.07267497,0.36764992,0
1506577364,22436385,0.07254001,3.07300000,1
1506577360,22436374,0.07254003,2.52812500,1
1506577356,22436371,0.07261966,3.02000000,1
1506577348,22436351,0.07261989,2.73000000,1
1506577347,22436348,0.07261989,2.73000000,1
1506577346,22436346,0.07261992,2.52812512,1
1506577346,22436345,0.07261970,0.45000000,0
1506577346,22436343,0.07261000,0.00000588,0
1506577345,22436341,0.07261000,0.16639000,1
1506577341,22436340,0.07261969,0.44907400,0
1506577330,22436324,0.07261984,0.41132800,0
1506577264,22436288,0.07250011,8.10545044,1
1506577264,22436286,0.07250012,0.28596955,1
1506577263,22436285,0.07252406,1.37858001,0
1506577262,22436284,0.07252406,2.73000000,1
1506577145,22436217,0.07259300,3.01000000,1
1506577143,22436214,0.07259300,0.74302154,1
1506577143,22436213,0.07264776,0.00000046,1
1506577033,22436152,0.07264776,1.99467900,1
1506577032,22436151,0.07264776,1.41656248,1
1506577032,22436150,0.07264777,0.08307652,1
1506577020,22436138,0.07264776,2.93442653,1
1506577020,22436137,0.07264777,0.16557347,1
1506577006,22436130,0.07264776,1.48733303,1
1506577006,22436129,0.07264777,0.32999197,1
1506576724,22435954,0.07269347,0.69862400,1
1506576724,22435953,0.07272452,0.20813600,1
1506576702,22435935,0.07272452,0.44885200,1
1506576627,22435896,0.07287997,1.39824200,1
1506576624,22435895,0.07288001,5.00000000,1
1506576620,22435894,0.07287998,0.09503700,1
1506576616,22435882,0.07287997,5.00000000,0
1506576605,22435868,0.07269369,2.25439580,1
1506576218,22435679,0.07283300,5.00000000,1
1506576080,22435629,0.07267834,0.13888596,1
1506575892,22435552,0.07283150,0.22832056,0
1506575883,22435549,0.07283150,0.32332490,0
1506575874,22435547,0.07283147,0.32332503,0
1506575866,22435542,0.07283150,0.32332486,0
1506575857,22435537,0.07283158,0.32332468,0
1506575849,22435536,0.07283158,0.32308260,0
1506575840,22435535,0.07283155,0.32308273,0
1506575832,22435534,0.07283158,0.32308260,0
1506575824,22435533,0.07283155,0.32308255,0
1506575815,22435532,0.07283163,0.32308238,0
1506575810,22435529,0.07264973,0.22163696,1
1506575806,22435527,0.07283164,0.32308220,0
1506575796,22435525,0.07283167,0.11768220,0
1506575796,22435524,0.07282000,0.20540000,0
1506575788,22435523,0.07283167,0.32276847,0
1506575779,22435520,0.07281997,0.32282037,0
1506575751,22435510,0.07283196,0.32130887,0
1506575724,22435496,0.07270600,3.52251500,1
1506575717,22435494,0.07272000,0.20540000,1
1506575583,22435455,0.07295588,1.00000000,0
1506575552,22435433,0.07282000,0.16639588,1
1506575552,22435432,0.07284963,0.00228405,1
1506575517,22435401,0.07287000,0.32307813,0
1506575509,22435398,0.07284000,0.31900000,0
1506575500,22435394,0.07284600,0.32318443,0
1506575491,22435384,0.07285597,0.32313488,0
1506575470,22435372,0.07267200,1.15564900,1
1506575467,22435369,0.07267200,1.44175023,1
1506575467,22435368,0.07270804,0.18326477,1
1506575456,22435357,0.07289497,0.31586804,0
1506575426,22435343,0.07270804,0.09403702,1
1506575426,22435342,0.07274012,5.16123892,1
1506575426,22435341,0.07274015,8.19207606,1
1506575374,22435317,0.07292682,0.31292018,0
1506575372,22435315,0.07292682,8.62143594,0
1506575372,22435314,0.07275003,0.10000600,1
1506575371,22435312,0.07292680,3.24825376,0
1506575366,22435291,0.07292687,0.23860576,0
1506575357,22435273,0.07292693,0.31292018,0
1506575348,22435248,0.07292694,0.31292018,0
1506575337,22435239,0.07292720,0.23863533,0
1506575329,22435232,0.07292736,0.23846872,0
1506575320,22435231,0.07292740,0.23856483,0
1506575312,22435227,0.07292745,0.23861834,0
1506575305,22435220,0.07276003,0.17249856,0
1506575301,22435217,0.07292764,0.23825278,0
1506575278,22435198,0.07292808,0.31292018,0
1506575270,22435194,0.07292820,0.31292018,0
1506575270,22435193,0.07271700,2.34867321,1
1506575270,22435192,0.07272698,0.13526200,1
1506575270,22435191,0.07274889,0.00000015,1
1506575269,22435190,0.07274889,0.00007164,1
1506575258,22435180,0.07292826,0.31292018,0
1506575255,22435176,0.07292824,4.04099753,0
1506575208,22435141,0.07292898,0.75911415,0
1506575157,22435096,0.07292954,0.28521788,0
1506575007,22434987,0.07276500,2.84005807,1
1506575007,22434986,0.07287999,0.15994193,1
1506574994,22434968,0.07288000,0.02172530,0
1506574993,22434967,0.07288000,0.18332570,0
1506574936,22434903,0.07287994,0.16000000,1
1506574909,22434861,0.07289000,0.00024900,0
1506574909,22434860,0.07288999,0.19996100,0
1506574897,22434848,0.07289997,0.19996178,0
1506574712,22434675,0.07279605,0.40000000,1
1506574462,22434410,0.07279607,0.32479774,1
1506574460,22434409,0.07279607,0.19470000,1
1506574460,22434408,0.07279607,0.20407300,1
1506574449,22434401,0.07281000,0.20530000,1
1506574442,22434383,0.07279605,1.51048776,1
1506574442,22434382,0.07279606,0.90046624,1
1506574441,22434377,0.07279605,0.39991950,1
1506574440,22434376,0.07284000,0.00008050,1
1506574352,22434301,0.07284003,5.01000000,1
1506574331,22434293,0.07284003,1.00000000,1
1506574313,22434270,0.07284006,0.09599200,1
1506574223,22434216,0.07284600,5.00000000,1
1506574222,22434215,0.07284601,12.00000000,1
1506574170,22434175,0.07301885,0.32150105,0
1506574140,22434118,0.07294000,3.63806200,0
1506574133,22434113,0.07294000,0.39813235,0
1506574133,22434112,0.07293999,0.69992900,0
1506574133,22434111,0.07284888,0.03171365,0
1506574084,22434078,0.07284000,0.77898200,1
1506574062,22434057,0.07284888,0.13398235,0
1506574032,22434024,0.07288784,3.60000000,0
