date,tid,price,amount,type
1506643224,22490341,255.85,0.00006722,1
1506643219,22490335,255.85,0.51096346,1
1506643213,22490332,255.90,0.20000000,1
1506643209,22490328,255.85,0.69436311,1
1506643209,22490327,255.86,0.31200000,1
1506643209,22490326,255.86,0.00004690,1
1506643208,22490324,255.86,0.19995310,1
1506643125,22490299,256.33,0.87200093,0
1506643124,22490298,256.19,0.12826004,0
1506642815,22490219,256.20,1.00000000,0
1506642815,22490218,256.08,0.05944900,0
1506642815,22490217,256.07,0.82000000,0
1506642810,22490211,256.07,1.18578858,0
1506642630,22490153,255.97,2.00619800,1
1506642626,22490152,255.96,0.05944900,1
1506642534,22490115,255.98,0.52401000,1
1506642499,22490111,255.94,0.64796437,1
1506641818,22489914,256.46,1.01832644,0
1506641818,22489913,256.43,0.08200426,0
1506641816,22489910,255.91,0.84722743,0
1506641798,22489907,255.91,0.25055357,0
1506641797,22489904,255.90,0.10732872,0
1506641204,22489737,255.39,0.11295228,1
1506641204,22489736,255.57,0.10732872,1
1506640993,22489656,255.90,0.90852300,1
1506640993,22489655,255.85,0.42000000,0
1506640992,22489650,255.84,0.47273700,1
1506640991,22489647,255.84,0.20000000,0
1506640825,22489597,255.57,1.09778100,1
1506640825,22489596,255.58,0.20000000,1
1506640623,22489541,256.43,0.41799574,0
1506640623,22489540,256.30,0.76807453,0
1506640623,22489539,256.21,0.10706296,0
1506640623,22489537,256.04,0.47000000,0
1506640623,22489536,255.70,0.77453677,0
1506640622,22489534,255.70,2.01705123,0
1506640407,22489511,256.14,4.94363783,1
1506640406,22489510,256.14,1.09531334,0
1506640406,22489509,256.01,0.45000000,0
1506640406,22489508,255.90,0.15000000,0
1506640406,22489507,255.70,1.45000000,0
1506640406,22489506,255.60,0.91456400,0
1506640406,22489505,255.25,8.24644500,0
1506640405,22489504,255.25,2.31803983,0
1506640398,22489502,255.26,7.58700000,0
1506640292,22489450,255.21,1.00000000,0
1506639783,22489315,254.62,0.11717900,1
1506639783,22489314,254.62,0.31200000,1
1506639782,22489313,254.61,0.20000000,0
1506639782,22489312,254.60,0.31240000,0
1506639640,22489267,254.97,0.02352480,0
1506639337,22489167,254.32,1.45288450,1
1506639337,22489166,254.34,0.20000000,1
1506639337,22489165,254.34,3.71378103,1
1506639329,22489162,254.34,0.20621897,1
1506639329,22489161,254.40,0.15000000,1
1506639322,22489157,254.47,6.26870848,1
1506639313,22489154,254.50,0.75423750,1
1506639313,22489153,254.51,0.21714195,1
1506639297,22489144,254.66,0.72664647,1
1506639290,22489140,254.83,2.06027600,1
1506639285,22489137,254.91,3.31803983,1
1506639278,22489134,254.96,0.31240000,1
1506639276,22489133,254.94,2.37537649,1
1506639276,22489132,254.95,3.75994057,1
1506639271,22489131,254.90,0.09152608,1
1506639271,22489130,254.91,3.92000000,1
1506639270,22489129,255.01,0.32358627,1
1506639268,22489128,255.13,0.20012588,0
1506639265,22489127,255.13,1.00000000,1
1506639265,22489125,255.28,2.05889300,1
1506639260,22489123,255.45,9.05951725,1
1506639259,22489122,255.60,0.31200000,1
1506639259,22489121,255.69,0.11720075,1
1506639259,22489119,255.70,0.20000000,1
1506639226,22489106,255.69,0.20360007,1
1506639225,22489103,256.15,0.15543050,0
1506639225,22489100,256.14,0.38173100,0
1506639224,22489099,255.86,0.20000000,1
1506639223,22489098,255.86,0.20360000,0
1506639222,22489096,255.70,0.11717900,1
1506639156,22489061,255.69,0.00192660,1
1506639156,22489059,255.86,1.09531334,1
1506639156,22489058,255.87,0.20000000,1
1506639155,22489056,256.19,1.00000000,0
1506639057,22489037,256.16,1.94702530,0
1506638891,22489003,256.22,0.30000000,0
1506638724,22488969,255.86,0.10706296,1
1506638724,22488968,255.92,3.92000000,1
1506638666,22488913,255.90,0.37752633,1
1506638534,22488862,256.30,0.55126000,0
1506638532,22488858,256.21,0.45000000,0
1506638233,22488775,256.20,1.53170000,1
1506638177,22488759,256.20,1.81139510,1
1506638083,22488737,256.20,0.06889406,1
1506637905,22488678,256.20,2.87775176,1
1506637867,22488670,256.30,0.37752633,0
1506637821,22488656,256.20,0.27650274,1
1506637816,22488653,256.06,0.45000000,0
1506637690,22488617,256.30,0.32209810,0
1506637684,22488608,256.30,9.25144480,0
1506637684,22488607,256.30,0.15000000,0
1506637684,22488606,256.30,0.15000000,0
1506637684,22488605,256.29,3.00000000,0
1506637684,22488604,256.28,1.50000000,0
1506637683,22488603,256.23,0.32393720,0
1506637683,22488602,256.20,1.55961800,0
1506637606,22488551,256.20,2.44038200,0
1506637590,22488548,256.10,0.15000000,0
1506637589,22488547,256.10,0.15000000,0
1506637589,22488546,256.08,0.10006260,0
1506637589,22488545,256.07,0.20000000,0
1506637589,22488544,256.05,0.09526120,0
1506637589,22488543,256.00,1.00000000,0
1506637589,22488542,256.00,0.75423750,0
1506637588,22488541,255.99,1.45405742,0
1506637473,22488526,255.99,0.80000000,0
1506637400,22488510,255.99,0.78236656,0
1506637332,22488451,255.99,1.61831917,0
1506637332,22488450,255.99,0.20000000,0
1506637332,22488449,255.94,1.59418143,0
1506637330,22488444,255.93,0.37808648,0
1506637223,22488419,255.86,1.03883062,1
1506637223,22488418,255.86,0.28116938,1
1506637208,22488414,255.94,0.04615400,0
1506637208,22488413,255.91,0.44000000,0
1506637170,22488401,255.86,4.22440000,1
1506637168,22488400,255.86,0.21621728,0
1506637067,22488368,255.67,1.71157145,0
1506637036,22488356,255.55,1.06247736,0
1506637001,22488320,255.55,0.37808648,0
1506636997,22488318,255.55,29.86600000,0
1506636885,22488265,255.55,8.23900000,0
1506636712,22488227,255.67,2.02378196,0
1506636712,22488226,255.67,1.20328100,0
1506636712,22488225,255.66,0.80000000,0
1506636437,22488184,255.33,0.96000000,1
1506636424,22488174,255.38,1.32000000,1
1506636422,22488166,255.38,0.20000000,1
1506636421,22488165,255.38,5.58000000,1
1506636420,22488163,255.36,0.20000000,0
1506636367,22488151,255.29,1.36000000,1
1506636353,22488149,255.23,0.20000000,1
1506636340,22488147,255.18,0.80000000,1
1506636340,22488145,255.23,0.20000000,1
1506636240,22488088,255.41,1.20328100,1
1506636240,22488086,255.42,0.06136559,1
1506636203,22488073,255.42,0.13863441,1
1506635995,22488013,255.29,0.10047795,1
1506635853,22487952,255.88,0.93013000,0
1506635853,22487951,255.88,1.20107994,0
1506635853,22487950,255.87,0.20000000,0
1506635757,22487906,255.57,2.62626044,1
1506635757,22487905,255.57,1.20107994,1
1506635756,22487904,255.57,0.20000000,1
1506635595,22487865,255.90,0.28378272,0
1506635595,22487864,255.80,0.15000000,0
1506635595,22487862,255.74,0.32455159,0
1506635594,22487860,255.73,0.99620694,0
1506635594,22487858,255.71,0.49997556,0
1506635593,22487857,255.70,0.15000000,0
1506635593,22487856,255.63,0.09700000,0
1506635593,22487855,255.61,0.20000000,0
1506635591,22487851,255.58,0.14345500,0
1506635572,22487844,255.58,0.15000000,0
1506635535,22487813,255.58,0.10000000,0
1506635451,22487786,255.38,0.57526000,1
1506635368,22487695,255.60,4.85000000,0
1506635368,22487694,255.50,0.15000000,0
1506635222,22487616,255.43,0.68111420,1
1506635221,22487615,255.43,0.10000000,0
1506634997,22487513,255.30,0.09700000,0
1506634963,22487496,255.03,0.99995582,1
1506634963,22487495,255.20,0.00000497,1
1506634875,22487452,255.20,0.02560000,1
1506634867,22487439,255.20,0.39053600,1
1506634866,22487438,255.20,0.00037091,0
1506634840,22487364,255.20,0.05000000,0
1506634840,22487363,255.19,0.20000000,0
1506634805,22487306,254.86,0.31335900,1
1506634804,22487304,254.92,0.20000000,1
1506634751,22487254,254.84,0.20000000,0
1506634751,22487253,254.83,2.75724804,0
1506634749,22487250,254.84,0.20000000,1
1506634737,22487241,255.20,1.59885924,0
1506634737,22487240,255.18,2.42848114,0
1506634645,22487193,254.90,0.49997556,1
1506634545,22487162,255.20,0.50000000,0
1506634522,22487159,255.25,7.43690500,1
1506634521,22487158,255.25,0.20000000,0
1506634498,22487156,254.57,2.39000000,0
1506634497,22487155,254.58,0.20000000,1
1506634436,22487141,254.69,2.39033571,0
1506634424,22487121,254.99,0.04214710,0
1506634424,22487119,254.98,0.47880332,0
1506634424,22487118,254.98,0.47904958,0
1506634405,22487092,254.99,0.21317462,0
1506634405,22487091,254.99,0.26586377,0
1506634403,22487090,254.98,0.26466765,0
1506634403,22487089,254.98,0.21863958,0
1506634384,22487081,254.99,0.00000329,0
1506634384,22487080,254.98,0.21864000,1
1506634382,22487077,254.98,0.16387870,0
1506634273,22487060,255.29,2.44835285,0
1506634273,22487058,255.15,0.15000000,0
1506634273,22487057,255.04,2.06509800,0
1506634272,22487056,254.99,1.00000000,0
1506634272,22487055,254.90,0.50000000,0
1506634272,22487054,254.65,0.46000000,0
1506634271,22487053,254.64,0.09874000,0
1506634176,22487041,254.64,0.10126000,0
1506634083,22486978,254.25,2.22520034,1
1506633996,22486935,254.27,2.85985009,1
1506633964,22486917,255.10,7.13163465,0
1506633964,22486916,254.95,1.20397736,0
1506633964,22486913,254.95,2.06678900,1
1506633963,22486912,254.40,0.90975920,0
1506633963,22486910,254.38,0.31350000,0
1506633961,22486909,254.37,0.33000000,0
1506633956,22486908,254.39,0.50000000,0
1506633952,22486903,254.40,1.15562880,1
1506633946,22486900,254.40,0.80978000,1
1506633945,22486899,254.45,0.20000000,1
1506633924,22486897,254.48,0.03917793,1
1506633877,22486881,254.41,1.33856446,1
1506633877,22486880,254.41,1.00000000,1
1506633869,22486877,254.43,0.31350000,1
1506633869,22486876,254.44,1.20397736,1
1506633869,22486875,254.44,0.20000000,1
1506633853,22486858,255.08,1.84993031,0
1506633853,22486857,255.03,1.20121831,0
1506633853,22486856,255.02,0.31350000,0
1506633852,22486855,254.94,0.44000000,0
1506633726,22486808,254.87,0.82697533,0
1506633725,22486807,254.87,0.00149041,1
1506633724,22486804,254.87,1.20835167,1
1506633723,22486800,254.87,3.62000000,1
1506633723,22486799,254.87,3.25196614,1
1506633722,22486798,254.87,1.21819178,1
1506633722,22486795,254.87,0.20000000,1
1506633721,22486793,254.88,0.43000000,0
1506633720,22486792,254.85,0.20000000,0
1506633588,22486742,254.49,6.98650000,1
1506633588,22486741,254.51,0.31350000,1
1506633588,22486740,254.51,0.20000000,1
1506633566,22486727,254.44,3.78518169,0
1506633566,22486726,254.42,1.42190813,0
1506633566,22486725,254.42,0.31360000,0
1506633557,22486719,254.45,1.20121831,1
1506633557,22486718,254.47,0.31360000,1
1506633557,22486717,254.48,0.20000000,1
1506633474,22486679,255.09,0.62000000,0
1506633440,22486635,255.10,1.66667973,0
1506633439,22486634,255.09,1.00000000,0
1506633439,22486633,255.09,0.19317036,0
1506633363,22486610,255.09,0.39107766,0
1506633357,22486602,255.09,0.41575198,0
1506633313,22486593,255.06,1.83384301,0
1506633311,22486591,255.05,0.20000000,0
1506633297,22486586,255.03,0.38230152,0
1506633287,22486576,254.60,0.00000035,0
1506633223,22486546,254.60,3.24007300,0
1506633175,22486515,254.60,2.75992665,0
1506633058,22486465,254.63,1.42190813,1
1506633058,22486464,254.70,10.37809187,1
1506633058,22486463,254.71,0.20000000,1
1506633057,22486461,255.10,1.80450803,0
1506633056,22486460,255.10,11.27040376,0
1506633033,22486448,255.10,11.58893704,0
1506633033,22486447,255.08,0.19766996,0
1506633033,22486446,255.08,2.06339300,1
1506633031,22486444,254.70,8.15000000,0
1506632999,22486418,255.08,0.12772463,0
1506632998,22486417,255.01,1.19858100,0
1506632998,22486416,254.97,2.06412400,0
1506632998,22486415,254.90,0.14999997,0
1506632997,22486414,254.89,0.45000000,0
1506632935,22486394,254.71,0.16973941,0
1506632928,22486391,254.71,0.19987436,0
1506632886,22486368,254.71,9.63200000,0
1506632833,22486354,254.71,1.89838623,0
1506632832,22486353,254.70,0.10873377,0
1506632821,22486351,254.24,0.34564450,1
1506632821,22486350,254.28,3.80932570,1
1506632741,22486298,254.70,0.04126623,0
1506632741,22486297,254.69,0.20000000,0
1506632730,22486296,254.68,0.28832800,0
1506632728,22486289,254.68,0.21167200,0
1506632727,22486286,254.31,3.84301135,1
1506632727,22486284,254.32,0.20000000,1
1506632664,22486254,254.62,2.06538800,0
1506632646,22486239,254.57,1.42508700,0
1506632608,22486225,254.66,1.57683800,1
1506632608,22486224,254.66,13.29746210,0
1506632608,22486223,254.59,0.12569990,0
1506632584,22486213,254.55,0.43661344,0
1506632584,22486212,254.50,0.09936678,0
1506632565,22486197,254.35,0.96400000,0
1506632497,22486156,254.50,0.00306245,0
1506632497,22486154,254.50,0.04757077,0
1506632497,22486152,254.35,0.09921967,0
1506632497,22486151,254.34,0.00008311,0
1506632492,22486141,254.34,0.19991689,0
1506632486,22486133,254.35,0.43357000,0
1506632485,22486130,253.91,4.21932153,1
1506632485,22486129,253.93,0.20000000,1
1506632485,22486128,253.94,5.58067847,1
1506632478,22486123,254.35,0.43121033,0
1506632478,22486122,254.34,7.08167400,0
1506632459,22486114,254.40,4.19000000,0
1506632457,22486113,254.33,3.96000000,0
1506632418,22486081,254.41,1.53040548,0
1506632411,22486076,254.34,0.03150102,0
1506632410,22486073,254.34,0.02362577,0
1506632405,22486064,254.35,4.65143007,0
1506632403,22486062,254.38,5.55339157,0
1506632403,22486060,254.38,0.69300069,0
1506632403,22486059,254.10,1.00000000,0
1506632403,22486058,253.96,10.94460774,0
1506632403,22486057,253.95,0.50000000,0
1506632387,22486044,253.96,10.00000000,0
1506632320,22486014,253.97,1.11229664,0
1506632320,22486013,253.97,1.00000000,0
1506632292,22485989,253.96,0.10773350,0
1506632228,22485969,253.51,0.00000003,0
1506632228,22485968,253.51,0.99999997,0
1506632075,22485898,253.50,0.11766222,0
1506632075,22485897,253.49,0.00001996,0
1506632074,22485894,253.49,0.19998004,0
1506631999,22485840,253.03,0.00000463,0
1506631999,22485836,253.03,2.01391000,0
1506631990,22485829,253.03,0.49056200,0
1506631985,22485828,253.03,4.00000000,0
1506631982,22485826,253.03,1.08300000,0
1506631982,22485825,253.02,9.82000000,0
1506631976,22485824,253.02,1.00000000,1
1506631974,22485823,253.03,10.82000000,0
1506631949,22485819,253.05,0.19869000,0
1506631946,22485815,253.05,1.28361009,0
1506631945,22485813,253.04,0.31500000,0
1506631919,22485804,253.10,1.00000000,1
1506631919,22485803,253.11,0.20000000,1
1506631919,22485802,253.11,0.20000000,1
1506631844,22485777,253.28,5.36335648,0
1506631827,22485770,253.28,2.84242735,0
1506631824,22485768,253.28,39.38352811,0
1506631797,22485760,253.50,1.64000000,0
1506631793,22485759,253.22,0.19694337,0
1506631674,22485712,253.04,1.63619659,1
1506631674,22485711,253.04,0.51384526,1
1506631674,22485710,253.04,0.20000000,1
1506631674,22485709,253.05,0.59415315,1
1506631671,22485704,253.35,0.22005131,0
1506631666,22485697,253.35,1.09012700,0
1506631661,22485696,253.35,2.53855000,0
1506631661,22485695,253.34,0.20000000,0
1506631654,22485690,253.07,0.20000000,1
1506631637,22485677,253.35,0.35782800,0
1506631635,22485676,253.35,0.62140000,0
1506631635,22485675,253.34,0.31480000,0
1506631632,22485672,253.35,3.02172500,0
1506631630,22485669,253.33,0.05984999,0
1506631630,22485668,253.03,5.57638299,1
1506631630,22485667,253.17,2.06845300,1
1506631630,22485666,253.18,3.31803983,1
1506631630,22485665,253.20,0.20732418,1
1506631617,22485654,253.35,0.52067700,0
1506631616,22485653,253.33,0.20000000,0
1506631597,22485650,253.23,0.18147023,1
1506631580,22485630,253.30,0.31480000,1
1506631580,22485629,253.31,0.31500000,1
1506631580,22485628,253.33,0.20000000,1
1506631571,22485626,253.29,2.17999679,1
1506631571,22485625,253.29,0.10000321,1
1506631563,22485624,253.30,0.14015001,0
1506631534,22485610,253.30,0.20000000,1
1506631393,22485579,253.58,1.71560219,0
1506631391,22485578,253.57,0.20000000,0
1506631314,22485555,253.57,0.35507430,0
1506631313,22485553,253.56,0.14618570,0
1506631284,22485505,253.28,0.75189538,0
1506631284,22485504,253.28,0.09731928,0
1506631284,22485502,253.29,0.71487128,0
1506631282,22485501,253.29,0.20000000,1
1506631265,22485489,253.58,9.26777054,0
1506631265,22485488,253.57,0.20000000,0
1506631198,22485449,253.22,0.57977970,1
1506631198,22485448,253.23,0.20000000,1
1506631190,22485447,253.20,0.04997501,1
1506631124,22485421,253.64,0.05381430,0
1506631124,22485420,253.63,0.11799708,0
1506631082,22485391,253.19,2.28200292,0
1506631080,22485390,253.20,0.11799708,1
1506631080,22485389,253.20,0.20000000,1
1506631059,22485380,253.66,1.30568216,0
1506631058,22485379,253.63,0.11976923,0
1506631041,22485361,254.10,0.11404959,1
1506631040,22485360,254.10,0.20000000,0
1506631034,22485358,253.33,10.41000000,0
1506631032,22485357,253.34,0.20000000,1
1506631032,22485356,253.34,0.19900000,1
1506631031,22485355,253.35,0.08000000,0
1506630993,22485345,253.35,0.20000000,1
1506630982,22485342,253.87,0.07858353,0
1506630971,22485337,253.35,0.39879724,0
1506630969,22485335,253.35,3.75026642,0
1506630969,22485332,253.34,0.00100000,0
1506630968,22485329,253.34,0.19900000,0
1506630951,22485317,253.20,0.10242923,1
1506630951,22485316,253.21,3.12136900,1
1506630951,22485315,253.22,9.92000000,1
1506630907,22485292,253.20,0.04757077,1
1506630907,22485291,253.31,0.13929223,1
1506630906,22485290,253.32,2.37027700,1
1506630905,22485288,253.35,0.11799708,0
1506630855,22485275,253.35,2.00000000,0
1506630849,22485270,253.35,9.36705980,0
1506630848,22485268,253.35,3.12994652,0
1506630832,22485260,253.35,10.00000000,0
1506630829,22485258,253.35,4.50724294,0
1506630823,22485255,253.35,11.00000000,0
1506630762,22485240,253.35,9.68530000,0
1506630762,22485239,253.34,0.31470000,0
1506630757,22485238,253.33,4.00000000,0
1506630730,22485231,253.33,0.31500000,1
1506630727,22485228,253.33,4.92430192,1
1506630689,22485222,253.31,0.06133151,1
1506630678,22485220,253.44,1.18987209,0
1506630678,22485219,253.44,3.12787606,0
1506630677,22485218,253.43,8.27102600,1
1506630676,22485217,253.44,0.85217124,0
1506630648,22485199,253.45,0.31470000,0
1506630647,22485198,253.47,0.20000000,1
1506630539,22485140,254.19,0.10201031,0
1506630521,22485133,253.48,0.19976923,0
1506630520,22485132,253.50,0.00012820,1
1506630519,22485129,253.50,0.31487180,1
1506630518,22485128,253.51,1.33706758,1
1506630505,22485125,254.37,0.12802521,1
1506630505,22485124,254.37,2.06441100,1
1506630505,22485123,253.98,0.31500000,0
1506630503,22485121,253.97,0.20000000,0
1506630466,22485109,253.49,5.82490000,1
1506630466,22485108,253.50,0.31500000,1
1506630465,22485107,253.51,0.20000000,1
1506630316,22485069,254.50,0.30822600,0
1506630315,22485068,254.21,2.06517400,0
1506630315,22485067,254.20,0.18374000,0
1506630314,22485066,254.20,0.25626000,0
1506630231,22485023,254.19,0.90094024,1
1506630231,22485022,253.88,0.46959923,0
1506630229,22485021,253.87,0.20000000,0
1506629975,22484891,253.83,1.53978292,1
1506629975,22484890,253.86,0.20000000,1
1506629943,22484877,254.13,0.00137808,1
1506629943,22484872,254.05,0.99988192,0
1506629878,22484847,254.05,0.00011808,0
1506629876,22484844,254.04,5.87962526,1
1506629876,22484843,254.04,2.75956543,0
1506629839,22484805,253.83,0.43000000,0
1506629776,22484781,253.74,0.40500000,1
1506629766,22484777,253.72,0.35007858,0
1506629714,22484747,253.72,0.67426000,0
1506629714,22484746,253.70,0.20000000,0
1506629712,22484744,253.69,0.10000000,0
1506629696,22484733,253.41,0.20000000,0
1506629696,22484732,253.41,0.00000921,0
1506629676,22484718,253.40,0.16400000,1
1506629675,22484717,253.40,0.15000000,1
1506629661,22484701,253.41,0.20000000,1
1506629661,22484699,253.41,8.26492900,1
1506629473,22484535,253.81,0.80499082,0
1506629471,22484534,253.80,0.20000000,0
1506629433,22484506,253.82,0.10000000,0
1506629310,22484457,253.41,0.76113804,1
1506629294,22484444,253.43,0.13377000,0
1506629294,22484443,253.82,2.42126000,1
1506629292,22484442,253.82,7.58000000,0
1506629021,22484296,253.81,0.47161262,0
1506629017,22484295,253.42,3.80000000,1
1506629017,22484293,253.42,0.20000000,1
1506628974,22484264,253.57,2.37902748,1
1506628961,22484251,253.59,0.58678181,1
1506628961,22484250,253.59,0.20000000,0
1506628957,22484249,253.60,0.00000003,1
1506628953,22484241,253.60,0.14999997,1
1506628946,22484230,253.70,2.74974832,0
1506628945,22484229,253.69,1.00000000,0
1506628942,22484225,253.70,2.73738709,1
1506628942,22484224,253.70,5.00000000,1
1506628942,22484223,253.70,1.89791091,1
1506628916,22484211,253.80,0.15000000,1
1506628916,22484210,253.80,0.05002423,1
1506628910,22484203,253.80,3.94997577,1
1506628910,22484202,253.82,0.20000000,1
1506628909,22484200,253.81,0.20001573,1
1506628907,22484198,253.82,0.20000000,0
1506628907,22484197,253.82,0.19994977,0
1506628897,22484195,253.81,0.45474170,1
1506628897,22484194,253.82,0.20000000,1
1506628884,22484181,253.81,11.85850051,1
1506628884,22484180,253.84,0.65474315,1
1506628883,22484179,253.85,0.00001425,1
1506628883,22484178,253.85,0.62196723,1
1506628883,22484177,253.85,2.06387083,1
1506628871,22484172,254.06,0.00001302,1
1506628870,22484171,254.07,0.20000000,1
1506628791,22484126,254.28,1.97660059,1
1506628779,22484123,254.10,2.06641076,0
1506628778,22484122,254.40,0.87437106,1
1506628778,22484121,254.29,2.06385500,0
1506628777,22484120,254.10,0.20000000,0
1506628758,22484105,254.06,0.41828698,1
1506628658,22484069,253.85,3.65789399,1
1506628658,22484068,253.87,0.31400000,1
1506628657,22484067,253.90,4.31307601,1
1506628657,22484065,253.91,1.00000000,1
1506628657,22484064,253.97,3.96000000,1
1506628656,22484063,253.98,2.55503000,0
1506628655,22484062,253.98,0.20000000,1
1506628486,22483995,254.40,0.71719366,0
1506628484,22483993,254.39,0.05183411,0
1506628445,22483981,254.39,0.10222069,0
1506628445,22483980,254.37,0.25917868,0
1506628277,22483902,254.38,0.32820976,0
1506628276,22483900,254.37,0.82757442,1
1506628275,22483899,254.37,0.15000000,0
1506628256,22483891,254.39,0.84594520,0
1506628254,22483890,254.38,0.15000000,0
1506628235,22483881,254.33,2.01282000,0
1506628206,22483870,253.89,0.05404518,1
1506628206,22483869,253.89,0.47027261,1
1506628205,22483868,253.89,0.15000000,1
1506628062,22483809,253.88,1.33379937,1
1506628062,22483808,253.88,0.00620063,1
1506628050,22483805,253.88,2.36379937,0
1506628050,22483803,253.88,1.59618169,1
1506628050,22483801,253.88,0.47025916,1
1506628049,22483800,253.88,1.89355915,1
1506628049,22483799,253.89,0.14998618,1
1506628048,22483796,253.89,0.15000000,1
1506627925,22483728,254.35,0.11970528,0
1506627924,22483727,254.34,0.26569533,0
1506627838,22483691,253.85,2.17553674,1
1506627737,22483664,254.40,1.20031446,0
1506627736,22483663,254.30,1.46355198,0
1506627736,22483662,254.23,2.06361200,1
1506627736,22483661,254.20,2.96894632,0
1506627734,22483658,254.19,0.15000000,0
1506627716,22483621,253.84,0.15000000,1
1506627651,22483576,254.20,0.85371310,0
1506627650,22483575,254.19,2.55604000,1
1506627649,22483574,254.19,0.11173690,0
1506627593,22483552,253.85,0.10000000,1
1506627548,22483530,254.20,0.22002805,0
1506627548,22483529,254.19,0.32503246,0
1506627548,22483528,254.19,0.10000000,0
1506627468,22483500,253.84,0.52972739,1
1506627468,22483498,253.85,0.10000000,1
1506627388,22483454,254.30,0.12071857,0
1506627386,22483453,254.29,2.55604000,0
1506627385,22483452,254.29,1.00027528,0
1506627258,22483391,254.30,0.93531262,0
1506627257,22483390,254.30,2.48041683,0
1506627254,22483389,254.28,2.48059982,0
1506627253,22483388,254.28,0.93538619,0
1506627239,22483385,254.10,0.20000000,0
1506627239,22483384,254.10,2.26593739,0
1506627230,22483382,254.10,0.20585922,0
1506627227,22483380,254.09,0.90043256,0
1506627227,22483379,254.08,0.20603747,0
1506627227,22483378,254.08,0.10000000,0
1506627221,22483377,254.09,0.09956744,0
1506627221,22483376,254.08,0.10000000,0
1506627220,22483375,253.76,0.10000000,1
1506627191,22483356,253.65,0.88710000,1
1506627099,22483295,253.66,0.10000000,1
1506627088,22483293,254.10,0.50055053,0
1506626990,22483126,254.08,1.76764797,1
1506626989,22483125,254.08,0.23455606,0
1506626983,22483120,253.93,0.47976382,0
1506626983,22483118,253.93,2.52023618,0
1506626964,22483100,253.93,1.43976382,0
1506626964,22483098,253.93,0.29309098,0
1506626939,22483063,253.93,0.76818556,0
1506626904,22483039,253.85,3.44484538,0
1506626904,22483038,253.85,0.25757731,0
1506626877,22483019,253.85,3.70242269,0
1506626856,22482998,253.85,3.96000000,0
1506626831,22482992,253.86,2.00126000,0
1506626771,22482961,253.89,3.25860575,0
1506626750,22482949,253.90,0.08826310,0
1506626646,22482891,254.06,0.21440000,0
1506626615,22482867,253.50,0.78408172,1
1506626615,22482865,253.50,2.97234714,1
1506626614,22482864,253.51,0.20105716,1
1506626614,22482863,253.53,2.45487072,0
1506626613,22482862,253.60,0.10000000,0
1506626613,22482859,253.60,1.00000000,1
1506626610,22482849,254.10,0.99999500,1
1506626610,22482845,254.10,0.45755979,1
1506626607,22482839,254.10,0.10000000,1
1506626607,22482838,254.10,0.44243521,0
1506626607,22482837,254.10,0.55756479,0
1506626606,22482835,254.08,0.00000500,0
1506626606,22482831,254.08,0.31439500,0
1506626606,22482829,254.05,0.10000000,0
1506626596,22482814,254.09,0.08044394,1
1506626551,22482776,253.53,0.82206582,1
1506626551,22482775,253.59,0.32539459,1
1506626549,22482774,254.10,0.05753640,1
1506626459,22482712,254.10,25.84052452,1
1506626451,22482708,254.10,8.53158695,1
1506626446,22482698,254.10,4.03826429,1
1506626441,22482691,253.88,2.06480600,0
1506626439,22482690,253.60,7.14324617,1
1506626438,22482689,253.62,4.44000000,1
1506626438,22482688,253.77,0.31500000,1
1506626438,22482687,253.80,2.39575633,1
1506626437,22482686,253.82,9.87035961,1
1506626418,22482673,253.80,2.60424367,1
1506626417,22482672,253.90,5.00000000,1
1506626417,22482671,253.91,0.31440000,1
1506626415,22482669,253.92,0.18135633,1
1506626333,22482624,254.10,8.10000000,0
1506626328,22482622,254.10,1.93767500,0
1506626328,22482621,254.09,0.14414300,0
1506626322,22482619,254.10,5.00000000,1
1506626237,22482556,254.10,0.12216606,1
1506626236,22482553,254.10,2.21276599,1
1506626234,22482545,254.13,0.10000000,0
1506626234,22482544,254.10,12.93783606,1
1506626233,22482542,254.13,1.43491984,1
1506626233,22482541,254.14,0.90000000,1
1506626232,22482539,254.15,0.10000000,1
1506626178,22482518,254.14,0.10000000,0
1506626081,22482489,254.10,1.80228253,1
1506626076,22482486,254.14,0.10000000,1
1506626026,22482468,254.72,9.87035961,1
1506626025,22482467,254.72,0.10000000,0
1506626014,22482462,254.11,0.14414300,1
1506626013,22482461,254.11,0.10000000,1
1506626005,22482451,254.80,4.20216300,0
1506625998,22482446,254.85,0.32393720,1
1506625998,22482443,255.20,4.81747749,0
1506625997,22482442,255.20,19.87400000,1
1506625997,22482441,255.20,2.34396100,1
1506625997,22482438,255.20,0.32383756,1
1506625997,22482436,255.20,2.84370300,1
1506625997,22482435,255.20,2.07236800,1
1506625997,22482434,255.20,1.28800000,1
1506625997,22482433,255.20,11.76518900,1
1506625997,22482432,255.20,1.28800000,1
1506625996,22482426,255.00,4.24049586,0
1506625995,22482425,255.00,6.00000000,0
1506625995,22482424,255.00,4.45673228,0
1506625995,22482423,254.95,0.15021156,0
1506625995,22482422,254.95,1.47633059,1
1506625995,22482421,254.95,0.24130900,1
1506625994,22482419,254.92,3.09000000,0
1506625994,22482418,254.85,0.32568939,0
1506625993,22482414,254.83,0.10000000,0
1506625993,22482413,254.60,0.15000000,0
1506625992,22482412,254.54,0.10000000,0
1506625992,22482411,254.54,0.32608757,0
1506625992,22482410,254.45,5.00000684,0
1506625992,22482409,254.40,5.68291338,0
1506625991,22482408,254.31,2.06230300,0
1506625991,22482407,254.30,6.93423021,0
1506625991,22482406,254.30,0.32627326,0
1506625989,22482405,254.20,0.09303164,0
1506625932,22482376,254.20,0.23349377,0
1506625932,22482375,254.20,0.15000000,0
1506625784,22482334,254.10,2.92494936,1
1506625575,22482192,254.12,0.21576341,0
1506625437,22482136,253.79,2.06526700,0
1506625437,22482135,253.76,5.46631995,0
1506625408,22482126,253.76,4.59683279,0
1506625349,22482103,254.00,0.15212700,0
1506625250,22482003,254.00,0.92456126,0
1506625250,22482002,253.97,1.03902142,0
1506625249,22482001,254.00,2.67106299,0
1506625249,22482000,253.99,0.10000000,0
1506625247,22481999,253.87,2.33543900,0
1506625185,22481950,253.93,0.03532470,0
1506625178,22481945,253.50,2.83093571,1
1506625178,22481944,253.50,4.03826429,1
1506625176,22481943,253.51,0.10000000,1
1506624930,22481823,254.00,0.30090551,0
1506624930,22481822,254.00,0.15000000,0
1506624930,22481821,253.80,0.15000000,0
1506624929,22481820,253.65,6.96439200,0
1506624929,22481819,253.65,0.15000000,1
1506624927,22481817,253.60,0.15000000,0
1506624914,22481814,253.39,5.32412500,1
1506624914,22481813,253.40,2.00000000,1
1506624896,22481802,253.39,4.77757200,1
1506624878,22481797,253.40,0.15000000,0
1506624872,22481759,253.39,4.43000000,0
1506624868,22481756,253.39,3.36600432,0
1506624857,22481747,253.14,4.99944700,0
1506624848,22481740,253.15,9.28512430,0
1506624819,22481729,253.37,3.31804009,0
1506624815,22481724,253.34,0.10000000,0
1506624805,22481713,253.39,3.17871720,0
1506624805,22481712,253.39,0.34502738,0
1506624801,22481694,252.00,4.77757127,0
1506624801,22481693,252.00,0.04777001,0
1506624800,22481691,252.10,0.15000000,1
1506624800,22481689,252.21,10.00000000,1
1506624800,22481686,252.21,0.64000000,0
1506624799,22481681,252.26,0.43000000,1
1506624799,22481679,252.30,0.15000000,1
1506624799,22481678,252.30,3.23000000,0
1506624799,22481677,252.30,3.31803983,0
1506624798,22481676,252.50,49.90099009,1
1506624798,22481675,252.50,0.15000000,1
1506624798,22481673,252.53,0.14800000,1
1506624798,22481671,252.53,1.07434638,0
1506624797,22481669,252.70,0.15000000,1
1506624797,22481667,252.71,0.32652541,1
1506624796,22481666,252.71,0.32627326,0
1506624796,22481665,252.72,0.73000000,1
1506624796,22481664,252.90,0.15000000,1
1506624795,22481663,253.00,38.08379446,1
1506624795,22481662,253.03,34.47705805,1
1506624795,22481661,253.05,0.32608757,1
1506624794,22481659,253.11,0.10000000,1
1506624794,22481658,253.13,2.06401200,0
1506624794,22481657,253.13,0.03704790,0
1506624794,22481656,253.13,0.22414829,0
1506624793,22481655,253.30,0.15000000,1
1506624793,22481654,253.33,21.86947226,1
1506624793,22481653,253.33,0.10000000,0
1506624792,22481652,253.36,0.32568939,1
1506624792,22481651,253.41,69.23100000,0
1506624791,22481650,253.65,0.15021156,1
1506624791,22481649,253.65,39.41064177,1
1506624791,22481648,253.66,3.62000000,1
1506624790,22481647,253.70,2.15526212,1
1506624790,22481646,253.71,0.08500000,1
1506624790,22481645,253.71,6.50000000,1
1506624789,22481644,253.72,1.00000000,1
1506624789,22481643,253.80,3.00000000,1
1506624789,22481642,253.87,10.34534084,1
1506624788,22481641,253.90,6.77896809,1
1506624769,22481624,254.00,2.68291338,1
1506624768,22481623,254.00,5.00229612,1
1506624768,22481620,254.00,34.54326772,1
1506624768,22481619,254.00,4.45673228,1
1506624768,22481617,254.01,1.00000000,1
1506624766,22481605,254.10,1.00000000,1
1506624765,22481598,254.10,2.00000000,1
1506624764,22481597,254.16,1.00000000,1
1506624757,22481593,254.21,0.39239212,0
1506624585,22481499,254.56,1.79291495,0
1506624565,22481479,254.57,1.00000000,0
1506624554,22481462,254.58,1.24571800,0
1506624554,22481461,254.57,0.10000000,0
1506624544,22481447,254.26,3.92594552,1
1506624544,22481446,254.27,0.10000000,1
1506624502,22481428,254.59,4.20598000,0
1506624500,22481427,254.59,1.46492000,0
1506624494,22481421,254.57,5.99171000,0
1506624493,22481420,254.57,0.63456000,0
1506624490,22481419,254.57,1.12898000,0
1506624485,22481416,254.57,7.07153901,0
1506624485,22481415,254.39,0.03729099,0
1506624482,22481414,254.57,0.00079372,0
1506624482,22481413,254.40,1.14058628,0
1506624470,22481411,254.40,2.41835000,0
1506624470,22481410,254.35,0.10000000,0
1506624468,22481409,254.40,3.20670440,0
1506624373,22481372,254.00,0.03729099,1
1506624372,22481371,254.11,0.10000000,1
1506624310,22481349,254.63,0.25225100,0
1506624309,22481348,254.62,0.10000000,0
1506624309,22481347,254.38,0.31400000,0
1506624307,22481343,254.62,1.32754700,0
1506624307,22481339,254.30,1.93058180,0
1506624307,22481338,254.29,0.10000000,0
1506624293,22481330,253.96,0.28945190,1
1506624271,22481324,253.97,1.46700000,1
1506624270,22481323,253.98,0.10000000,1
1506624207,22481308,254.30,2.52084000,0
1506624206,22481307,254.29,0.10000000,0
1506624206,22481306,253.87,1.25291811,1
1506624206,22481305,254.00,0.02881889,1
1506624205,22481304,254.02,2.06164500,1
1506624193,22481301,254.04,2.06154000,1
1506624193,22481300,254.05,0.10000000,1
1506624180,22481264,254.06,0.10000000,1
1506624170,22481263,254.00,0.09724409,1
1506624170,22481262,254.00,2.00000000,1
1506624170,22481261,254.00,3.41681949,1
1506624170,22481260,254.09,2.06083300,1
1506624170,22481259,254.18,0.31400000,1
1506624169,22481258,254.44,3.22018138,1
1506624165,22481256,254.55,0.02482813,0
1506624142,22481245,254.44,0.10000000,1
1506624140,22481243,254.44,0.31400000,1
1506624140,22481242,254.44,0.02000000,1
1506624080,22481214,254.00,7.35094385,1
1506624080,22481213,254.01,18.28100000,1
1506624079,22481212,254.18,0.31400000,1
1506624079,22481209,254.23,2.06084000,1
1506624079,22481208,254.30,0.10000000,1
1506624077,22481207,254.70,1.82551157,1
1506624076,22481206,254.69,0.10000000,0
1506624046,22481184,254.72,0.24500900,0
1506624037,22481180,254.71,1.85810922,1
1506624037,22481179,254.71,0.10000000,0
1506623982,22481164,254.33,1.00000000,0
1506623969,22481161,254.39,2.44842000,0
1506623968,22481160,254.39,0.10000000,1
1506623829,22481114,254.36,0.29681700,1
1506623828,22481113,254.82,0.20318300,1
1506623825,22481109,254.81,0.31400000,0
1506623756,22481055,254.00,13.96887255,1
1506623756,22481054,254.01,3.69000000,1
1506623756,22481053,254.20,0.15000000,1
1506623756,22481052,254.21,0.08000000,1
1506623756,22481051,254.25,0.32455159,1
1506623756,22481050,254.50,0.31400000,1
1506623755,22481049,254.50,1.90707269,1
1506623755,22481048,254.51,2.09558800,1
1506623755,22481047,254.53,0.10000000,1
1506623720,22481028,254.56,1.17850409,1
1506623720,22481026,254.57,8.23699200,1
1506623627,22480951,255.10,1.90262000,0
1506623627,22480950,255.05,0.10000000,0
1506623558,22480907,254.88,1.00126000,0
1506623532,22480903,254.87,0.42593946,0
1506623531,22480902,254.86,0.31320000,0
1506623531,22480901,254.86,0.10000000,0
1506623327,22480794,254.40,0.58158079,0
1506623326,22480793,254.40,0.15000000,1
1506623300,22480782,254.42,1.45300000,0
1506623299,22480781,254.43,1.17200000,1
1506623292,22480766,255.07,0.08412739,0
1506623241,22480738,254.46,1.28000000,1
1506623241,22480737,254.47,3.96000000,0
1506623241,22480736,254.47,0.10000000,0
1506623236,22480732,254.46,2.70029797,0
1506623235,22480731,254.55,0.31320000,1
1506623233,22480730,255.16,0.93650203,1
1506623233,22480729,255.16,0.31400000,1
1506623232,22480727,255.16,0.10000000,0
1506623008,22480655,254.48,2.86211054,1
1506623008,22480654,254.60,0.31400000,0
1506623008,22480653,254.60,0.15000000,1
1506623007,22480651,254.61,0.20000000,1
1506623007,22480650,254.67,1.00000000,1
1506623006,22480649,254.71,2.00000000,1
1506623006,22480648,254.80,0.15000000,1
1506623006,22480647,254.87,3.96000000,1
1506623004,22480643,255.14,5.03648000,1
1506623004,22480642,255.15,0.10000000,1
1506623000,22480639,254.82,1.07296000,0
1506623000,22480638,254.87,3.96000000,1
1506622998,22480637,254.88,0.10000000,1
1506622823,22480579,255.35,0.68128060,1
1506622823,22480578,255.35,0.10000000,0
1506622721,22480503,255.21,0.04503667,0
1506622721,22480502,255.20,0.27864033,0
1506622720,22480501,255.11,0.10000000,0
1506622720,22480500,255.09,0.31270000,0
1506622489,22480431,254.81,3.96000000,1
1506622484,22480430,254.90,0.35616320,1
1506622484,22480429,254.92,0.10000000,1
1506622482,22480428,254.90,3.86000000,1
1506622482,22480427,254.91,0.10000000,1
1506622395,22480396,255.17,0.50000000,0
1506622347,22480339,255.17,0.50089300,0
1506622323,22480322,255.00,2.17352221,1
1506622321,22480317,255.00,0.05030100,1
1506622273,22480290,255.17,1.80449038,0
1506622272,22480287,255.14,0.10000000,0
1506622256,22480273,255.17,0.68280400,0
1506622255,22480272,255.14,0.10000000,0
1506622148,22480234,255.00,4.94034740,1
1506622130,22480223,255.00,0.29943309,1
1506622129,22480222,255.02,0.50000000,1
1506622107,22480213,255.01,0.59829078,1
1506622107,22480212,255.01,0.72359203,1
1506622099,22480209,255.12,0.70000000,1
1506622099,22480208,255.13,0.10000000,1
1506621906,22480057,255.08,5.00000000,1
1506621896,22480040,255.00,0.26298040,1
1506621895,22480039,255.01,0.10000000,1
1506621893,22480036,255.00,2.26761197,1
1506621893,22480034,255.01,3.20000000,1
1506621892,22480032,255.04,0.31270000,1
1506621892,22480031,255.42,1.95756010,1
1506621890,22480029,255.60,0.36212793,1
1506621887,22480026,255.60,4.26752700,1
1506621842,22480005,255.60,0.71146400,1
1506621650,22479935,255.73,0.00379306,0
1506621650,22479934,255.72,0.75101891,1
1506621649,22479933,255.72,3.10697000,0
1506621580,22479845,255.01,0.35297200,1
1506621580,22479844,255.69,0.97570931,0
1506621580,22479843,255.69,0.32461530,0
1506621579,22479840,255.60,0.15000000,0
1506621579,22479839,255.60,0.08020384,0
1506621579,22479838,255.57,1.25000000,0
1506621578,22479837,255.56,12.99206209,1
1506621419,22479755,255.51,0.00093550,0
1506621419,22479754,255.51,0.18616450,1
1506621417,22479751,255.48,0.31290000,0
1506621396,22479741,254.99,0.31290000,1
1506621325,22479673,255.37,0.30540001,0
1506621263,22479622,255.06,2.12511472,0
1506621263,22479621,255.06,0.00075961,0
1506621232,22479567,255.06,0.75936739,0
1506621215,22479530,255.05,3.96000000,1
1506621214,22479525,255.06,1.24764100,1
1506621212,22479523,255.17,0.79119000,0
1506621089,22479408,255.00,0.15000000,1
1506621089,22479407,255.00,0.10000000,1
1506621089,22479406,255.29,3.96000000,1
1506621071,22479386,255.29,0.57171348,0
1506621050,22479367,255.25,1.83220821,1
1506621030,22479355,255.25,2.85657152,1
1506621028,22479353,255.27,0.50620911,0
1506620829,22479227,255.25,0.44418280,1
1506620808,22479217,255.29,1.00000000,0
1506620803,22479216,255.30,0.06639248,0
1506620755,22479188,255.25,2.64591077,1
1506620725,22479175,255.25,0.78892800,1
1506620709,22479145,255.25,0.50000000,1
1506620708,22479144,255.26,0.50000000,0
1506620670,22479119,255.20,5.47225746,0
1506620669,22479118,255.20,1.85529054,0
1506620637,22479059,255.20,0.40770000,0
1506620630,22479053,255.20,0.50000000,0
1506620495,22478963,255.45,1.00126000,0
1506620470,22478946,255.45,0.10126000,0
1506620264,22478842,254.99,8.23341200,0
1506620263,22478835,254.76,0.10000000,0
1506620224,22478810,254.76,0.10000000,0
1506620213,22478805,254.76,2.48902001,0
1506620193,22478799,254.82,0.19570677,0
1506620186,22478797,254.91,0.18374600,0
1506620176,22478793,255.20,0.12408923,0
1506620174,22478790,255.00,0.60000000,0
1506620172,22478788,254.75,8.23524800,1
1506620012,22478729,254.66,0.75900000,0
1506619923,22478674,254.65,1.56952400,0
1506619914,22478669,254.89,0.63158079,0
1506619913,22478668,254.88,0.10000000,0
1506619906,22478662,254.50,3.17303086,0
1506619903,22478658,254.50,1.57157000,0
1506619901,22478653,254.50,1.22800300,0
1506619898,22478642,254.50,1.55749614,0
1506619897,22478640,254.86,0.46000000,1
1506619897,22478639,254.87,0.10000000,1
1506619892,22478634,255.11,1.55789197,0
1506619857,22478590,255.19,0.20286450,0
1506619845,22478576,255.23,0.12000000,0
1506619822,22478538,255.28,0.93526539,0
1506619811,22478529,255.27,0.26816164,0
1506619711,22478451,255.55,0.23150274,0
1506619709,22478448,255.40,0.15000000,0
1506619705,22478442,255.37,0.13729099,0
1506619596,22478359,255.34,0.32281091,0
1506619584,22478351,255.21,0.59735120,0
1506619584,22478350,255.20,0.15000000,0
1506619583,22478349,255.18,0.32527106,0
1506619583,22478348,255.17,0.10000000,1
1506619581,22478344,254.00,15.52088379,1
1506619581,22478343,254.02,3.50000000,1
1506619581,22478342,254.04,1.00000000,1
1506619580,22478341,254.32,2.00000000,1
1506619580,22478340,254.32,0.11524850,1
1506619580,22478339,254.36,13.29746210,1
1506619580,22478338,254.62,2.05825200,1
1506619580,22478337,254.63,0.10000000,1
1506619580,22478336,254.64,0.31399500,1
1506619509,22478287,255.16,2.54842000,0
1506619508,22478285,255.16,1.37944805,0
1506619508,22478284,255.12,0.00000014,0
1506619415,22478228,255.06,0.52795421,0
1506619370,22478187,255.08,2.18990121,0
1506619338,22478165,255.12,0.99999986,0
1506619338,22478164,255.11,3.42360914,0
1506619326,22478157,255.05,0.14073076,0
1506619309,22478130,255.04,0.13581851,0
1506619309,22478129,254.86,0.06411091,0
1506619306,22478124,254.86,0.24918909,0
1506619306,22478123,254.72,0.06411091,0
1506619302,22478114,254.15,2.54892000,1
1506619301,22478111,254.72,0.00029000,0
1506619301,22478109,254.65,0.10000000,0
1506619301,22478107,254.64,0.31400000,0
1506619213,22478005,253.82,1.01050246,1
1506619199,22477976,253.72,0.67464133,1
1506619199,22477975,254.22,0.06440091,1
1506619199,22477974,254.25,0.31400000,1
1506619191,22477959,254.28,1.66716999,1
1506619188,22477958,254.20,0.70808222,1
1506619188,22477957,254.22,0.31330000,1
1506619188,22477956,254.44,0.10000000,1
1506619187,22477954,255.05,0.18470225,0
1506619187,22477953,255.05,0.32543301,0
1506619186,22477952,255.04,0.16473153,0
1506619186,22477951,254.47,0.50000000,0
1506619149,22477931,255.04,2.85657152,0
1506619115,22477891,254.60,3.26120500,0
1506619115,22477889,254.57,0.31390000,0
1506619114,22477880,254.57,2.15975400,0
1506619095,22477859,254.32,9.46304883,1
1506619094,22477858,254.32,0.11744435,0
1506619086,22477849,253.77,0.08769096,1
1506619085,22477847,253.76,0.85547322,1
1506619085,22477846,253.76,3.05160400,1
1506619079,22477826,254.27,0.11736720,0
1506619077,22477824,254.28,0.19655565,0
1506619072,22477819,254.26,0.48314400,1
1506619072,22477818,254.25,0.07751900,0
1506619068,22477817,254.27,0.03317400,0
1506619065,22477815,254.29,0.08930700,0
1506619053,22477805,253.71,2.39521538,1
1506619053,22477804,253.71,1.72478462,1
1506619051,22477803,253.72,0.31400000,1
1506619051,22477801,253.72,0.22079457,1
1506619045,22477790,253.73,0.50337509,1
1506619040,22477783,253.71,2.06091000,1
1506619040,22477782,253.72,1.56739713,1
1506619039,22477781,253.72,0.10000000,1
1506619038,22477778,253.71,0.15626571,1
1506619037,22477771,253.71,0.34693368,1
1506619036,22477770,253.71,0.48184620,1
1506619036,22477768,253.71,2.18688016,1
1506619033,22477761,253.72,0.47780143,0
1506619033,22477760,253.71,1.37797425,1
1506619032,22477758,253.72,1.09199810,0
1506619031,22477754,253.72,0.34231653,0
1506619030,22477753,253.71,0.00010000,1
1506619029,22477751,253.72,1.63000000,0
1506619028,22477747,253.72,2.05897800,0
1506619028,22477743,253.72,1.13695015,0
1506619027,22477740,254.02,1.27629000,1
1506619027,22477738,254.03,0.10000000,1
1506619024,22477728,254.01,0.10000000,0
1506619023,22477724,254.11,0.99777948,1
1506619022,22477720,254.02,2.32026035,0
1506619022,22477718,254.02,1.00000000,1
1506619022,22477716,254.04,0.02503543,1
1506619021,22477715,254.18,0.11605804,1
1506619021,22477713,254.20,2.05839100,1
1506619021,22477712,254.22,0.31400000,1
1506619021,22477710,254.24,0.10000000,1
1506618969,22477627,254.85,0.01954091,0
1506618958,22477606,254.82,0.16033902,0
1506618955,22477596,254.81,2.86571911,0
1506618932,22477582,254.22,0.26194400,1
1506618925,22477577,254.80,0.06934851,0
1506618799,22477489,254.58,2.26829500,0
1506618799,22477487,254.58,0.01580700,0
1506618791,22477486,254.58,0.23419300,0
1506618790,22477485,254.58,1.16108000,0
1506618757,22477465,254.58,2.54892000,0
1506618755,22477463,254.58,0.25000000,0
1506618691,22477432,255.01,1.20003137,1
1506618690,22477431,255.00,2.32849500,0
1506618690,22477430,254.94,7.22000000,0
1506618689,22477429,254.93,3.08000000,0
1506618689,22477428,254.90,0.10500591,0
1506618688,22477427,254.66,8.23796300,0
1506618688,22477426,254.32,0.06447876,0
1506618686,22477425,254.08,12.62873029,0
1506618630,22477373,254.03,1.38215634,1
1506618611,22477310,254.08,1.97823531,0
1506618602,22477298,254.07,0.31370000,1
1506618601,22477297,254.08,0.14125472,0
1506618592,22477280,254.08,3.15542349,0
1506618591,22477278,254.08,3.09606000,0
1506618590,22477273,254.08,0.51367000,0
1506618589,22477269,254.08,2.96558000,0
1506618587,22477262,254.08,0.15737400,0
1506618586,22477256,254.07,0.10000000,0
1506618568,22477216,254.10,0.10000000,0
1506618567,22477214,254.09,1.55983700,0
1506618526,22477155,253.87,7.23815339,1
1506618520,22477141,253.87,22.24907700,1
1506618520,22477140,253.88,0.10000000,1
1506618518,22477135,253.87,2.58626061,1
1506618518,22477134,253.88,0.31370000,1
1506618518,22477133,253.88,0.10000000,1
1506618515,22477130,253.87,7.33376800,1
1506618514,22477129,253.87,24.13472400,1
1506618514,22477128,253.88,10.70000000,1
1506618513,22477124,253.87,3.36623275,1
1506618512,22477122,253.87,67.10382977,0
1506618458,22477050,253.44,0.18139514,1
1506618420,22476963,253.87,2.00000000,0
1506618414,22476951,253.87,4.63317023,0
1506618414,22476950,253.86,0.36682977,0
1506618406,22476934,253.86,1.00000000,0
1506618400,22476915,253.89,1.93570135,0
1506618399,22476913,253.89,0.06429865,0
1506618385,22476904,253.94,0.03937938,1
1506618381,22476900,253.95,10.00000000,0
1506618362,22476875,253.69,1.38215634,0
1506618358,22476859,253.51,0.21010000,0
1506618357,22476858,253.50,0.10000000,0
1506618326,22476821,253.33,0.99000000,1
1506618305,22476817,253.65,0.10390000,1
1506618305,22476815,253.64,0.10000000,0
1506618210,22476760,253.33,2.14052774,1
1506618210,22476759,253.37,0.10000000,1
1506618210,22476758,253.38,0.30000000,1
1506618183,22476742,253.49,2.06009000,1
1506618183,22476741,253.59,0.10000000,1
1506618181,22476737,253.53,2.91956464,1
1506618181,22476736,253.58,0.31605804,1
1506618173,22476730,254.00,0.00011811,1
1506618173,22476729,254.00,0.56988189,1
1506618171,22476726,254.00,0.10000000,0
1506618161,22476714,254.04,0.03570135,0
1506618144,22476695,253.53,22.08043536,1
1506618144,22476694,253.56,0.32543301,1
1506618144,22476693,253.56,0.32543301,1
1506618144,22476692,253.68,2.05940900,1
1506618144,22476691,253.70,0.10500591,1
1506618144,22476690,253.70,0.75514971,1
1506618143,22476689,253.70,1.92339475,1
1506618142,22476684,253.70,0.03855893,1
1506618135,22476671,253.70,3.28289661,1
1506618134,22476670,253.71,2.82210939,1
1506618131,22476661,253.76,0.06461301,1
1506618131,22476659,253.76,1.99451399,1
1506618131,22476658,253.82,0.06447876,1
1506618130,22476655,253.80,0.09999971,1
1506618129,22476653,253.80,14.39912894,1
1506618129,22476651,253.81,0.32527106,1
1506618129,22476649,253.82,0.10000000,1
1506618124,22476632,254.16,0.13834400,1
1506618123,22476631,254.16,1.92014600,1
1506618107,22476612,254.35,0.31400000,1
1506618107,22476611,254.49,0.10745456,1
1506618107,22476610,254.51,0.10000000,1
1506618070,22476587,254.84,2.82210939,0
1506618059,22476580,254.56,0.51227347,1
1506618058,22476579,254.37,0.06071654,1
1506618058,22476577,254.56,0.03928346,1
1506618058,22476575,254.38,0.31400000,0
1506618057,22476574,254.37,0.27468719,0
1506618057,22476573,254.37,0.03931281,1
1506618055,22476570,254.37,0.10000000,0
1506618055,22476569,254.36,0.10000000,0
1506617988,22476541,253.80,10.13719916,1
1506617988,22476540,253.85,4.32176400,1
1506617976,22476531,253.90,0.15000000,1
1506617976,22476530,253.90,5.00000000,1
1506617976,22476529,254.11,8.22974800,1
1506617964,22476510,253.99,0.59461166,1
1506617964,22476509,254.06,8.04283600,1
1506617964,22476508,254.07,3.25000000,1
1506617959,22476506,254.06,0.18600000,1
1506617959,22476505,254.08,0.31400000,1
1506617953,22476502,254.10,0.15000000,1
1506617952,22476501,254.11,0.10000000,1
1506617952,22476500,254.16,0.31400000,1
1506617952,22476499,254.19,0.10000000,1
1506617952,22476498,254.20,0.32461530,1
1506617941,22476485,254.21,3.07550696,1
1506617941,22476484,254.30,1.03989333,1
1506617940,22476483,254.32,0.10000000,1
1506617900,22476436,254.31,0.10000000,0
1506617899,22476435,254.30,5.22000000,1
1506617896,22476431,254.30,0.31400000,1
1506617896,22476430,254.30,4.20148414,1
1506617896,22476428,254.31,0.10000000,0
1506617896,22476427,254.31,0.20365821,0
1506617894,22476425,254.31,3.96000000,0
1506617892,22476420,254.30,4.51801381,1
1506617892,22476419,254.30,20.68773247,1
1506617891,22476418,254.31,3.90000000,1
1506617886,22476416,254.32,0.18136000,1
1506617844,22476352,254.31,2.63700544,1
1506617844,22476350,254.32,1.00000000,1
1506617838,22476335,254.35,1.89443771,1
1506617811,22476301,254.35,0.24453582,1
1506617799,22476249,254.35,0.68162533,1
1506617776,22476233,254.35,0.72174711,1
1506617770,22476225,254.35,3.48032240,1
1506617769,22476224,254.35,4.61463504,1
1506617758,22476211,254.35,0.96965550,1
1506617741,22476174,254.30,2.18800000,1
1506617739,22476160,254.31,0.10000000,1
1506617738,22476153,254.30,1.70699000,1
1506617677,22476106,254.30,0.38722900,1
1506617675,22476104,254.31,6.11046221,1
1506617673,22476097,254.30,0.31360000,1
1506617672,22476091,254.30,2.67392844,1
1506617671,22476085,254.31,4.39000000,1
1506617671,22476083,254.32,0.10000000,1
1506617647,22476060,254.36,0.10000000,1
1506617415,22475854,254.32,1.47964473,1
1506617415,22475853,254.49,1.08233527,1
1506617414,22475850,254.49,0.06068144,0
1506617414,22475847,254.49,0.03931856,0
1506617397,22475818,254.32,0.13848820,1
1506617396,22475815,254.38,0.31360000,1
1506617396,22475809,254.50,0.54791180,0
1506617394,22475797,254.30,16.78632896,1
1506617394,22475796,254.31,5.46000000,1
1506617393,22475794,254.42,0.31400000,1
1506617393,22475792,254.49,0.10000000,1
1506617393,22475791,254.50,1.59383104,1
1506617348,22475751,255.00,12.57482833,1
1506617345,22475745,255.00,9.10899200,1
1506617217,22475673,255.10,0.57126000,0
1506617167,22475661,255.10,1.00000000,0
1506617143,22475635,255.00,2.74286159,1
1506617090,22475616,255.00,3.31550021,1
1506617087,22475615,255.00,2.05566100,0
1506617087,22475614,255.00,0.20215687,0
1506617079,22475613,255.00,1.79784313,0
1506617077,22475608,254.96,2.05598400,0
1506616860,22475547,255.11,7.00000000,0
1506616844,22475543,255.15,1.87075052,1
1506616843,22475542,255.12,2.05519500,0
1506616843,22475541,255.09,0.10000000,0
1506616825,22475538,254.22,1.60229221,1
1506616825,22475537,254.35,5.20000000,1
1506616825,22475536,254.35,3.26470779,1
1506616825,22475535,254.50,10.00000000,1
1506616825,22475534,254.62,0.10000000,1
1506616821,22475532,254.61,9.21200000,1
1506616776,22475515,255.20,6.47719435,0
1506616775,22475514,255.19,6.62118049,0
1506616769,22475511,255.20,2.02163009,0
1506616767,22475510,255.16,0.10000000,0
1506616759,22475506,255.18,0.27884745,0
1506616757,22475505,255.01,0.10000000,0
1506616696,22475486,255.20,0.19592476,0
1506616692,22475485,255.28,0.09575882,0
1506616692,22475484,254.58,0.00424118,0
1506616667,22475479,254.58,1.88572722,0
1506616629,22475461,254.58,1.00000000,0
1506616615,22475452,254.58,3.96000000,0
1506616614,22475451,254.58,3.96000000,0
1506616613,22475450,254.58,3.96000000,0
1506616612,22475449,254.58,3.96000000,0
1506616611,22475447,254.58,3.96000000,0
1506616610,22475446,254.68,3.96000000,1
1506616562,22475390,254.27,3.78938396,1
1506616562,22475389,254.30,0.15000000,1
1506616562,22475388,254.66,0.10000000,1
1506616533,22475362,254.52,2.74157487,1
1506616533,22475361,254.60,0.80312647,1
1506616533,22475360,254.64,1.00000000,1
1506616532,22475359,254.80,1.00000000,1
1506616532,22475358,254.80,0.15000000,1
1506616532,22475357,254.80,0.57520364,0
1506616530,22475355,255.00,0.10000000,1
1506616530,22475354,255.00,0.15000000,1
1506616490,22475330,255.37,1.00000000,0
1506616437,22475306,255.39,0.50126000,0
1506616260,22475234,255.26,0.00921866,0
1506616260,22475233,255.20,0.09078134,0
1506616239,22475221,255.13,0.01955866,0
1506616201,22475210,255.12,1.00000000,0
1506616187,22475209,255.16,4.03938396,0
1506616167,22475201,255.15,0.15000000,0
1506616020,22475140,255.27,0.03922480,0
1506615990,22475135,255.31,0.20126000,0
1506615916,22475110,255.47,0.80415000,1
1506615916,22475109,255.46,0.10000000,1
1506615916,22475108,255.46,0.10000000,0
1506615914,22475106,255.07,0.10000000,0
1506615905,22475098,254.39,3.70031790,0
1506615905,22475097,254.81,0.10067451,1
1506615903,22475095,255.10,0.08020384,1
1506615834,22475025,254.82,3.01848558,0
1506615833,22475024,254.99,0.32361160,1
1506615833,22475023,255.10,0.29756922,1
1506615833,22475022,255.58,0.10006260,1
1506615806,22474999,255.10,1.20739326,1
1506615806,22474998,255.11,1.19858100,1
1506615806,22474996,255.13,2.18000000,1
1506615806,22474995,255.55,0.09526120,1
1506615806,22474994,255.57,0.31160000,1
1506615806,22474993,255.58,0.10000000,1
1506615801,22474974,256.58,43.81886584,1
1506615801,22474973,256.58,1.21632786,1
1506615801,22474970,256.02,0.11909048,0
1506615801,22474967,256.02,7.18043225,1
1506615800,22474966,256.00,0.05841644,0
1506615800,22474964,255.99,1.84402547,1
1506615798,22474962,255.99,0.10000000,0
1506615793,22474955,255.10,0.59503752,1
1506615793,22474954,255.52,0.11909048,1
1506615793,22474953,255.55,0.10000000,1
1506615791,22474950,256.00,0.00029356,1
1506615790,22474949,256.00,0.05841861,1
1506615788,22474946,255.99,0.04128783,0
1506615787,22474944,256.74,0.24834462,1
1506615787,22474943,256.28,0.04054905,0
1506615787,22474942,256.28,2.00932895,0
1506615786,22474941,256.00,0.04054905,0
1506615786,22474940,255.99,0.10000000,0
1506615779,22474935,256.00,0.35007592,0
1506615779,22474934,256.00,5.58374308,0
1506615779,22474933,255.96,0.10000000,0
1506615767,22474929,255.51,8.55586467,1
1506615767,22474928,255.52,0.81126808,1
1506615762,22474915,256.01,0.09733339,0
1506615761,22474914,256.01,0.32231188,0
1506615761,22474910,256.13,0.39042673,1
1506615759,22474896,256.89,33.35189330,1
1506615758,22474895,256.89,9.69700000,0
1506615758,22474894,256.89,30.31823915,1
1506615758,22474893,256.89,7.54306257,1
1506615758,22474892,256.83,0.32318195,0
1506615757,22474891,256.80,0.32321429,0
1506615757,22474890,256.78,0.32324607,0
1506615757,22474888,256.70,0.15000000,0
1506615757,22474886,256.70,3.96000000,1
1506615756,22474885,256.68,8.58413224,0
1506615756,22474881,256.50,0.15000000,0
1506615755,22474879,256.46,0.59646356,0
1506615755,22474878,256.44,0.46000000,0
1506615755,22474876,256.44,7.53393849,1
1506615755,22474874,256.35,0.32377852,0
1506615754,22474873,256.35,0.90000000,0
1506615754,22474872,256.30,0.05000000,0
1506615754,22474871,256.30,0.15000000,0
1506615754,22474870,256.23,0.48777567,0
1506615754,22474869,256.23,0.70555747,0
1506615753,22474868,256.16,0.50000000,0
1506615753,22474867,255.98,0.50000000,0
1506615752,22474866,255.97,0.43000000,0
1506615752,22474865,255.61,0.09535494,0
1506615752,22474864,255.61,0.11919564,0
1506615751,22474863,255.48,2.05333000,1
1506615751,22474862,255.48,3.96000000,0
1506615751,22474861,255.47,2.00000000,0
1506615750,22474860,255.17,0.31230000,1
1506615750,22474858,255.17,0.39993400,0
1506615750,22474857,255.17,0.28845700,0
1506615724,22474835,255.49,0.19140371,0
1506615602,22474781,255.30,0.62037608,0
1506615602,22474780,255.30,0.37962392,0
1506615567,22474768,255.11,0.20000000,1
1506615549,22474763,255.11,4.04049586,1
1506615530,22474752,255.15,0.10000000,1
1506615481,22474721,255.11,0.09535494,1
1506615480,22474719,255.11,0.11919564,1
1506615445,22474706,255.33,2.27858066,1
1506615445,22474705,255.34,0.10000000,1
1506615439,22474700,255.77,0.99683433,0
1506615430,22474683,255.10,0.37962392,1
1506615430,22474682,255.11,0.10000000,1
1506615430,22474681,255.40,0.31230000,1
1506615424,22474667,256.10,5.61407653,0
1506615424,22474665,256.10,0.15000000,0
1506615424,22474663,256.07,0.25000000,0
1506615424,22474662,255.90,0.60000000,0
1506615423,22474661,255.90,0.15000000,0
1506615423,22474660,255.88,0.06109327,0
1506615423,22474659,255.88,11.23604743,1
1506615423,22474657,255.67,0.07642748,0
1506615422,22474656,255.63,0.45000000,0
1506615422,22474654,255.63,2.25280082,1
1506615422,22474653,255.53,0.04894326,0
1506615421,22474652,255.53,0.02608473,0
1506615421,22474651,255.53,0.06950402,0
1506615421,22474650,255.33,2.05217000,0
1506615419,22474643,255.25,1.12642944,0
1506615389,22474620,255.50,0.10000000,1
1506615388,22474619,255.50,0.10000000,1
1506615388,22474618,255.50,0.05000000,1
1506615352,22474593,255.42,0.05000000,0
1506615351,22474592,255.42,0.10000000,0
1506615341,22474589,255.42,0.10000000,0
1506615314,22474571,255.42,0.10000000,0
1506615310,22474566,255.42,0.10000000,0
1506615269,22474544,255.40,8.43974664,0
1506615266,22474543,255.40,0.18863370,0
1506615265,22474542,255.40,0.17675393,0
1506615261,22474527,255.40,0.32324607,0
1506615252,22474518,255.36,3.63490722,0
1506615252,22474517,255.36,0.32502124,0
1506615252,22474516,255.32,0.32508754,0
1506615222,22474480,255.20,2.67043887,0
1506615222,22474479,255.20,0.97000000,0
1506615221,22474477,255.00,0.11699571,0
1506615205,22474466,254.98,0.10000000,0
1506615205,22474465,254.98,0.10000000,0
1506615205,22474464,254.98,0.10000000,0
1506615205,22474463,254.98,0.10000000,0
1506615205,22474462,254.98,0.57622148,0
1506615201,22474461,254.98,0.32377852,0
1506615195,22474459,254.97,0.19642436,0
1506615195,22474458,254.96,0.08022064,0
1506615158,22474427,254.96,0.24533260,0
1506615158,22474426,254.94,0.31380000,0
1506615158,22474424,254.81,0.32574071,0
1506615157,22474423,254.80,0.15000000,0
1506615157,22474422,254.78,0.32577921,0
1506615156,22474421,254.70,0.50000000,0
1506615156,22474420,254.70,0.13583740,0
1506615123,22474361,254.69,0.10000000,0
1506615101,22474335,254.30,0.10620000,0
1506615101,22474334,254.30,0.31380000,0
1506615100,22474333,254.30,3.96000000,1
1506615100,22474332,254.32,0.10000000,1
1506615086,22474316,254.60,0.15000000,0
1506615085,22474315,254.60,0.32601043,0
1506615085,22474314,254.40,0.15000000,0
1506615042,22474278,254.39,0.16999500,0
1506615035,22474272,254.19,4.38000000,0
1506614947,22474212,254.39,2.25280082,0
1506614927,22474198,254.39,1.37642944,0
1506614899,22474177,254.35,1.25835900,0
1506614899,22474176,254.35,0.79880300,0
1506614899,22474175,254.20,0.50000000,0
1506614848,22474146,253.76,3.79723000,1
1506614840,22474140,254.10,3.94049586,0
1506614840,22474139,254.09,0.10000000,0
1506614809,22474125,254.10,1.14891017,0
1506614808,22474122,254.10,3.76157024,0
1506614808,22474121,254.10,0.15000000,0
1506614806,22474120,254.07,8.67740071,0
1506614719,22474073,253.96,0.89786000,0
1506614719,22474072,253.96,0.89824600,0
1506614535,22473959,253.97,0.38358478,0
1506614535,22473957,253.97,1.01377903,1
1506614534,22473956,253.96,0.31500000,0
1506614534,22473955,253.79,2.06040000,0
1506614533,22473953,253.75,0.43000000,0
1506614471,22473922,252.93,0.23952942,1
1506614471,22473921,252.93,3.96000000,0
1506614471,22473920,253.00,1.00000000,1
1506614471,22473919,253.00,7.72587016,1
1506614471,22473918,253.00,2.66296442,1
1506614470,22473917,253.07,8.24063600,1
1506614470,22473916,253.10,0.15000000,1
1506614469,22473915,253.13,0.45000000,0
1506614432,22473858,253.54,0.09802900,1
1506614432,22473857,253.26,1.96243000,0
1506614429,22473856,253.42,0.45000000,0
1506614411,22473846,253.21,2.37357820,1
1506614358,22473819,253.20,2.37357820,0
1506614346,22473818,253.20,4.45142180,1
1506614345,22473817,253.26,0.31500000,1
1506614252,22473791,253.25,4.04138339,1
1506614202,22473765,253.71,0.78633085,0
1506614155,22473748,253.26,5.85865500,0
1506614154,22473746,253.30,0.15000000,1
1506614154,22473745,253.31,0.41999500,1
1506614153,22473744,253.50,0.15000000,1
1506614153,22473743,253.54,0.10000000,1
1506614121,22473730,253.94,2.56198000,0
1506614120,22473728,253.94,17.25000000,0
1506614120,22473727,253.93,0.75000000,0
1506614086,22473709,253.71,2.46379724,0
1506614084,22473706,253.70,8.99855950,0
1506614080,22473705,253.74,0.19653977,0
1506614053,22473701,253.29,4.17000000,0
1506614051,22473697,253.36,0.00044614,1
1506614051,22473696,253.60,0.63687986,1
1506614048,22473688,253.59,0.02312514,0
1506614048,22473687,253.36,0.42000000,0
1506613946,22473617,253.59,0.32555324,0
1506613936,22473604,253.59,1.65132162,0
1506613936,22473603,253.34,2.06297400,0
1506613935,22473600,253.05,0.32797821,0
1506613933,22473598,253.00,4.05772617,0
1506613921,22473593,253.00,9.07285400,0
1506613917,22473591,253.00,0.89541935,0
1506613913,22473588,253.00,6.00000000,0
1506613900,22473574,253.00,42.28692200,0
1506613894,22473558,253.00,0.02600000,0
1506613892,22473556,253.00,10.00000000,0
1506613875,22473537,253.00,20.00000000,0
1506613872,22473528,253.00,0.33016700,0
1506613868,22473521,253.00,0.02900000,0
1506613858,22473506,253.00,3.00000000,0
1506613848,22473500,253.00,5.00000000,0
1506613843,22473495,253.00,2.69912962,0
1506613828,22473487,253.00,3.96960474,0
1506613802,22473473,253.00,44.38312252,0
1506613796,22473471,253.00,7.43238066,0
1506613792,22473466,253.00,10.00000000,0
1506613791,22473465,253.00,5.20883964,0
1506613790,22473463,253.00,7.72338278,0
1506613778,22473444,253.00,0.29505928,0
1506613777,22473441,252.99,0.10000000,0
1506613762,22473424,253.00,29.88000000,0
1506613762,22473423,252.99,0.12000000,0
1506613734,22473399,253.00,0.13988142,0
1506613733,22473398,253.00,7.03604743,0
1506613733,22473397,252.99,0.14000000,0
1506613644,22473257,252.73,0.36778380,0
1506613593,22473234,252.59,3.96000000,1
1506613566,22473211,252.41,0.43000000,0
1506613541,22473191,252.38,0.10000000,1
1506613517,22473174,252.12,0.10000000,1
1506613444,22473114,252.28,1.94789679,0
1506613443,22473113,252.20,1.34107851,0
1506613443,22473112,252.14,0.46000000,0
1506613443,22473111,251.91,0.29240809,0
1506613389,22473066,251.91,0.15172085,0
1506613370,22473061,251.91,0.24742964,0
1506613359,22473060,251.91,0.39597475,0
1506613325,22473047,251.91,1.82052600,0
1506613321,22473041,251.91,1.74748918,0
1506613317,22473039,251.91,1.38465600,0
1506613280,22473026,251.91,0.50000000,0
1506613236,22473001,251.95,0.10000000,1
1506613128,22472946,251.70,0.75500547,1
1506613120,22472942,252.20,0.15000000,0
1506613110,22472938,252.20,0.55892149,0
1506613108,22472937,252.12,0.43000000,0
1506613053,22472917,252.00,3.30314326,1
1506613020,22472895,252.00,2.67304721,0
1506612857,22472751,252.40,2.06723300,0
1506612856,22472750,252.39,0.31620000,0
1506612856,22472748,252.10,0.10000000,0
1506612673,22472609,252.26,0.05479424,1
1506612673,22472608,252.26,0.10000000,0
1506612662,22472603,251.56,1.14623681,1
1506612652,22472590,251.57,0.88074172,1
1506612650,22472587,251.69,0.32797821,1
1506612647,22472585,251.70,0.99000000,1
1506612643,22472583,251.70,3.16174454,1
1506612643,22472581,251.70,3.16105284,1
1506612641,22472579,251.70,0.31600000,0
1506612638,22472577,252.05,0.10000000,1
1506612638,22472576,252.05,0.31620000,1
1506612625,22472508,252.74,0.29472976,0
1506612623,22472503,252.63,0.10000000,0
1506612592,22472456,252.00,0.19723399,0
1506612592,22472455,252.04,2.05000000,1
1506612592,22472454,252.22,0.10000000,1
1506612592,22472453,252.22,0.10000000,1
1506612541,22472408,252.13,0.47231690,1
1506612531,22472402,252.36,0.31600000,1
1506612531,22472401,252.51,0.10000000,1
1506612530,22472400,252.85,1.79517989,0
1506612528,22472395,252.99,7.28822601,0
1506612528,22472394,252.99,3.83000000,1
1506612528,22472393,252.88,2.06406800,0
1506612526,22472389,252.86,4.60898735,0
1506612492,22472333,252.94,0.76929257,0
1506612455,22472293,252.90,2.26605108,0
1506612455,22472292,252.90,2.86506103,0
1506612453,22472290,252.91,3.31804009,1
1506612453,22472289,252.91,3.30109400,0
1506612425,22472260,252.80,3.93292550,1
1506612425,22472259,252.59,0.02522323,0
1506612425,22472258,252.49,0.10000000,0
1506612395,22472223,252.59,0.29077677,0
1506612358,22472183,251.77,10.50479549,0
1506612358,22472182,251.77,0.20000000,0
1506612357,22472180,252.31,6.64020451,1
1506612357,22472177,252.39,0.31600000,0
1506612356,22472170,252.54,0.10000000,0
1506612355,22472168,252.54,0.13900000,1
1506612349,22472155,252.58,1.00736400,0
1506612347,22472150,252.58,0.84305400,0
1506612329,22472139,252.55,0.95368000,0
1506612324,22472129,252.56,1.15383839,1
1506612322,22472127,252.56,3.86256506,0
1506612316,22472124,252.56,0.66244613,0
1506612316,22472123,252.55,0.10000000,0
1506612256,22472052,252.66,3.01491500,0
1506612249,22472043,252.54,0.31600000,1
1506612248,22472040,252.26,2.15000000,0
1506612247,22472037,252.55,4.31600000,0
1506612247,22472036,252.28,0.31610000,0
1506612247,22472035,252.27,0.10000000,0
1506612244,22472030,252.26,1.84608222,0
1506612238,22472020,251.82,4.00000000,0
1506612171,22471927,252.00,9.73546000,1
1506612171,22471926,252.00,0.10000000,0
1506612170,22471925,252.01,6.00000000,1
1506612170,22471924,252.07,2.06454000,1
1506612168,22471923,252.48,0.10000000,1
1506612088,22471869,252.82,0.37089100,0
1506612071,22471859,252.00,0.58620700,1
1506612071,22471858,252.11,2.06379300,1
1506612070,22471857,251.92,2.86506131,1
1506612069,22471856,252.05,2.06321300,1
1506612069,22471855,252.14,0.31610000,1
1506612068,22471854,252.45,1.00000000,1
1506612068,22471853,252.51,0.31600000,1
1506612068,22471852,252.55,1.00000000,1
1506612067,22471851,252.60,3.31803948,1
1506612067,22471850,252.65,1.00000000,1
1506612067,22471848,252.70,0.58389751,1
1506612065,22471847,252.73,0.19685000,1
1506612062,22471842,252.89,1.22515200,0
1506612038,22471834,253.00,11.98156463,0
1506612038,22471833,252.99,44.35587196,0
1506612037,22471832,252.98,0.41000000,0
1506612037,22471831,252.80,5.16221541,0
1506612037,22471830,252.79,8.25334800,0
1506612036,22471828,252.75,0.29505120,1
1506612030,22471815,252.75,0.70494880,1
1506612014,22471809,252.81,0.86244515,0
1506612009,22471800,252.85,1.00000000,1
1506611960,22471756,252.95,1.00000000,1
1506611959,22471755,252.95,1.00000000,1
1506611917,22471735,252.99,0.06375861,0
1506611917,22471734,252.99,0.13378039,0
1506611914,22471729,252.99,0.35621961,1
1506611895,22471710,252.99,0.38245600,0
1506611895,22471708,252.99,0.19754400,0
1506611880,22471696,253.00,0.31000000,0
1506611880,22471695,252.99,0.69000000,0
1506611836,22471671,253.00,0.19000000,0
1506611836,22471670,252.99,0.81000000,0
1506611825,22471657,253.05,1.00000000,1
1506611825,22471656,253.06,0.44060335,1
1506611825,22471655,253.15,1.00000000,1
1506611825,22471654,253.20,1.00000000,1
1506611824,22471652,253.25,0.00002818,1
1506611815,22471645,253.25,0.40007898,1
1506611810,22471641,253.42,0.90000000,0
1506611810,22471640,253.27,0.10000000,0
1506611804,22471638,253.46,1.00000000,0
1506611798,22471636,253.46,1.00000000,0
1506611623,22471481,253.25,0.59989284,1
1506611623,22471480,253.27,0.10000000,1
1506611610,22471475,253.50,3.85729394,1
1506611555,22471384,253.50,4.03430369,1
1506611534,22471367,253.23,4.91296695,1
1506611527,22471360,253.27,2.06072300,1
1506611523,22471355,254.01,0.10000000,0
1506611514,22471348,254.01,7.77575685,0
1506611512,22471344,254.00,0.15000000,0
1506611499,22471338,253.29,0.70364676,0
1506611499,22471337,253.28,6.80858900,1
1506611497,22471334,253.28,2.06173800,1
1506611496,22471332,253.29,9.51000000,0
1506611478,22471327,253.29,1.36501033,0
1506611478,22471326,253.29,0.65159321,0
1506611472,22471323,253.29,0.32579665,0
1506611472,22471322,253.29,3.76390238,0
1506611462,22471312,253.29,39.38197323,0
1506611457,22471309,253.29,43.49003118,0
1506611448,22471306,253.29,9.49772400,0
1506611439,22471303,253.28,0.17000000,1
1506611432,22471302,253.28,0.21000000,0
1506611412,22471295,253.28,0.16999500,1
1506611399,22471285,253.28,0.28000000,1
1506611386,22471279,253.28,0.33000000,1
1506611379,22471274,253.29,1.34923800,0
1506611376,22471272,253.28,0.39000000,0
1506611372,22471270,253.28,0.47000000,0
1506611323,22471222,253.29,4.74358648,0
1506611322,22471221,253.29,4.86971702,0
1506611320,22471220,253.28,0.56000000,1
1506611318,22471217,253.29,4.87571900,0
1506611311,22471214,253.29,1.80315169,0
1506611309,22471212,253.28,0.66000000,0
1506611303,22471210,253.29,61.68305104,0
1506611303,22471209,253.28,44.34169784,0
1506611302,22471207,253.27,0.78000000,0
1506611285,22471198,253.27,0.92999500,0
1506611246,22471167,253.13,3.87225465,0
1506611245,22471163,253.13,0.44060855,0
1506611241,22471154,252.74,4.24000000,1
1506611225,22471129,253.13,0.27866600,0
1506611206,22471109,253.13,4.93785420,0
1506611205,22471105,253.13,1.84402910,0
1506611198,22471101,253.13,1.98561500,0
1506611189,22471092,253.13,0.24808700,0
1506611181,22471089,253.13,0.37032800,0
1506611175,22471086,253.13,10.27356900,0
1506611175,22471085,252.84,2.55906000,1
1506611173,22471079,253.13,1.66072200,0
1506611058,22471028,253.13,0.16222731,0
1506611057,22471027,253.13,0.55611100,0
1506611057,22471026,253.05,0.10000000,0
1506611044,22471000,253.13,0.19578000,0
1506611038,22470977,253.11,0.32601043,1
1506611037,22470976,253.12,0.67183300,0
1506611031,22470969,253.15,3.14043233,1
1506611031,22470967,253.21,0.45255096,1
1506611030,22470966,253.22,2.06182400,1
1506611017,22470961,253.28,0.16915000,1
1506611016,22470960,253.28,0.11085000,1
1506611004,22470938,253.28,0.33000000,1
1506611003,22470937,253.29,21.80841530,0
1506611000,22470928,253.29,21.81937700,0
1506610993,22470912,253.29,0.59376200,0
1506610990,22470907,253.28,0.40000000,1
1506610988,22470903,253.23,1.52655590,0
1506610987,22470902,253.23,3.83000000,0
1506610986,22470899,253.28,0.47000000,1
1506610986,22470898,253.28,2.06172400,1
1506610986,22470897,253.28,3.36000000,1
1506610977,22470892,253.28,0.47000000,0
1506610960,22470889,253.29,0.78763473,0
1506610956,22470886,253.28,0.65000000,0
1506610952,22470885,253.24,0.80053267,1
1506610947,22470882,253.28,0.46584300,0
1506610920,22470853,253.29,2.36167500,0
1506610918,22470851,253.29,6.37023500,0
1506610917,22470849,253.30,8.24476000,1
1506610886,22470785,253.49,0.20430369,0
1506610886,22470784,253.40,3.04000000,0
1506610886,22470782,253.40,0.33000000,0
1506610886,22470781,253.40,0.46000000,0
1506610869,22470765,253.25,0.33000000,1
1506610869,22470764,253.25,0.46000000,1
1506610868,22470763,253.25,0.33000000,1
1506610868,22470762,253.25,5.39000000,0
1506610867,22470761,253.25,0.46000000,0
1506610867,22470760,253.25,0.33000000,1
1506610866,22470759,253.25,0.46000000,1
1506610865,22470758,253.25,0.33000000,1
1506610865,22470757,253.25,0.46425929,1
1506610864,22470756,253.32,0.32574071,1
1506610852,22470745,253.65,0.63000000,1
1506610850,22470742,253.65,0.79000000,1
1506610849,22470741,253.65,0.79000000,1
1506610849,22470739,253.65,0.79000000,1
1506610847,22470736,253.75,0.78624619,0
1506610835,22470723,253.75,2.00000000,1
1506610833,22470719,253.92,1.24192659,0
1506610807,22470696,253.83,0.32508754,1
1506610807,22470695,254.00,0.15446183,1
1506610776,22470658,254.00,0.31390000,1
1506610765,22470656,254.07,0.10000000,1
1506610680,22470620,254.00,0.00043817,1
1506610680,22470619,254.20,0.62653883,1
1506610628,22470598,254.20,0.25854600,1
1506610628,22470596,254.21,0.31390000,1
1506610570,22470490,254.50,0.23410609,0
1506610570,22470489,254.45,0.45000000,0
1506610569,22470488,254.18,0.10000000,0
1506610434,22470366,254.10,0.09909902,1
1506610336,22470274,254.10,1.19105000,1
1506610336,22470273,254.11,0.10000000,1
1506610312,22470249,254.50,2.03892045,1
1506610312,22470247,254.44,0.46000000,0
1506610312,22470246,254.43,2.05644300,0
1506610305,22470238,254.38,0.29601383,0
1506610305,22470236,254.37,0.10000000,1
1506610268,22470218,254.53,1.96415000,0
1506610264,22470215,254.55,1.95688398,0
1506610263,22470212,254.55,1.05690351,0
1506610262,22470210,254.10,3.93582500,1
1506610262,22470209,254.17,0.10000000,1
1506610253,22470202,254.54,0.58780545,0
1506610217,22470172,254.55,0.62650958,0
1506610216,22470171,254.50,1.93255042,0
1506610216,22470169,254.49,1.86631000,0
1506610215,22470168,254.17,0.10000000,0
1506610061,22469963,254.00,0.37602900,1
1506610061,22469962,254.05,0.10000000,1
1506610059,22469961,254.47,3.61944524,0
1506610045,22469956,254.48,1.00776878,0
1506610045,22469955,254.48,0.06952609,1
1506610043,22469953,254.34,0.10000000,0
1506610026,22469935,254.00,0.46051600,1
1506610026,22469932,254.02,0.10000000,1
1506610017,22469920,254.01,0.06476130,1
1506610001,22469911,254.34,0.19249823,1
1506610001,22469910,254.09,0.09995002,0
1506609999,22469909,253.87,0.10000000,0
1506609873,22469824,253.81,0.10000000,1
1506609796,22469752,253.68,3.10412000,1
1506609770,22469722,253.56,0.10500000,1
1506609743,22469681,253.93,0.20252300,1
1506609739,22469675,254.70,3.18468786,1
1506609738,22469674,254.69,0.43000000,0
1506609738,22469672,254.50,0.15381500,0
1506609738,22469671,254.09,2.05902200,0
1506609737,22469669,253.87,0.02531113,0
1506609737,22469667,253.84,1.96526404,0
1506609736,22469664,253.71,0.02651554,0
1506609686,22469599,253.70,0.20610000,1
1506609679,22469587,253.62,2.86744312,0
1506609673,22469579,253.20,1.49188639,0
1506609673,22469577,253.20,1.34661109,0
1506609664,22469563,253.20,0.56916696,0
1506609663,22469553,253.20,11.75780300,0
1506609658,22469540,253.20,8.07677200,0
1506609655,22469533,253.20,0.60000000,0
1506609652,22469524,253.20,5.65761111,0
1506609651,22469521,253.20,3.68020216,0
1506609650,22469515,253.20,8.07610584,0
1506609645,22469500,253.11,0.10000000,1
1506609645,22469499,253.20,61.85532573,0
1506609645,22469498,253.19,0.30000000,0
1506609644,22469496,253.11,15.54467427,0
1506609596,22469429,253.11,13.78847100,0
1506609596,22469428,253.11,0.39376232,0
1506609590,22469423,253.20,0.39376232,0
1506609590,22469421,253.20,0.03152156,0
1506609590,22469420,253.19,0.06623768,0
1506609584,22469413,253.19,0.29376232,0
1506609584,22469411,253.12,0.10000000,0
1506609557,22469387,253.20,1.53981042,0
1506609557,22469386,253.19,0.43000000,0
1506609548,22469377,253.20,2.14599597,1
1506609548,22469376,253.28,0.10000000,1
1506609548,22469375,253.29,11.87885122,1
1506609517,22469358,253.20,0.13348446,1
1506609516,22469357,253.21,0.02651554,0
1506609515,22469356,253.21,0.10000000,1
1506609498,22469344,253.95,0.20126000,1
1506609497,22469343,254.18,0.87816857,1
1506609497,22469341,253.95,0.46000000,0
1506609497,22469340,253.84,2.30403802,1
1506609495,22469313,253.84,0.09995002,0
1506609495,22469308,253.76,0.10000000,0
1506609401,22469247,253.15,0.15381526,1
1506609389,22469238,253.45,0.10000000,1
1506609386,22469230,253.43,1.41861088,0
1506609385,22469228,253.43,1.00046800,1
1506609383,22469226,253.41,2.40582869,0
1506609320,22469182,254.52,1.93619361,1
1506609320,22469179,254.50,0.15000000,0
1506609319,22469178,254.30,0.15000000,0
1506609319,22469177,254.30,0.15000000,0
1506609319,22469175,254.10,0.15000000,0
1506609319,22469174,254.10,0.15000000,0
1506609318,22469172,253.90,0.50000000,0
1506609318,22469171,253.90,0.15000000,0
1506609318,22469170,253.90,0.79221159,1
1506609318,22469168,253.84,0.43000000,0
1506609317,22469166,253.72,0.60152007,0
1506609317,22469165,253.70,0.15000000,0
1506609316,22469164,253.58,2.06132500,0
1506609316,22469163,253.54,0.38043004,0
1506609315,22469162,253.39,0.10000000,0
1506609290,22469139,253.54,0.73896800,0
1506609290,22469138,253.47,0.26103200,0
1506609242,22469092,253.05,0.26103200,1
1506609241,22469091,253.22,0.10000000,1
1506609174,22469045,253.57,3.81613629,0
1506609174,22469044,253.53,0.03946568,0
1506609174,22469043,253.23,0.32776803,0
1506609174,22469042,253.08,8.24763000,0
1506609156,22469012,253.20,0.92000000,1
1506609155,22469010,253.20,4.77920631,0
1506609155,22469009,253.20,0.32776300,0
1506609155,22469008,253.20,1.60553800,0
1506609155,22469007,253.20,1.42000000,0
1506609154,22469004,253.19,0.06900122,0
1506609153,22469002,253.13,0.04685918,0
1506609153,22469001,253.10,0.15000000,0
1506609153,22469000,252.87,8.25293600,0
1506609152,22468999,252.70,0.00000249,1
1506609151,22468997,252.86,0.09999751,1
1506609151,22468995,252.86,13.20997249,0
1506609136,22468975,252.66,0.31610000,0
1506609136,22468974,252.64,0.10000000,0
1506609101,22468901,252.03,0.24643800,1
1506609101,22468898,252.05,0.10000000,1
1506609076,22468849,252.02,0.10000000,0
1506609075,22468846,252.01,0.00007913,1
1506609075,22468845,252.01,1.90011725,0
1506609073,22468839,252.02,0.10000000,1
1506609045,22468791,252.13,0.31600000,0
1506609045,22468790,252.12,0.10000000,0
1506609022,22468755,251.80,0.79081513,1
1506608981,22468707,252.33,2.66215300,0
1506608947,22468681,252.12,6.07000000,1
1506608947,22468680,252.13,3.83000000,1
1506608947,22468679,252.13,0.10000000,1
1506608934,22468670,252.45,0.41195991,1
1506608933,22468669,252.44,0.10000000,0
1506608933,22468668,252.43,3.31804009,0
1506608914,22468624,252.10,2.06409800,1
1506608896,22468608,252.14,2.00000000,1
1506608884,22468596,251.81,2.06365100,1
1506608884,22468595,252.14,3.83000000,1
1506608883,22468593,252.15,0.10000000,1
1506608876,22468585,252.13,0.00000001,1
1506608864,22468576,252.11,0.27909005,1
1506608864,22468575,252.34,0.31600000,1
1506608864,22468574,252.51,0.10000000,1
1506608853,22468566,252.83,0.08748961,1
1506608851,22468565,252.50,0.80000000,1
1506608851,22468564,252.50,0.03173016,0
1506608851,22468563,252.50,0.06826910,0
1506608847,22468561,252.09,2.00000000,1
1506608837,22468547,251.35,3.17943114,1
1506608837,22468546,251.35,3.53879386,1
1506608834,22468534,252.05,0.29000000,1
1506608830,22468525,252.50,0.13173090,0
1506608830,22468524,252.30,0.20000000,0
1506608830,22468523,252.10,0.20000000,0
1506608830,22468522,252.08,0.32926910,0
1506608830,22468521,252.07,0.10000000,0
1506608828,22468519,252.07,1.25901681,0
1506608828,22468518,251.90,0.00007863,0
1506608827,22468516,251.89,0.10000000,0
1506608827,22468514,251.87,0.02544456,0
1506608826,22468503,251.31,2.65845544,1
1506608826,22468502,251.37,0.02544456,1
1506608825,22468500,251.88,0.31610000,1
1506608824,22468491,251.90,0.19992137,0
1506608821,22468486,250.51,2.69509005,1
1506608820,22468485,250.60,0.20000000,1
1506608820,22468484,250.61,0.32926910,1
1506608820,22468483,250.64,8.62838034,1
1506608820,22468482,250.65,0.50000000,1
1506608820,22468481,250.72,0.24992023,1
1506608820,22468480,250.78,0.36031581,1
1506608820,22468479,250.80,0.20000000,1
1506608819,22468478,251.00,0.05000000,1
1506608819,22468477,251.00,0.93912350,1
1506608819,22468476,251.00,0.46820717,1
1506608819,22468475,251.00,22.25715976,1
1506608819,22468474,251.00,2.00000000,1
1506608819,22468473,251.00,3.00000000,1
1506608819,22468472,251.00,2.00000000,1
1506608819,22468471,251.00,0.05000000,1
1506608819,22468470,251.00,0.10000000,1
1506608818,22468469,251.00,0.20000000,1
1506608818,22468468,251.26,0.58000000,1
1506608818,22468467,251.26,0.52519302,1
1506608818,22468466,251.32,2.89000000,1
1506608818,22468464,251.37,61.74200000,1
1506608818,22468463,251.73,15.58500000,1
1506608818,22468461,251.86,8.11400500,1
1506608817,22468459,251.88,0.10000000,1
1506608817,22468458,251.89,11.36400947,1
1506608817,22468456,252.36,2.76810066,0
1506608794,22468423,252.46,2.84888321,0
1506608786,22468368,251.26,2.00000000,1
1506608786,22468367,251.26,4.78233584,0
1506608786,22468365,251.26,0.10000000,0
1506608785,22468362,252.00,0.03173016,1
1506608785,22468361,252.03,2.06063100,1
1506608785,22468360,252.18,0.02530300,1
1506608782,22468355,251.11,40.38170867,1
1506608782,22468354,251.17,0.60046249,1
1506608782,22468352,251.18,8.23341100,1
1506608782,22468351,251.18,3.98439366,1
1506608782,22468350,251.20,0.50000000,1
1506608782,22468349,251.20,0.20000000,1
1506608782,22468348,251.20,0.20000000,1
1506608781,22468347,251.25,3.86252736,1
1506608781,22468345,251.30,0.05000000,1
1506608781,22468344,251.54,0.65000000,1
1506608781,22468342,251.64,8.23341100,1
1506608781,22468341,251.76,0.32776803,1
1506608781,22468340,251.80,0.15000000,1
1506608780,22468339,251.80,0.15000000,1
1506608780,22468337,251.89,10.00000000,1
1506608780,22468335,251.90,8.58413224,1
1506608780,22468334,251.91,0.10000000,1
1506608780,22468333,251.92,3.25000000,1
1506608780,22468332,252.00,0.05000000,1
1506608780,22468331,252.00,4.00000000,1
1506608780,22468330,252.00,0.50000000,1
1506608779,22468329,252.00,1.00000000,1
1506608779,22468327,252.00,0.50000000,1
1506608779,22468326,252.00,0.50000000,1
1506608779,22468325,252.00,0.15000000,1
1506608779,22468324,252.10,0.97695358,1
1506608779,22468323,252.11,8.23341100,1
1506608779,22468322,252.12,0.90000000,1
1506608778,22468321,252.17,12.36996614,1
1506608778,22468320,252.94,12.69765716,1
1506608777,22468314,252.94,5.58208484,1
1506608776,22468312,252.94,0.10000000,1
1506608774,22468311,252.94,6.24725800,0
1506608772,22468307,253.00,0.66150197,0
1506608772,22468306,252.96,4.64531688,0
1506608771,22468305,252.93,2.06042100,0
1506608771,22468304,252.75,0.00001268,0
1506608771,22468303,252.64,0.44000000,0
1506608769,22468301,252.63,0.10000000,0
1506608755,22468280,252.23,0.35834018,1
1506608745,22468269,252.17,0.46617450,1
1506608744,22468268,252.18,0.50000000,1
1506608744,22468267,252.24,1.00000000,1
1506608742,22468266,252.25,0.00001268,1
1506608672,22468210,252.26,5.65590819,1
1506608638,22468179,252.31,0.10000000,1
1506608637,22468178,252.31,0.77914947,1
1506608635,22468172,252.29,0.23300963,0
1506608635,22468170,252.30,0.10000000,1
1506608621,22468133,252.37,0.10000000,0
1506608621,22468132,252.37,6.03813054,0
1506608601,22468112,252.37,0.10000000,1
1506608601,22468111,252.37,0.53778182,1
1506608601,22468110,252.37,1.32408764,1
1506608553,22468031,253.00,9.09000000,0
1506608552,22468029,253.00,6.69399760,0
1506608552,22468026,252.75,0.02531140,0
1506608551,22468023,252.71,2.06091200,0
1506608551,22468019,252.62,1.07440638,0
1506608550,22468014,252.62,0.24253053,0
1506608549,22468009,252.62,2.43793048,0
1506608513,22467949,252.62,6.17000000,0
1506608513,22467948,252.61,3.83000000,0
1506608503,22467937,252.62,0.07513261,0
1506608494,22467928,252.57,0.10000000,0
1506608480,22467890,252.56,0.10000000,0
1506608464,22467854,252.25,0.02531140,1
1506608464,22467849,252.41,0.13656352,1
1506608463,22467846,252.57,1.09874564,0
1506608463,22467844,252.40,0.09995002,0
1506608459,22467835,252.25,0.55947350,1
1506608447,22467817,252.25,0.10000000,1
1506608445,22467812,252.25,0.49735504,1
1506608445,22467811,252.40,0.10000000,0
1506608445,22467809,252.40,1.45917356,0
1506608443,22467805,252.40,0.10000000,1
1506608432,22467794,252.99,0.27471398,0
1506608430,22467787,252.36,0.36610000,0
1506608425,22467768,253.00,1.35111210,0
1506608425,22467765,252.99,1.47804660,0
1506608425,22467763,252.98,4.25231262,0
1506608417,22467735,252.99,0.21114624,0
1506608417,22467732,252.99,0.21080716,0
1506608414,22467706,253.00,0.53949835,0
1506608414,22467702,252.99,0.10000000,0
1506608413,22467695,253.00,1.92067689,0
1506608411,22467675,253.00,0.02454545,0
1506608411,22467674,252.98,0.10000000,0
1506608411,22467669,252.99,0.59937192,0
1506608410,22467662,252.99,1.91976635,0
1506608408,22467642,252.99,0.40086173,0
1506608407,22467633,252.98,0.57062589,0
1506608406,22467605,252.95,1.91637555,1
1506608402,22467558,252.43,0.02489504,0
1506608400,22467539,252.40,0.15000000,1
1506608398,22467517,252.43,0.02503268,1
1506608394,22467486,252.50,0.08888167,1
1506608394,22467478,252.82,0.02357827,0
1506608394,22467476,252.75,1.32706688,0
1506608394,22467474,252.63,0.45000000,0
1506608394,22467472,252.56,7.58887100,0
1506608392,22467461,252.50,0.01111833,1
1506608392,22467460,252.50,0.76737005,1
1506608390,22467453,252.60,0.15000000,1
1506608390,22467452,252.62,0.50000000,1
1506608382,22467352,252.67,0.13096277,1
1506608381,22467350,252.67,9.06860810,1
1506608380,22467343,252.67,1.65605109,1
1506608379,22467338,252.80,0.15000000,1
1506608379,22467334,252.82,0.00001181,1
1506608378,22467326,252.82,0.02357829,1
1506608373,22467290,252.82,0.47640990,1
1506608372,22467281,252.82,0.59408451,0
1506608371,22467277,252.90,0.76260850,1
1506608371,22467273,252.90,0.40845049,1
1506608368,22467240,253.00,0.05000000,1
1506608368,22467239,253.00,0.44201078,1
1506608367,22467230,253.00,3.51051886,1
1506608366,22467229,253.00,4.00000000,1
1506608366,22467227,253.00,0.15000000,1
1506608366,22467225,253.00,1.20598522,1
1506608366,22467223,253.03,0.03946568,1
1506608366,22467221,253.13,0.04688264,1
1506608364,22467203,253.13,0.45311736,1
1506608352,22467126,253.20,0.59457000,1
1506608299,22466991,253.13,3.84885400,1
1506608274,22466924,253.12,0.38000000,0
1506608271,22466921,253.03,3.65838339,0
1506608271,22466918,253.20,0.15000000,1
1506608270,22466917,253.29,0.32577921,1
1506608270,22466916,253.40,0.13583740,1
1506608269,22466914,253.47,2.43000000,1
1506608256,22466888,253.65,0.59686623,1
1506608256,22466887,253.67,0.10000000,1
1506608244,22466864,253.72,1.93423000,1
1506608238,22466845,253.90,0.10000000,0
1506608229,22466834,253.89,0.10000000,0
1506608222,22466814,253.91,0.10000000,0
1506608221,22466811,253.91,0.37689568,0
1506608221,22466810,253.74,0.31491638,0
1506608210,22466795,253.76,0.10000000,0
1506608209,22466793,253.76,1.38326400,0
1506608206,22466780,253.76,0.53376648,0
1506608191,22466749,254.06,0.31400000,1
1506608191,22466748,254.10,0.10000000,1
1506608190,22466742,254.09,1.71627400,1
1506608189,22466737,254.08,0.09476478,1
1506608151,22466624,254.55,3.93511233,0
1506608145,22466609,254.39,0.40888502,0
1506608145,22466608,253.95,0.67000000,0
1506608140,22466599,254.01,2.05318300,0
1506608136,22466589,253.99,1.05000200,0
1506608121,22466578,253.96,0.10000000,0
1506608114,22466558,253.66,0.18196000,0
1506608113,22466556,253.67,0.10000000,1
1506608107,22466551,253.97,0.90281800,0
1506608105,22466547,253.96,0.10000000,0
1506608099,22466538,253.96,0.10000000,0
1506608088,22466508,253.80,0.25100000,0
1506608087,22466507,253.80,0.15000000,1
1506608078,22466476,253.99,0.10000000,0
1506608077,22466475,253.99,2.98698219,0
1506608075,22466471,253.97,0.70576962,0
1506608068,22466460,253.98,0.01000000,0
1506608068,22466459,253.98,0.42000000,1
1506608067,22466458,253.98,0.43000000,1
1506608066,22466456,253.98,0.43000000,1
1506608066,22466455,253.99,0.49689000,0
1506608065,22466454,253.98,0.43000000,1
1506608064,22466452,253.98,0.43000000,1
1506608063,22466448,253.98,0.43000000,1
1506608062,22466446,253.98,0.43000000,1
1506608061,22466443,254.00,0.33000000,0
1506608061,22466440,254.00,0.05802487,0
1506608060,22466439,254.00,0.04197513,0
1506608060,22466438,253.99,0.32502124,1
1506608058,22466434,254.00,0.26378737,0
1506608057,22466431,254.00,2.62000000,0
1506608057,22466430,254.00,0.15000000,1
1506608057,22466429,254.00,0.75423750,1
1506608046,22466418,254.28,1.48412000,0
1506608044,22466411,254.36,0.10000000,1
1506607890,22466237,254.35,0.00029226,1
1506607890,22466236,254.49,0.29294274,1
1506607889,22466235,254.50,0.10000000,1
1506607880,22466223,254.49,0.10000000,0
1506607849,22466179,254.50,3.17098840,0
1506607849,22466177,254.49,0.10000000,0
1506607835,22466167,254.07,0.22987900,0
1506607835,22466166,254.20,0.01968000,1
1506607835,22466165,254.20,0.15000000,1
1506607834,22466162,254.21,0.10000000,1
1506607826,22466157,254.49,1.13800000,0
1506607825,22466155,254.50,0.00000006,1
1506607823,22466143,254.50,9.99999994,1
1506607823,22466142,254.50,0.00000003,1
1506607815,22466122,254.67,1.60749100,0
1506607814,22466119,254.67,0.44183693,0
1506607814,22466117,254.64,0.64017049,0
1506607814,22466115,254.62,1.60792858,0
1506607807,22466096,254.64,1.38000000,1
1506607807,22466093,254.64,0.64049061,1
1506607805,22466086,254.64,2.99410788,1
1506607805,22466082,254.64,0.96745146,1
1506607804,22466077,254.52,0.10000000,0
1506607800,22466075,254.50,5.51395668,1
1506607799,22466069,254.50,4.30922600,1
1506607799,22466068,254.52,0.10000000,0
1506607798,22466063,254.52,1.60791344,1
1506607796,22466058,254.51,0.10000000,1
1506607785,22466044,254.62,3.60658500,0
1506607785,22466043,254.57,0.10000000,0
1506607773,22466035,254.60,0.09000000,0
1506607733,22465986,254.71,0.58741314,0
1506607718,22465973,254.48,0.10000000,1
1506607711,22465968,254.45,1.62869180,1
1506607710,22465967,254.46,0.95076100,1
1506607710,22465966,254.52,0.10000000,1
1506607705,22465947,254.89,0.64345922,0
1506607698,22465932,254.82,2.33064204,0
1506607667,22465862,254.65,1.16802633,0
1506607667,22465861,254.50,0.13776312,1
1506607665,22465859,254.50,18.74198132,0
1506607648,22465845,254.50,0.19642436,0
1506607641,22465837,254.50,7.58108000,0
1506607635,22465828,254.50,3.35105600,0
1506607628,22465807,254.50,1.56388707,0
1506607609,22465780,254.50,1.33034000,0
1506607601,22465778,254.50,0.83768400,0
1506607595,22465774,254.50,0.20088807,0
1506607595,22465773,254.50,9.34101129,0
1506607569,22465752,254.50,0.08455500,0
1506607567,22465751,254.50,0.63395747,0
1506607555,22465737,254.50,0.07556000,0
1506607549,22465731,254.50,3.01303800,0
1506607549,22465730,254.50,1.47938800,0
1506607548,22465729,254.50,0.58240000,0
1506607530,22465714,254.50,0.55083200,0
1506607519,22465702,254.50,2.35104500,0
1506607517,22465700,254.50,4.98494900,0
1506607517,22465698,254.49,0.10000000,0
1506607508,22465690,254.50,41.06670273,0
1506607508,22465689,254.29,1.82667727,0
1506607506,22465688,254.29,1.17680601,0
1506607502,22465686,254.29,4.66244800,0
1506607501,22465685,254.29,2.72838400,0
1506607500,22465684,254.29,4.22204600,0
1506607500,22465683,254.29,3.06333400,0
1506607470,22465668,254.29,1.31774830,0
1506607463,22465660,254.29,1.13170963,0
1506607462,22465658,254.29,3.66994106,0
1506607462,22465656,254.29,1.49448973,0
1506607454,22465648,254.29,94.55641600,0
1506607451,22465645,254.40,0.15000000,1
1506607428,22465632,254.50,1.59972364,0
1506607427,22465630,254.50,0.18349705,0
1506607395,22465613,254.60,0.15000000,1
1506607395,22465612,254.61,0.10000000,1
1506607372,22465562,255.00,1.14345098,0
1506607372,22465561,254.72,3.37645400,0
1506607370,22465560,254.69,2.00000000,0
1506607329,22465535,254.80,0.15000000,1
1506607329,22465534,255.00,15.64713725,0
1506607303,22465510,254.88,3.91360640,0
1506607298,22465507,254.94,1.00000000,0
1506607193,22465417,255.00,0.37603400,0
1506607075,22465345,255.00,0.63694118,0
1506607075,22465341,255.00,5.28967900,0
1506606961,22465278,255.00,10.09956220,0
1506606960,22465276,255.00,5.18152550,0
1506606948,22465268,255.00,0.22995098,0
1506606896,22465252,255.00,2.35810095,0
1506606866,22465242,255.00,4.51599999,0
1506606862,22465234,255.00,6.51968100,0
1506606859,22465228,255.00,1.75677900,0
1506606842,22465210,255.00,0.20770000,0
1506606786,22465185,255.00,0.82223000,0
1506606786,22465184,255.00,0.22293531,0
1506606750,22465167,254.99,1.14390783,0
1506606742,22465165,255.00,0.06089078,0
1506606738,22465161,255.00,0.82227450,0
1506606720,22465147,255.00,1.48193181,0
1506606717,22465143,255.00,4.81149019,0
1506606705,22465138,255.00,2.95215294,0
1506606705,22465137,255.00,6.45029193,0
1506606694,22465106,255.00,3.92156862,0
1506606613,22465050,255.00,0.77030800,0
1506606612,22465049,255.00,1.18447058,0
1506606610,22465045,255.00,1.18446500,0
1506606563,22465023,255.00,0.76093600,0
1506606552,22465020,255.00,0.80000000,0
1506606547,22465018,255.00,0.10113333,0
1506606546,22465017,255.00,6.65066667,0
1506606542,22465013,255.00,0.15000000,0
1506606535,22465008,255.00,4.10737255,0
1506606527,22464996,255.00,10.74966052,0
1506606527,22464995,255.00,1.63013626,0
1506606520,22464990,255.00,1.95588235,0
1506606515,22464982,255.00,0.58640600,0
1506606492,22464965,255.00,1.33383186,0
1506606423,22464948,255.00,3.08255417,0
1506606423,22464947,255.00,6.69157448,0
1506606423,22464946,255.00,2.17868992,0
1506606422,22464945,255.00,1.65135402,0
1506606402,22464936,255.00,1.93323748,0
1506606402,22464935,255.00,1.93959215,0
1506606378,22464916,254.99,0.23224832,1
1506606368,22464905,255.00,10.80000000,0
1506606360,22464901,255.00,0.15000000,0
1506606346,22464899,255.00,0.93041658,0
1506606289,22464856,255.00,1.10000000,0
1506606223,22464820,255.00,0.49541852,0
1506606168,22464804,255.00,0.37152400,0
1506606157,22464798,254.99,0.10000000,0
1506606143,22464794,254.64,0.20000000,1
1506606142,22464793,254.77,0.10000000,1
1506606087,22464776,255.00,0.20000000,0
1506606020,22464724,255.00,0.11455641,0
1506606016,22464721,255.00,0.20790000,0
1506606009,22464716,255.00,8.00000000,0
1506606008,22464714,255.00,0.94956300,0
1506606008,22464713,255.00,1.34721569,0
1506606006,22464711,255.00,7.26292900,0
1506605955,22464685,255.00,0.95379800,0
1506605899,22464646,255.00,0.60631373,0
1506605896,22464643,255.00,0.97528900,0
1506605894,22464639,255.00,0.96666666,0
1506605891,22464633,255.00,1.02000000,0
1506605889,22464625,255.00,1.21961142,0
1506605888,22464624,255.00,2.00126000,0
1506605883,22464620,255.00,11.24677900,0
1506605880,22464617,255.00,0.36211200,0
1506605871,22464604,254.61,0.00062412,1
1506605871,22464603,254.85,0.89117388,1
1506605860,22464598,255.00,0.72000000,0
1506605856,22464596,255.00,9.19266700,0
1506605854,22464593,255.00,10.14520000,0
1506605853,22464591,255.00,11.71380000,0
1506605853,22464590,255.00,11.71380000,0
1506605852,22464589,255.00,11.71380000,0
1506605850,22464587,255.00,0.63175900,0
1506605821,22464569,255.00,0.01952941,0
1506605809,22464566,255.00,3.06688000,0
1506605796,22464559,255.00,2.50666666,0
1506605793,22464558,255.00,10.52830395,0
1506605782,22464551,255.00,1.20980392,0
1506605780,22464544,255.00,1.20960784,0
1506605778,22464541,255.00,1.20941176,0
1506605776,22464538,255.00,1.20925490,0
1506605775,22464534,255.00,5.83210400,0
1506605774,22464532,255.00,1.20905882,0
1506605773,22464528,255.00,14.74469500,0
1506605772,22464525,255.00,1.20886274,0
1506605770,22464522,255.00,2.10000000,0
1506605770,22464521,255.00,1.20866666,0
1506605769,22464520,255.00,0.02501961,0
1506605767,22464515,255.00,1.20847058,0
1506605765,22464511,255.00,1.20827450,0
1506605764,22464510,255.00,7.18657700,0
1506605763,22464505,255.00,1.20811764,0
1506605759,22464502,255.00,1.20807843,0
1506605757,22464497,255.00,1.20807843,0
1506605755,22464492,255.00,21.62344500,0
1506605754,22464486,255.00,1.20803921,0
1506605752,22464483,255.00,13.29942200,0
1506605740,22464471,255.00,0.34838700,0
1506605725,22464465,255.00,1.87886234,0
1506605725,22464464,255.00,0.77996257,0
1506605691,22464447,255.00,0.43236500,0
1506605683,22464444,255.00,1.23096000,0
1506605643,22464391,255.00,7.82356863,0
1506605560,22464324,255.00,1.77918039,0
1506605560,22464323,255.00,0.43258431,0
1506605542,22464314,255.00,0.40847000,0
1506605539,22464308,255.00,2.74598196,0
1506605432,22464262,255.00,3.56486274,0
1506605405,22464242,254.99,2.55232000,1
1506605404,22464230,255.00,0.24460995,0
1506605367,22464214,255.00,0.78235294,0
1506605309,22464157,254.99,0.10000000,0
1506605255,22464141,255.00,1.32733333,0
1506605253,22464140,254.99,0.12000000,0
1506605247,22464139,255.00,0.04603921,0
1506605246,22464137,254.99,0.15000000,0
1506605233,22464134,255.00,1.95647059,0
1506605227,22464132,255.00,1.32000000,0
1506605227,22464131,254.99,0.18000000,0
1506605166,22464093,255.00,26.60000000,1
1506605129,22464083,255.10,0.57081600,0
1506605107,22464075,255.10,3.46872704,0
1506605106,22464074,255.10,0.59396315,0
1506605102,22464067,255.10,4.46803300,0
1506605102,22464065,255.10,1.87894943,0
1506605052,22464043,255.10,1.46272050,0
1506605048,22464037,255.10,7.92689141,0
1506604998,22464002,255.10,1.83198000,0
1506604970,22463985,255.10,1.01293100,0
1506604969,22463984,255.10,0.55403067,0
1506604885,22463924,254.86,0.10000000,0
1506604864,22463906,254.85,8.10000000,1
1506604858,22463904,254.85,0.03543000,1
1506604857,22463900,254.86,0.10000000,1
1506604853,22463894,255.10,0.39102313,0
1506604843,22463882,255.10,7.29566019,0
1506604843,22463881,255.09,0.11000000,0
1506604830,22463868,255.10,0.57902300,0
1506604829,22463867,255.10,0.19200000,0
1506604829,22463866,255.09,0.13000000,0
1506604797,22463848,255.10,9.77976570,0
1506604797,22463847,255.10,0.05000000,0
1506604797,22463846,255.09,0.05000000,0
1506604786,22463842,255.09,0.10000000,0
1506604782,22463836,255.09,0.10000000,0
1506604703,22463815,255.20,13.16398029,0
1506604694,22463809,255.20,3.34377235,0
1506604694,22463808,255.19,0.24000000,1
1506604692,22463806,255.19,0.24000000,0
1506604670,22463759,255.19,0.19542302,0
1506604653,22463746,255.20,2.35939277,0
1506604653,22463744,255.19,0.32000000,0
1506604653,22463743,255.19,3.74016052,0
1506604631,22463726,255.19,0.29099886,0
1506604629,22463725,255.18,0.10000000,0
1506604612,22463717,255.19,2.59917711,0
1506604612,22463716,255.18,0.10000000,0
1506604601,22463706,255.19,8.13349382,0
1506604600,22463704,255.19,1.11616226,0
1506604600,22463703,255.19,0.38000000,0
1506604600,22463702,254.85,2.74867492,0
1506604586,22463692,254.85,0.18500500,0
1506604578,22463679,254.85,0.59090400,0
1506604567,22463663,254.85,0.55211300,0
1506604566,22463662,254.85,1.23463700,0
1506604566,22463661,254.85,1.81247400,0
1506604564,22463660,254.85,8.18595300,1
1506604552,22463657,254.86,5.30000000,1
1506604551,22463656,254.86,3.60000000,1
1506604551,22463655,254.87,0.10000000,1
1506604535,22463652,254.85,0.59404411,1
1506604535,22463650,254.86,3.49676500,0
1506604533,22463646,254.86,0.10000000,1
1506604530,22463629,255.20,0.14326544,0
1506604529,22463627,255.19,0.45000000,0
1506604518,22463606,255.00,3.83000000,1
1506604514,22463604,254.99,0.94460774,1
1506604514,22463603,255.03,0.04894326,0
1506604514,22463602,255.03,0.02608473,1
1506604511,22463601,255.03,0.06950402,1
1506604511,22463600,255.17,0.07642748,1
1506604510,22463599,255.38,0.06109327,1
1506604510,22463598,255.56,2.57197146,1
1506604509,22463597,255.55,0.10000000,0
1506604509,22463596,255.54,7.32802854,0
1506604498,22463591,255.38,0.10000000,1
1506604477,22463573,256.30,0.10000000,0
1506604465,22463559,256.29,0.10000000,0
1506604456,22463556,256.28,0.09897262,0
1506604456,22463555,255.17,0.00102738,0
1506604450,22463551,255.89,0.10000000,1
1506604450,22463550,255.90,1.36482262,1
1506604422,22463529,256.30,0.10000000,0
1506604419,22463528,256.30,0.10000000,0
1506604418,22463527,256.30,0.10000000,0
1506604417,22463526,256.30,0.10000000,0
1506604416,22463525,256.30,0.10000000,0
1506604415,22463523,256.30,0.10000000,0
1506604414,22463522,256.37,0.10000000,0
1506604411,22463521,256.36,0.10000000,0
1506604409,22463518,256.44,0.10000000,0
1506604399,22463512,256.39,0.10000000,0
1506604399,22463511,256.39,0.10000000,0
1506604399,22463510,256.39,0.10000000,0
1506604386,22463504,256.70,0.10000000,1
1506604385,22463503,256.70,0.10000000,1
1506604385,22463501,256.28,0.10000000,0
1506604380,22463497,256.30,0.04916977,0
1506604379,22463496,256.29,0.05000000,0
1506604379,22463495,256.00,0.00083023,0
1506604377,22463493,256.00,0.10000000,0
1506604374,22463491,256.00,0.10000000,0
1506604372,22463489,256.00,0.10000000,0
1506604369,22463487,256.00,0.10000000,0
1506604367,22463484,256.00,0.10000000,0
1506604353,22463469,255.99,0.10000000,0
1506604346,22463462,256.00,0.26513405,0
1506604346,22463461,255.99,0.31000000,0
1506604346,22463460,255.99,0.10000000,0
1506604346,22463459,255.56,0.05000000,1
1506604346,22463458,255.56,0.10000000,1
1506604344,22463455,255.54,0.31150000,1
1506604343,22463454,255.03,0.00271100,1
1506604343,22463453,255.03,0.31150000,1
1506604343,22463452,255.30,0.10000000,1
1506604343,22463451,255.52,0.10000000,1
1506604332,22463445,255.96,1.36919279,0
1506604332,22463443,255.96,0.67484021,0
1506604323,22463442,256.00,1.35468312,0
1506604323,22463441,255.98,1.00000000,0
1506604323,22463438,255.82,1.04479994,0
1506604321,22463436,255.82,0.99941406,0
1506604320,22463435,255.81,0.27000000,0
1506604294,22463398,255.71,0.17398224,0
1506604294,22463397,255.71,0.10000000,1
1506604292,22463396,255.49,0.31140000,0
1506604279,22463390,255.58,2.06023908,1
1506604279,22463389,255.59,0.10000000,1
1506604235,22463353,255.96,0.36948944,0
1506604208,22463308,255.98,1.25899884,0
1506604208,22463306,255.97,0.10000000,0
1506604182,22463270,256.09,0.94641233,0
1506604174,22463261,255.48,8.88600000,1
1506604164,22463254,255.67,0.10000000,1
1506604140,22463242,256.16,3.76974689,0
1506604140,22463241,256.12,1.86106979,0
1506604105,22463216,256.56,0.75873429,0
1506604089,22463192,256.75,0.50544372,0
1506604089,22463191,256.38,0.10656783,0
1506604089,22463190,256.14,0.37587817,0
1506604089,22463189,256.14,2.26335564,0
1506604089,22463188,255.93,0.14829697,0
1506604088,22463186,255.93,0.67181885,0
1506604088,22463185,255.93,2.49792427,0
1506604088,22463183,255.86,2.04530300,0
1506604087,22463180,255.61,0.10000000,0
1506604082,22463176,256.14,0.33593998,0
1506604082,22463175,255.70,0.08019592,0
1506604082,22463174,255.67,0.07634910,0
1506604073,22463168,254.89,2.61980408,0
1506604072,22463167,255.20,0.08019592,1
1506604069,22463166,254.29,2.63923407,1
1506604069,22463165,254.67,6.41657400,1
1506604069,22463164,254.89,10.00000000,1
1506604068,22463163,254.97,3.31803983,1
1506604068,22463162,255.13,8.16877400,1
1506604068,22463161,255.17,0.07634910,1
1506604068,22463160,255.20,1.89000000,1
1506604068,22463159,255.65,0.10000000,1
1506604065,22463155,256.04,2.70675000,0
1506604055,22463140,255.99,0.09514480,0
1506604055,22463139,255.83,0.10000000,0
1506604053,22463128,256.23,0.14039185,1
1506604053,22463126,256.00,0.09531115,0
1506604053,22463125,255.84,0.10000000,0
1506604051,22463116,254.98,2.98372500,1
1506604051,22463115,255.16,8.16513800,1
1506604051,22463112,255.17,2.16000000,1
1506604050,22463110,255.50,0.09531115,1
1506604050,22463108,255.83,1.02324958,1
1506604039,22463078,255.79,4.26100000,0
1506604039,22463075,255.79,1.00000000,1
1506604039,22463074,255.80,0.10000000,0
1506604033,22463068,255.01,3.09964568,1
1506604033,22463067,255.07,0.08149296,1
1506604033,22463066,255.11,3.72005647,1
1506604033,22463065,255.12,0.49000000,1
1506604032,22463064,255.28,2.43000000,1
1506604032,22463063,255.50,2.00000000,1
1506604032,22463062,255.70,10.96142125,1
