date,tid,price,amount,type
1506643071,22490289,302.42,0.00217810,1
1506643071,22490288,302.42,0.09782190,1
1506643069,22490287,302.67,0.30399716,1
1506642908,22490235,302.67,0.79370000,1
1506642872,22490234,302.69,3.55504693,1
1506642814,22490215,303.43,6.65000000,0
1506642555,22490117,303.44,0.26504133,1
1506642476,22490100,303.44,0.00701820,0
1506642469,22490098,303.44,4.83298180,1
1506642469,22490097,303.41,0.27356152,0
1506642469,22490096,303.33,0.78977855,0
1506642469,22490095,303.32,0.02290000,0
1506642468,22490094,303.29,0.27366618,0
1506642468,22490093,303.21,0.10973867,0
1506642468,22490092,303.21,0.16400000,0
1506642467,22490091,303.14,1.09597043,0
1506642001,22489975,303.05,4.32948358,0
1506641936,22489954,303.04,8.50206800,0
1506641831,22489919,302.98,0.26380000,1
1506641771,22489901,302.95,0.40163900,1
1506641768,22489900,302.95,0.52592973,0
1506641698,22489884,302.83,1.05686786,0
1506641641,22489832,302.93,1.05687295,1
1506641605,22489823,302.44,0.40163900,1
1506641604,22489822,302.45,0.26380000,1
1506641546,22489812,303.14,0.33000000,0
1506641242,22489746,302.64,3.14000000,0
1506641028,22489697,302.52,0.72100000,0
1506641011,22489680,302.11,0.90855000,0
1506641009,22489677,302.11,2.23838605,0
1506641009,22489676,302.10,1.14776795,0
1506641009,22489675,302.10,1.05687295,0
1506640994,22489657,302.10,1.32852300,0
1506640984,22489644,302.05,1.05687295,0
1506640975,22489641,302.05,0.60400000,0
1506640963,22489637,302.05,2.37458780,0
1506640962,22489636,302.04,0.09519374,0
1506640719,22489580,301.46,0.09519374,0
1506640718,22489579,301.56,0.05000000,1
1506640718,22489577,301.56,0.05000000,1
1506640718,22489576,301.56,0.05000000,1
1506640718,22489575,301.56,0.05000000,1
1506640718,22489574,301.56,0.05000000,1
1506640718,22489573,301.56,0.05000000,1
1506640717,22489572,301.76,0.05000000,1
1506640717,22489571,301.76,0.05000000,1
1506640717,22489570,301.76,0.05000000,1
1506640717,22489569,301.76,0.05000000,1
1506640717,22489568,301.76,0.05000000,1
1506640717,22489567,301.76,0.05000000,1
1506640715,22489566,301.91,0.05000000,1
1506640715,22489565,301.91,0.05000000,1
1506640715,22489564,301.91,0.05000000,1
1506640715,22489563,301.91,0.05000000,1
1506640715,22489562,301.91,0.05000000,1
1506640715,22489561,301.91,0.05000000,1
1506640686,22489556,301.95,0.02006622,0
1506640659,22489552,302.04,0.40181906,0
1506640627,22489542,302.08,0.30475371,0
1506640474,22489518,302.01,3.25646369,1
1506640474,22489517,302.02,0.02817589,0
1506640470,22489516,301.73,0.10075383,0
1506640469,22489515,301.72,0.26500000,0
1506640368,22489500,301.70,0.21351581,0
1506640351,22489499,301.16,1.83760026,1
1506640306,22489457,301.71,0.02731929,0
1506640154,22489431,301.13,0.33000000,1
1506639983,22489381,301.68,0.99519374,0
1506639967,22489380,301.11,1.99911800,1
1506639879,22489346,301.11,21.86739984,1
1506639879,22489345,301.13,0.10075383,1
1506639879,22489344,301.19,0.26500000,1
1506639879,22489343,301.21,7.76684633,1
1506639840,22489331,301.22,0.22069700,1
1506639809,22489327,301.21,12.95514348,1
1506639808,22489326,301.22,6.65000000,1
1506639808,22489325,301.23,0.27485652,1
1506639797,22489322,301.21,0.69201019,1
1506639765,22489308,301.80,1.39310352,0
1506639752,22489307,301.13,1.49116685,0
1506639752,22489306,301.13,0.37966142,0
1506639752,22489305,301.13,0.42813097,0
1506639746,22489304,301.13,2.60720000,0
1506639745,22489303,301.13,0.65279100,0
1506639740,22489299,301.13,6.07406270,0
1506639719,22489295,301.13,0.87463800,0
1506639700,22489291,301.13,8.24902866,0
1506639682,22489289,301.13,0.23000000,0
1506639672,22489281,301.45,0.10973867,1
1506639652,22489271,301.46,4.03546075,0
1506639504,22489238,301.45,0.16400000,1
1506639492,22489234,301.49,0.10000000,1
1506639479,22489229,301.50,0.10000000,1
1506639468,22489228,301.50,4.00154342,0
1506639468,22489227,301.84,0.26400000,1
1506639468,22489226,302.15,0.61231623,1
1506639464,22489225,301.79,0.12670477,0
1506639461,22489222,301.78,0.09136862,0
1506639458,22489221,301.79,0.10000000,1
1506639444,22489206,301.83,0.27339472,1
1506639420,22489192,302.00,0.03729523,1
1506639418,22489191,302.00,2.00247298,1
1506639418,22489190,302.01,4.25652702,1
1506639386,22489177,302.01,3.35162900,1
1506639373,22489175,302.01,3.08000000,1
1506639372,22489173,302.04,0.10000000,1
1506639370,22489172,302.05,0.52921870,1
1506639368,22489171,302.11,0.23709907,0
1506639258,22489118,302.11,0.78977855,1
1506639169,22489071,302.24,0.10000000,1
1506639161,22489065,302.39,0.10000000,1
1506638984,22489012,302.50,0.34349700,0
1506638943,22489008,302.14,0.50929238,1
1506638849,22488997,302.14,0.13812476,0
1506638849,22488996,302.14,0.26400000,1
1506638732,22488971,302.78,0.52954200,0
1506638717,22488963,302.38,4.84000000,1
1506638713,22488957,302.41,1.65049500,1
1506638713,22488955,302.41,2.26785700,1
1506638708,22488946,302.41,3.28214300,1
1506638708,22488945,302.41,1.09758600,1
1506638706,22488942,302.41,4.38241400,1
1506638706,22488941,302.41,1.17000000,1
1506638700,22488934,302.41,0.63808800,1
1506638700,22488933,302.41,4.84000000,1
1506638699,22488932,302.41,1.17191200,1
1506638666,22488917,302.39,0.27288041,1
1506638666,22488916,302.40,3.56133979,1
1506638666,22488915,302.41,0.27286240,1
1506638666,22488914,302.65,0.27264646,1
1506638651,22488899,303.00,1.37731294,1
1506638650,22488897,303.00,6.69529600,1
1506638643,22488894,303.00,2.55413100,1
1506638643,22488892,303.00,3.20912200,1
1506638643,22488891,303.00,7.00000000,1
1506638642,22488890,303.00,7.93779500,1
1506638641,22488889,303.00,0.05700600,1
1506638621,22488880,303.00,6.12014778,1
1506638619,22488878,303.00,30.00000000,1
1506638618,22488876,303.00,3.82368400,1
1506638578,22488867,303.00,20.44633960,1
1506638561,22488866,303.00,26.40280900,1
1506638457,22488847,303.28,0.21458313,0
1506638456,22488846,303.01,0.02000000,0
1506638450,22488845,303.00,9.10419273,1
1506638449,22488844,303.00,0.08699709,1
1506638423,22488839,303.00,1.10170805,1
1506638417,22488838,303.00,8.90000000,1
1506638394,22488836,303.00,1.57097000,1
1506638368,22488831,303.00,0.99846993,1
1506638357,22488827,303.00,8.50000000,1
1506638352,22488826,303.28,1.39726471,0
1506638340,22488822,303.00,0.05000000,1
1506638317,22488790,303.00,7.52438900,1
1506638317,22488789,303.01,0.73000000,1
1506638162,22488756,303.01,0.27000000,1
1506638058,22488734,303.28,0.06909421,0
1506638032,22488726,303.00,0.25000000,1
1506638018,22488721,303.00,4.38260000,1
1506637988,22488715,303.00,0.48826824,1
1506637970,22488703,303.00,6.99842600,1
1506637967,22488702,303.00,29.02498469,1
1506637966,22488701,303.01,0.97501531,1
1506637962,22488697,303.01,0.12095512,1
1506637962,22488696,303.02,0.18904488,1
1506637716,22488628,303.26,0.27369336,0
1506637688,22488613,303.03,1.77818100,1
1506637668,22488598,303.25,0.50842281,1
1506637668,22488597,303.23,0.04466379,0
1506637668,22488596,303.16,0.27378399,0
1506637668,22488595,303.15,0.52041996,0
1506637664,22488594,303.15,2.95154214,0
1506637648,22488585,303.15,0.08054452,0
1506637585,22488540,303.00,1.00000000,1
1506637355,22488470,303.00,0.13800000,1
1506637354,22488469,303.00,4.09884338,1
1506637354,22488468,303.02,3.55250662,1
1506637340,22488461,303.07,4.00000000,0
1506637298,22488430,303.00,4.01308701,1
1506637294,22488429,303.00,9.92001900,1
1506637190,22488407,303.07,1.20934608,0
1506637190,22488406,303.04,4.84000000,0
1506637190,22488405,303.04,0.00146328,0
1506637189,22488404,303.03,0.26340000,0
1506637179,22488402,303.00,9.93000000,1
1506637157,22488398,303.00,0.49402500,1
1506637156,22488397,303.00,0.32158500,1
1506637145,22488395,303.00,9.93000000,1
1506637144,22488394,303.00,1.65850089,1
1506637119,22488392,303.00,0.96698160,1
1506637114,22488391,303.00,9.66660000,1
1506637114,22488390,303.01,0.26340000,1
1506637082,22488378,303.00,5.00000000,0
1506637082,22488377,303.00,0.30000000,0
1506637082,22488376,302.99,26.04686844,0
1506637082,22488374,302.92,0.27400684,0
1506637082,22488373,302.66,0.04466379,0
1506637012,22488330,302.47,0.27441095,0
1506637012,22488329,302.46,0.86468862,0
1506636898,22488273,302.45,1.13910000,0
1506636895,22488271,302.45,13.59246300,0
1506636895,22488270,302.44,0.26450000,0
1506636736,22488238,302.46,0.03315100,0
1506636714,22488229,302.30,25.00000000,1
1506636614,22488204,302.30,4.84000000,1
1506636472,22488192,302.46,0.20012429,0
1506636472,22488191,302.46,0.19946333,0
1506636472,22488190,302.45,3.55923403,0
1506636472,22488189,302.35,0.05426536,0
1506636432,22488183,302.00,16.75217000,1
1506636431,22488182,302.05,1.09796391,1
1506636431,22488181,302.08,3.21165385,1
1506636431,22488179,302.08,0.34758018,1
1506636431,22488177,302.09,3.56857515,1
1506636381,22488155,302.28,1.76668498,1
1506636379,22488153,302.28,1.09714987,0
1506636244,22488095,302.15,2.62356445,1
1506636201,22488071,301.78,3.56278068,0
1506636081,22488043,301.61,0.00000566,0
1506636010,22488026,301.60,0.05283294,0
1506636007,22488023,301.60,0.21130000,0
1506636002,22488018,301.61,0.10058900,0
1506635995,22488015,301.31,0.00005027,0
1506635995,22488012,301.31,0.10047795,0
1506635987,22488008,301.00,2.78947557,1
1506635987,22488007,301.01,2.33000000,1
1506635987,22488006,301.01,4.64000000,1
1506635987,22488005,301.01,0.10059466,1
1506635987,22488004,301.01,0.10052822,1
1506635986,22488003,301.39,1.09714987,1
1506635986,22488002,301.52,4.84000000,1
1506635986,22488001,301.57,3.56278068,1
1506635986,22488000,301.58,0.27497100,1
1506635986,22487999,301.58,5.00000000,1
1506635986,22487998,301.58,0.26450000,1
1506635879,22487964,301.93,0.44506370,0
1506635817,22487937,301.01,4.51472622,1
1506635817,22487936,301.02,0.07878383,1
1506635817,22487935,301.03,1.09560100,0
1506635816,22487934,301.85,0.26400000,1
1506635816,22487933,301.99,0.04688895,1
1506635814,22487930,302.14,2.00000000,1
1506635799,22487918,302.30,0.44506370,1
1506635771,22487911,302.30,0.13383144,0
1506635722,22487897,302.30,0.11338700,0
1506635592,22487854,302.30,0.75278156,0
1506635592,22487853,302.19,0.04466379,0
1506635592,22487852,302.16,0.19039741,0
1506635562,22487843,302.16,3.82838224,0
1506635562,22487842,302.16,0.10014576,0
1506635481,22487792,302.14,0.07170200,0
1506635452,22487787,302.15,0.57526000,1
1506635411,22487757,302.02,0.10025878,0
1506635410,22487752,301.99,0.27498252,0
1506635397,22487742,301.99,0.57037423,0
1506635397,22487741,301.85,0.27497677,0
1506635389,22487728,301.81,1.09560604,0
1506635389,22487727,301.80,0.07473263,0
1506635154,22487592,301.43,1.00000000,1
1506635120,22487583,301.80,0.32960800,0
1506635094,22487571,301.66,6.50000000,0
1506635040,22487551,301.67,0.19368240,0
1506635034,22487550,301.66,1.60270584,0
1506635034,22487549,301.66,0.19117558,0
1506635034,22487548,301.66,1.34111718,0
1506635034,22487547,301.66,0.20037459,0
1506635034,22487546,301.66,1.96287772,0
1506635030,22487544,301.66,0.20000000,1
1506634913,22487471,301.78,0.02139200,0
1506634879,22487458,301.79,1.49994700,0
1506634874,22487449,301.38,6.83707700,0
1506634859,22487385,301.41,1.26040900,0
1506634850,22487375,301.46,0.85069127,1
1506634850,22487374,301.44,3.56430873,0
1506634812,22487323,301.00,18.92569127,1
1506634812,22487322,301.01,4.51000000,1
1506634812,22487321,301.18,3.56430873,1
1506634812,22487320,301.19,5.00000000,1
1506634780,22487275,301.15,4.00000000,0
1506634780,22487274,301.15,2.35323400,0
1506634746,22487247,301.19,1.04103700,0
1506634739,22487242,301.19,0.30121538,0
1506634646,22487194,300.94,0.33851717,0
1506634625,22487187,300.98,0.40212476,0
1506634437,22487144,300.74,2.35730493,0
1506634437,22487143,300.73,0.03323235,0
1506634432,22487138,300.23,0.84535675,1
1506634432,22487137,300.25,0.70740958,1
1506634432,22487136,300.26,0.03310000,1
1506634432,22487135,300.26,0.21890067,1
1506634427,22487134,300.74,0.47961694,0
1506634406,22487093,300.74,0.47880332,0
1506634394,22487088,300.74,0.21891000,0
1506634384,22487082,300.73,0.26466765,0
1506634275,22487061,300.77,0.26586706,0
1506634161,22487039,300.20,18.22520000,1
1506634161,22487038,300.21,0.26480000,1
1506634161,22487037,300.21,4.90000000,1
1506634161,22487036,300.21,2.61000000,1
1506634078,22486977,300.20,115.93000000,1
1506634078,22486976,300.21,5.42000000,1
1506634078,22486975,300.22,6.65000000,1
1506634067,22486973,300.21,2.35044919,1
1506634067,22486972,300.40,1.99731171,1
1506634067,22486971,300.40,6.65000000,1
1506634067,22486970,300.41,9.00223910,1
1506633829,22486846,300.36,0.16032476,0
1506633828,22486845,300.36,0.26600000,1
1506633820,22486843,300.77,0.10000000,1
1506633820,22486842,300.79,0.82846574,1
1506633723,22486803,300.79,1.32000000,0
1506633723,22486802,300.79,0.62888313,0
1506633722,22486797,300.79,0.09654576,0
1506633722,22486794,300.79,1.20857957,0
1506633624,22486759,300.79,3.56599154,1
1506633496,22486698,301.61,0.36183404,0
1506633486,22486694,301.07,2.37121400,0
1506633484,22486688,301.07,2.72878600,0
1506633482,22486687,301.07,0.10000000,1
1506633479,22486685,301.32,0.10000000,1
1506633475,22486680,301.52,0.10000000,1
1506633471,22486675,301.67,0.10000000,1
1506633386,22486615,301.78,0.09812400,0
1506633377,22486613,301.79,0.10832300,0
1506633357,22486603,301.74,0.27346956,1
1506633121,22486505,300.72,4.87852484,0
1506633120,22486504,300.83,0.10000000,1
1506633120,22486503,301.13,0.10000000,1
1506633120,22486502,301.38,0.10000000,1
1506633119,22486501,301.55,1.09560604,1
1506633119,22486500,301.58,0.10000000,1
1506633117,22486498,301.73,0.04337483,1
1506633057,22486462,301.80,0.59565937,0
1506633021,22486429,301.73,0.05662517,1
1506632961,22486400,301.80,1.29039400,0
1506632770,22486332,301.84,0.81086577,1
1506632741,22486299,301.84,1.65650700,1
1506632718,22486280,301.84,0.11262723,0
1506632718,22486278,301.84,0.10000000,0
1506632715,22486273,301.81,0.10000000,0
1506632710,22486272,301.79,0.51000000,0
1506632675,22486257,300.44,9.80000000,1
1506632657,22486253,301.74,3.19802525,0
1506632657,22486252,301.73,0.10000000,0
1506632657,22486251,301.59,0.10000000,0
1506632657,22486250,301.58,0.99475000,0
1506632657,22486249,301.54,0.19014550,0
1506632657,22486248,301.53,0.10000000,0
1506632657,22486247,301.46,0.10000000,0
1506632657,22486246,301.43,0.79306197,0
1506632657,22486245,301.40,0.21037526,0
1506632550,22486195,301.40,0.78962474,0
1506632549,22486194,301.39,0.10000000,0
1506632549,22486193,301.38,0.10000000,0
1506632549,22486192,301.24,0.10000000,0
1506632549,22486191,301.16,1.00000000,0
1506632549,22486190,301.16,0.10000000,0
1506632549,22486189,301.15,1.98106518,0
1506632522,22486170,301.15,0.88157649,0
1506632520,22486169,301.15,0.16545668,0
1506632516,22486167,301.15,0.10000000,0
1506632510,22486166,301.15,0.38872815,0
1506632503,22486159,301.15,0.05006525,0
1506632396,22486052,301.00,7.09263130,0
1506632390,22486046,301.00,0.55637110,0
1506632386,22486041,300.99,0.74000000,1
1506632385,22486039,300.99,0.74000000,0
1506632357,22486029,301.00,10.12000000,0
1506632356,22486028,300.99,0.88000000,0
1506632307,22485997,300.99,1.26000000,1
1506632296,22485993,301.00,8.48637513,0
1506632296,22485992,300.99,1.50000000,0
1506632296,22485991,300.98,4.66090092,0
1506632229,22485972,300.98,0.08830033,1
1506632228,22485970,300.98,0.99999997,1
1506632180,22485952,300.99,0.03538301,0
1506632180,22485951,300.99,1.78000000,0
1506632169,22485944,300.16,0.70947009,1
1506632169,22485943,300.16,2.95350102,1
1506632166,22485939,300.98,3.66194000,1
1506632161,22485936,300.98,2.75999500,1
1506632160,22485932,301.00,9.08338956,0
1506632160,22485931,300.99,0.39804944,0
1506632159,22485930,300.98,0.19868500,1
1506632159,22485928,300.99,1.71195056,0
1506632138,22485917,300.98,3.28641609,1
1506632130,22485916,300.99,1.42979657,0
1506632129,22485915,300.99,1.03282955,0
1506632127,22485913,300.99,0.96059216,0
1506632114,22485910,300.98,1.48193208,1
1506632095,22485906,300.96,6.93936931,1
1506632076,22485899,300.98,0.11768218,1
1506632074,22485895,300.98,0.19998004,1
1506632071,22485892,300.99,0.97843782,0
1506632067,22485891,300.98,0.26570000,0
1506632011,22485852,300.23,0.93192015,1
1506632010,22485851,300.23,0.81683521,1
1506632010,22485850,300.24,0.26570000,1
1506632004,22485845,300.23,0.02250348,1
1506632004,22485844,300.24,1.99140652,1
1506631999,22485841,300.99,1.58833892,1
1506631999,22485837,300.99,0.42000000,1
1506631997,22485835,300.99,2.96000000,0
1506631997,22485834,300.86,0.10000000,0
1506631997,22485833,300.81,4.82788520,0
1506631860,22485786,300.38,1.37477363,1
1506631860,22485785,300.40,2.48029087,1
1506631813,22485764,300.81,5.29828569,0
1506631748,22485740,300.81,3.73835963,0
1506631748,22485739,300.80,0.00001286,0
1506631719,22485734,300.80,0.19998711,1
1506631715,22485729,300.80,6.80303233,1
1506631712,22485727,300.80,0.19997258,0
1506631647,22485682,300.81,0.48063724,0
1506631647,22485681,300.80,2.47000000,0
1506631631,22485670,300.80,0.84286400,0
1506631545,22485612,300.51,0.05460000,1
1506631473,22485599,300.71,0.00050000,1
1506631286,22485510,300.71,0.09950000,1
1506631285,22485508,300.86,0.00050000,1
1506631284,22485503,300.86,0.09950000,1
1506631250,22485481,300.96,5.28316933,0
1506631203,22485451,300.97,0.35000000,0
1506631169,22485440,300.97,0.27400684,0
1506631160,22485437,300.97,4.92236132,0
1506631160,22485436,300.91,0.10000000,0
1506631160,22485435,300.81,0.27592437,0
1506631130,22485423,300.74,0.86465200,0
1506631130,22485422,300.74,5.29828569,0
1506631121,22485419,300.75,5.29828569,0
1506631119,22485418,300.71,0.10000000,0
1506631119,22485416,300.56,0.10000000,0
1506631119,22485415,300.50,0.39876872,0
1506631091,22485398,300.50,9.60123128,0
1506631091,22485397,300.49,1.75045045,0
1506631089,22485396,300.48,2.28498755,0
1506631073,22485388,300.46,1.76849654,1
1506631068,22485386,300.48,0.19871800,0
1506631057,22485376,300.46,1.54305509,1
1506631055,22485371,300.47,4.72025181,0
1506631055,22485370,300.46,0.11974819,0
1506630969,22485336,300.24,3.67049693,0
1506630969,22485333,300.21,0.49758882,0
1506630969,22485331,300.18,4.84000000,0
1506630968,22485330,300.17,3.94821735,1
1506630967,22485323,300.17,1.33210000,0
1506630932,22485311,299.99,2.00006667,0
1506630924,22485307,300.00,4.34090400,0
1506630924,22485306,299.98,0.26700000,0
1506630913,22485295,299.96,7.13584855,0
1506630851,22485272,299.98,5.00000000,0
1506630824,22485256,299.17,3.30341767,1
1506630619,22485196,299.26,2.18898600,1
1506630435,22485103,300.11,0.02000000,0
1506630405,22485093,299.25,0.13695394,1
1506630403,22485092,299.38,0.26700000,1
1506630176,22485002,299.81,0.00000040,1
1506630175,22485001,299.81,7.07206800,1
1506630174,22485000,299.85,2.00000000,1
1506630157,22484999,300.15,2.31101400,0
1506630157,22484998,300.08,0.34000000,0
1506630115,22484948,300.14,7.90298600,0
1506630110,22484943,299.81,0.44062262,1
1506630099,22484934,300.14,0.02000000,0
1506630098,22484933,300.14,0.02000000,0
1506630091,22484926,300.12,0.02000000,0
1506630082,22484923,299.81,2.82039300,1
1506629989,22484898,300.08,0.16618902,0
1506629986,22484896,299.81,3.99045422,1
1506629985,22484895,299.82,0.02702001,1
1506629938,22484870,300.16,0.87617094,0
1506629937,22484869,300.15,0.26650000,0
1506629937,22484868,300.15,0.26700000,0
1506629917,22484866,300.18,0.02000000,0
1506629917,22484865,300.18,0.02000000,0
1506629912,22484864,299.96,0.02000000,0
1506629912,22484863,299.95,0.02000000,0
1506629885,22484856,299.09,17.02894050,1
1506629885,22484855,299.10,5.00000000,1
1506629885,22484854,299.10,2.00219487,1
1506629885,22484853,299.10,0.26650000,1
1506629884,22484852,299.43,0.26700000,1
1506629884,22484851,299.45,8.51885641,1
1506629798,22484788,300.13,4.98583947,0
1506629776,22484780,300.08,1.93011863,1
1506629744,22484766,299.85,0.09869800,1
1506629737,22484762,299.85,6.63000000,0
1506629737,22484761,299.83,2.00113398,0
1506629726,22484753,299.84,1.33673435,0
1506629705,22484741,299.91,1.00000000,0
1506629704,22484738,299.88,0.16616396,0
1506629684,22484723,299.05,0.09869800,1
1506629684,22484722,299.06,5.00000000,1
1506629661,22484703,299.04,0.00007956,0
1506629660,22484698,299.04,14.69212588,0
1506629659,22484697,299.04,5.00000000,1
1506629635,22484667,299.07,0.27592437,1
1506629633,22484662,299.07,0.92634832,1
1506629599,22484640,299.74,0.10000000,0
1506629286,22484439,299.94,1.99639928,0
1506629275,22484434,299.20,1.00000000,1
1506629207,22484413,299.67,5.00000000,0
1506629189,22484410,299.69,0.10000000,0
1506629188,22484399,299.69,0.05426997,0
1506629187,22484396,299.40,0.53500000,1
1506629168,22484382,299.40,0.97500000,1
1506629168,22484381,299.40,0.02500000,1
1506629009,22484288,299.40,1.00000000,1
1506628966,22484256,299.41,11.06946361,0
1506628953,22484242,299.41,1.49541900,0
1506628952,22484239,299.41,0.14999997,0
1506628942,22484222,299.41,12.38504632,0
1506628940,22484221,299.41,12.20966143,1
1506628932,22484220,299.65,0.92073345,1
1506628925,22484213,299.65,7.90906100,1
1506628920,22484212,299.65,0.34710400,1
1506628916,22484209,299.66,0.20002423,0
1506628911,22484206,299.66,0.19995996,0
1506628911,22484204,299.66,4.15053727,0
1506628909,22484201,299.66,0.20001573,0
1506628896,22484192,299.65,0.82310155,1
1506628896,22484191,299.70,1.55140745,1
1506628893,22484189,299.71,0.65474170,1
1506628882,22484175,299.71,15.85383908,0
1506628867,22484169,300.10,0.93007476,1
1506628864,22484168,300.10,10.69000000,1
1506628858,22484163,300.10,20.00000000,1
1506628857,22484161,300.10,20.00000000,1
1506628856,22484160,300.10,5.50000000,1
1506628856,22484159,300.10,4.84000000,1
1506628830,22484153,300.10,0.01829190,1
1506628825,22484151,300.00,0.02163334,0
1506628825,22484150,300.00,62.00000000,0
1506628801,22484134,300.00,0.49343333,0
1506628796,22484129,300.00,1.48493333,0
1506628796,22484127,299.70,0.19904300,1
1506628779,22484124,299.98,2.94152943,0
1506628757,22484103,299.99,0.41828698,0
1506628585,22484030,299.99,0.19904300,0
1506628569,22484018,300.46,0.56020000,0
1506628568,22484017,299.75,14.33244938,1
1506628568,22484016,299.76,4.67000000,1
1506628567,22484015,299.77,0.99755062,1
1506628566,22484013,299.75,10.04000000,1
1506628539,22484004,299.77,3.59197948,1
1506628450,22483987,300.20,0.25933192,0
1506628353,22483929,300.19,12.73541086,0
1506628353,22483928,300.00,3.54673900,0
1506628314,22483913,300.00,2.08650300,0
1506628312,22483912,300.00,1.98400500,0
1506628310,22483911,300.00,2.38275300,0
1506628281,22483904,300.12,0.32849098,0
1506628242,22483887,300.20,1.74753497,0
1506628238,22483885,300.14,0.26620000,0
1506628235,22483882,299.67,1.30052200,1
1506628233,22483880,300.13,0.82284700,0
1506628049,22483798,299.53,0.00001445,0
1506628048,22483797,299.53,6.47378555,0
1506628046,22483795,299.53,0.26620000,1
1506628044,22483794,299.52,0.12190661,1
1506628043,22483793,299.55,0.01820000,1
1506628043,22483792,299.60,0.01820000,1
1506628043,22483791,299.72,0.02292139,1
1506628041,22483788,299.80,0.01820000,1
1506628036,22483787,299.88,6.63000000,0
1506628028,22483786,299.88,6.63000000,0
1506628027,22483785,299.88,12.28334121,0
1506628027,22483783,299.99,0.00002498,1
1506628027,22483781,300.00,6.63000000,1
1506628027,22483780,300.00,1.08660088,1
1506627994,22483768,300.48,0.00008665,0
1506627994,22483767,300.48,0.18534297,1
1506627992,22483765,300.47,0.21852432,0
1506627938,22483737,300.46,0.19942800,0
1506627927,22483732,300.47,1.43678600,0
1506627925,22483730,300.48,1.08142500,0
1506627925,22483729,300.24,0.23793900,0
1506627922,22483724,300.01,0.44567151,0
1506627922,22483723,300.01,4.03000000,0
1506627922,22483722,300.00,0.26600000,0
1506627799,22483684,300.00,0.51523334,1
1506627716,22483620,299.99,0.39564653,1
1506627712,22483616,299.99,0.05000000,1
1506627710,22483612,300.00,1.74070206,1
1506627710,22483611,300.00,0.44567151,1
1506627637,22483567,300.01,4.00000000,0
1506627536,22483515,300.00,1.00000000,1
1506627531,22483514,300.00,1.81362643,1
1506627468,22483497,299.99,0.57019538,1
1506627426,22483469,299.99,0.99100000,1
1506627403,22483465,300.00,2.00686700,1
1506627394,22483459,300.06,0.26600000,1
1506627384,22483449,300.05,3.73716110,1
1506627384,22483448,300.08,1.99409542,1
1506627384,22483447,300.08,0.57040540,1
1506627099,22483296,299.94,0.45206965,1
1506627004,22483142,300.19,0.99139000,0
1506626999,22483137,300.19,0.19654200,0
1506626997,22483134,300.19,1.92950005,0
1506626994,22483132,300.19,0.10773200,0
1506626958,22483090,300.20,1.47276239,0
1506626876,22483016,300.19,0.06497196,1
1506626875,22483013,300.19,6.63000000,1
1506626874,22483012,300.19,6.63000000,1
1506626873,22483011,300.19,6.63000000,1
1506626872,22483010,300.19,1.48000000,0
1506626872,22483009,300.19,1.48000000,0
1506626872,22483008,300.19,5.14685626,0
1506626869,22483003,300.19,1.45524674,0
1506626820,22482981,300.19,0.02789700,0
1506626770,22482960,300.28,0.02806100,0
1506626700,22482929,299.91,1.81362643,0
1506626663,22482914,299.82,0.22464000,0
1506626659,22482913,299.91,0.02910873,0
1506626647,22482898,299.73,0.02000000,1
1506626626,22482872,299.91,1.07690900,0
1506626626,22482871,299.90,1.13000000,0
1506626610,22482846,299.91,2.58486524,0
1506626610,22482844,299.90,2.00066689,0
1506626600,22482824,299.96,1.39952800,0
1506626596,22482815,299.96,7.75985725,0
1506626436,22482685,299.79,1.27049220,1
1506626431,22482682,299.80,5.13535000,0
1506626429,22482680,299.80,10.52164858,1
1506626427,22482679,299.79,0.10734768,1
1506626426,22482678,299.96,0.09241232,1
1506626418,22482676,299.97,0.54025403,0
1506626412,22482668,299.97,0.90075674,0
1506626342,22482631,300.00,18.36850155,0
1506626341,22482630,300.00,14.93278300,0
1506626341,22482629,300.00,0.69871545,0
1506626275,22482572,300.24,26.73828840,0
1506626241,22482559,300.01,6.64146862,0
1506626237,22482555,300.01,1.21078674,0
1506626236,22482552,300.01,2.33493606,0
1506626233,22482543,300.01,1.21098239,0
1506626232,22482540,300.01,17.60770645,0
1506626230,22482538,300.01,0.55541839,1
1506626077,22482488,300.04,1.80230058,0
1506626076,22482487,300.04,1.27047200,0
1506626074,22482484,300.07,0.49060394,1
1506625996,22482427,300.78,1.20995640,0
1506625785,22482335,300.02,2.92530159,0
1506625662,22482275,300.02,10.29000000,0
1506625635,22482267,300.02,4.17522165,0
1506625625,22482262,300.01,0.26590000,1
1506625616,22482257,300.02,0.26590000,0
1506625592,22482248,300.02,0.33000000,0
1506625590,22482245,300.02,1.00000000,0
1506625589,22482244,300.02,1.00000000,0
1506625577,22482195,300.02,0.21578561,0
1506625492,22482161,300.02,0.28000000,0
1506624951,22481836,300.02,0.05879500,0
1506624934,22481826,300.02,6.63000000,0
1506624909,22481810,300.02,0.26600000,0
1506624879,22481800,301.06,1.49091573,0
1506624862,22481752,300.01,0.17868161,1
1506624862,22481751,300.09,0.27497677,1
1506624862,22481750,300.71,0.27441095,1
1506624862,22481749,300.91,0.27758208,1
1506624774,22481631,300.85,0.48395996,1
1506624641,22481539,300.85,0.06499968,1
1506624630,22481524,300.90,0.93500000,1
1506624381,22481377,300.91,1.00000000,0
1506624377,22481376,300.91,0.09693880,1
1506624375,22481373,301.00,0.30626601,1
1506624348,22481366,301.23,0.05854661,0
1506624348,22481365,301.23,1.03313795,0
1506624324,22481357,301.25,0.05854272,0
1506624165,22481255,301.00,1.08718913,1
1506624113,22481233,301.26,0.00000032,1
1506624110,22481232,301.28,2.22096588,1
1506624054,22481189,301.26,0.43991868,1
1506624054,22481188,301.26,1.34425132,1
1506623956,22481159,301.97,2.21190800,0
1506623871,22481124,301.26,2.21190800,1
1506623574,22480918,302.00,0.34828933,0
1506623573,22480917,301.99,1.43000000,0
1506623573,22480916,301.99,0.27662567,0
1506623570,22480915,301.02,1.00000000,0
1506623570,22480914,301.02,1.00000000,0
1506623562,22480910,301.65,10.20000000,0
1506623562,22480909,301.34,1.00000000,0
1506623562,22480908,301.30,3.55567965,0
1506623552,22480906,300.90,0.06500000,1
1506623485,22480882,301.05,4.84883279,1
1506623485,22480881,301.07,3.55567965,1
1506623456,22480876,301.39,0.46687520,0
1506623455,22480875,301.39,3.55190445,0
1506623378,22480816,301.53,0.02800000,0
1506623336,22480797,301.05,1.27500046,1
1506623335,22480795,301.20,0.72499954,1
1506623257,22480748,301.20,5.37748928,1
1506623257,22480747,301.21,1.99197372,1
1506623250,22480745,301.21,1.00000000,1
1506623250,22480744,301.23,3.11190445,1
1506623250,22480743,301.24,0.99000000,1
1506623241,22480735,301.23,0.44000000,1
1506623054,22480679,302.00,3.03881983,0
1506623054,22480678,302.00,0.25244707,0
1506623054,22480677,302.00,15.34338500,0
1506623053,22480676,301.99,1.98682076,0
1506623046,22480672,301.91,1.70000000,0
1506623045,22480671,301.90,4.01200663,0
1506623042,22480667,301.89,3.54717195,0
1506622806,22480571,301.20,0.70241118,1
1506622806,22480570,301.25,0.49758882,1
1506622620,22480481,301.89,0.99430343,0
1506622482,22480426,301.36,2.54438979,1
1506622388,22480385,301.89,2.54452013,0
1506622388,22480384,301.88,3.70424757,0
1506622388,22480383,301.80,0.26490000,0
1506622388,22480382,301.79,5.33155526,0
1506622059,22480171,301.21,0.42000000,1
1506622056,22480170,301.20,1.19510000,1
1506622054,22480168,301.26,0.26490000,1
1506622049,22480165,301.26,1.00000000,1
1506622025,22480124,301.24,3.22229052,1
1506622009,22480112,301.25,0.58000000,0
1506621975,22480103,301.20,1.00000000,1
1506621974,22480102,301.20,1.00000000,1
1506621967,22480101,301.23,0.26490000,0
1506621965,22480100,301.24,2.16312619,0
1506621965,22480097,301.26,0.26490000,1
1506621965,22480096,301.28,1.99065098,1
1506621965,22480095,301.29,0.99855036,1
1506621956,22480092,301.89,0.40320481,0
1506621815,22480002,301.89,0.58813321,0
1506621815,22480001,301.86,0.04466379,0
1506621768,22479986,301.70,1.04329122,0
1506621768,22479984,301.70,4.28070878,0
1506621754,22479973,301.70,1.08143851,0
1506621698,22479958,301.70,0.74850702,0
1506621622,22479916,301.74,1.77937959,1
1506621530,22479814,301.95,0.24150000,0
1506621520,22479811,301.50,7.48511045,0
1506621498,22479806,301.50,2.29442786,0
1506621488,22479800,301.50,4.96815920,0
1506621479,22479797,301.50,0.32944816,0
1506621448,22479786,301.50,6.61591300,0
1506621443,22479781,301.50,1.20485100,0
1506621443,22479780,301.50,1.14788486,0
1506621442,22479779,301.50,1.65112177,0
1506621442,22479778,301.50,4.41017964,0
1506621442,22479776,301.50,1.22934236,0
1506621440,22479773,301.50,3.02963500,0
1506621422,22479757,301.50,1.20000000,0
1506621418,22479752,301.50,5.58500000,0
1506621386,22479737,301.50,0.60000000,0
1506621382,22479735,301.50,1.00000000,0
1506621382,22479734,301.50,1.00000000,0
1506621373,22479732,301.50,1.00000000,0
1506621373,22479730,301.50,1.00000000,0
1506621367,22479728,301.50,4.01200663,0
1506621365,22479726,301.50,3.18658375,0
1506621365,22479725,301.49,0.43000000,0
1506621349,22479715,301.49,0.57000000,0
1506621313,22479661,301.50,14.50617800,0
1506621312,22479659,301.50,4.72039677,0
1506621312,22479658,301.49,1.69000000,0
1506621312,22479657,301.48,6.74939423,0
1506621299,22479652,301.50,3.76943800,0
1506621299,22479651,301.49,2.00000000,0
1506621238,22479586,301.50,24.05432355,0
1506621238,22479584,301.49,2.38000000,0
1506621238,22479581,301.48,3.23000000,0
1506621228,22479563,301.49,2.83000000,0
1506621228,22479562,301.00,13.01762711,0
1506621228,22479561,300.99,0.26480000,0
1506621226,22479559,300.99,5.79718659,0
1506621219,22479551,301.00,10.31846502,0
1506621218,22479549,301.00,0.76012700,0
1506621215,22479532,301.00,0.26344204,0
1506621215,22479531,300.98,1.99348794,0
1506621215,22479527,300.98,1.20844885,0
1506621214,22479526,300.99,12.45309736,0
1506621212,22479521,301.00,15.08723072,1
1506621212,22479520,301.01,0.84435733,1
1506621212,22479519,301.01,5.00000000,1
1506621169,22479496,301.00,8.63000000,1
1506621169,22479495,301.01,4.74000000,1
1506621169,22479494,301.13,6.63000000,1
1506621169,22479493,301.14,5.00000000,1
1506621158,22479487,301.00,1.47253790,1
1506621158,22479485,301.01,5.23000000,1
1506621158,22479484,301.02,13.29746210,1
1506621158,22479483,301.14,5.00000000,1
1506621083,22479403,301.01,0.12036365,1
1506621083,22479402,301.07,5.00000000,1
1506621083,22479401,301.56,3.59295044,1
1506621083,22479400,301.56,3.03704956,1
1506621073,22479396,301.00,177.13554699,1
1506621073,22479395,301.01,9.46000000,1
1506621073,22479394,301.01,5.29000000,1
1506621073,22479393,301.03,0.26480000,1
1506621072,22479392,301.27,6.74939423,1
1506621072,22479391,301.40,1.00000000,1
1506621072,22479390,301.42,0.10025878,1
1506621046,22479365,301.41,48.28668591,1
1506621006,22479323,301.60,2.29362852,0
1506621006,22479322,301.59,0.26400000,0
1506620979,22479307,301.60,12.40779311,1
1506620962,22479298,301.60,0.20693803,1
1506620951,22479290,301.60,0.24973903,1
1506620951,22479289,301.62,0.75026097,1
1506620946,22479288,301.62,1.00000000,1
1506620945,22479287,301.62,1.00000000,1
1506620926,22479275,301.60,0.65294037,1
1506620926,22479274,301.86,0.10014576,1
1506620926,22479273,301.86,0.19946333,1
1506620764,22479191,301.96,2.40052449,0
1506620751,22479187,301.92,0.79306197,1
1506620734,22479185,302.00,1.30026300,0
1506620699,22479140,301.92,0.19014550,1
1506620670,22479120,302.32,1.00000000,0
1506620660,22479116,301.83,0.78982898,0
1506620657,22479111,301.85,0.05426536,1
1506620650,22479098,301.85,0.26400000,1
1506620650,22479093,302.28,0.27297951,1
1506620643,22479067,302.30,5.32042709,1
1506620626,22479050,302.97,0.00000436,0
1506620626,22479049,302.97,0.43659000,0
1506620616,22479037,302.89,0.41373166,0
1506620611,22479035,302.99,30.28535595,0
1506620611,22479034,302.98,0.46000000,0
1506620611,22479033,302.89,0.78008800,0
1506620610,22479032,302.84,0.20000000,0
1506620610,22479031,302.60,0.27429261,0
1506620610,22479030,302.48,0.19905260,0
1506620609,22479029,302.44,3.34053560,0
1506620609,22479028,302.39,6.72421665,0
1506620609,22479027,302.39,4.98605247,1
1506620605,22479022,302.37,0.80597933,0
1506620595,22479017,302.36,1.31752520,0
1506620594,22479016,302.36,3.11642233,0
1506620594,22479015,302.36,1.75078398,0
1506620593,22479013,302.10,0.10003317,0
1506620593,22479012,302.00,0.05432836,0
1506620589,22479011,301.99,0.22798050,1
1506620588,22479010,301.80,0.10016584,0
1506620588,22479009,301.61,3.30753400,0
1506620588,22479008,301.55,0.85918900,0
1506620585,22479002,301.55,1.00000000,0
1506620582,22478996,301.55,0.64081100,0
1506620487,22478956,301.55,3.25416146,1
1506620386,22478900,301.38,4.01360951,1
1506620230,22478817,301.26,7.72016143,0
1506620228,22478815,301.26,2.08133035,0
1506620228,22478814,301.25,1.99995565,0
1506620212,22478804,301.26,4.01360951,0
1506620177,22478795,301.26,6.63000000,0
1506620176,22478794,301.26,6.63000000,0
1506620175,22478792,301.26,4.92489871,0
1506620175,22478791,301.25,0.06024300,0
1506620168,22478786,301.26,1.00000000,0
1506620167,22478785,301.26,1.00000000,0
1506620130,22478778,301.49,0.20375700,0
1506620128,22478775,301.25,0.20376291,0
1506620126,22478773,301.50,0.10003317,1
1506620126,22478772,301.50,0.10016584,1
1506619917,22478671,301.50,0.83979452,0
1506619909,22478664,301.50,0.05432836,0
1506619908,22478663,301.50,0.27369336,1
1506619899,22478644,301.99,1.56953077,1
1506619892,22478636,301.99,4.99999500,1
1506619890,22478631,301.99,0.82734300,1
1506619875,22478617,302.22,0.00004435,1
1506619866,22478607,302.22,0.96760638,1
1506619863,22478602,302.22,0.32499500,1
1506619858,22478593,302.22,4.43157092,1
1506619858,22478592,302.31,0.00011408,1
1506619857,22478591,302.31,1.75055407,1
1506619852,22478587,302.30,0.77418400,1
1506619840,22478568,302.46,0.19787741,0
1506619688,22478431,302.03,0.23358882,1
1506619688,22478430,302.03,0.26400000,1
1506619648,22478398,301.99,0.60000000,1
1506619635,22478393,301.99,0.71000000,1
1506619631,22478388,302.00,0.53581135,0
1506619622,22478379,301.99,0.84000000,1
1506619609,22478366,301.99,1.00000000,1
1506619596,22478360,302.00,9.13059205,0
1506619595,22478357,301.99,1.19000000,1
1506619585,22478352,302.00,14.23391638,0
1506619582,22478347,301.99,0.75000000,1
1506619582,22478346,301.99,1.00000000,1
1506619582,22478345,301.99,1.00000000,1
1506619572,22478329,301.99,1.00000000,1
1506619571,22478328,301.99,1.00000000,1
1506619569,22478327,301.99,0.89000000,1
1506619556,22478323,301.99,1.06000000,1
1506619550,22478322,301.99,0.38440000,0
1506619539,22478318,301.99,1.00000000,0
1506619524,22478300,302.00,7.04760000,0
1506619522,22478299,301.99,0.52000000,0
1506619522,22478298,301.99,1.00000000,0
1506619510,22478289,301.99,0.09560000,0
1506619510,22478288,301.99,1.00000000,0
1506619507,22478283,301.99,0.71440000,0
1506619490,22478278,302.00,2.08647800,0
1506619477,22478274,301.99,0.29577239,1
1506619463,22478271,301.99,2.20000000,1
1506619459,22478266,302.00,0.47827900,0
1506619452,22478262,301.99,1.98682076,1
1506619450,22478260,301.99,2.62000000,1
1506619446,22478255,302.00,7.15000000,0
1506619446,22478253,301.99,2.63740685,0
1506619437,22478247,302.00,7.15000000,0
1506619437,22478246,301.99,3.11000000,1
1506619434,22478243,302.00,1.56185289,0
1506619427,22478238,301.99,3.70000000,0
1506619427,22478237,301.99,3.45000000,0
1506619276,22478062,301.98,1.56046357,0
1506619267,22478053,301.90,0.27327768,1
1506619265,22478052,301.98,1.36633722,0
1506619265,22478051,301.98,0.00918609,0
1506619265,22478050,301.92,0.11029189,0
1506619265,22478049,301.92,0.12426480,0
1506619263,22478047,301.91,0.28236200,0
1506619209,22477992,301.86,0.23000000,0
1506619209,22477990,301.85,3.58123282,0
1506619173,22477945,301.28,0.20609300,1
1506619115,22477887,301.81,1.09959181,1
1506619107,22477868,301.90,0.96693300,0
1506619106,22477866,301.81,0.46000000,1
1506619101,22477864,301.81,0.46059851,1
1506619094,22477857,301.81,0.55192444,1
1506619084,22477845,301.81,1.00913400,1
1506619080,22477827,301.81,0.26248944,1
1506619077,22477823,301.44,0.16000587,0
1506619039,22477780,301.01,1.37629000,0
1506619036,22477769,300.79,1.00000000,1
1506619035,22477766,300.80,3.54816582,1
1506619031,22477756,301.00,0.73751048,1
1506619029,22477752,301.00,0.27571222,1
1506619029,22477750,301.00,0.27536333,1
1506619029,22477748,301.00,0.27533423,1
1506619027,22477737,301.01,1.56488322,1
1506619023,22477726,301.01,1.00000000,1
1506619023,22477722,301.01,1.00000000,1
1506619021,22477707,301.01,2.30388012,1
1506619006,22477647,301.24,0.20000000,0
1506618938,22477588,301.24,1.00000000,0
1506618882,22477557,301.44,1.45999413,0
1506618882,22477556,301.11,0.04000587,0
1506618760,22477469,300.76,1.00000000,0
1506618760,22477468,301.11,0.06029000,0
1506618760,22477467,301.10,0.04000000,0
1506618734,22477443,300.76,12.89970413,1
1506618734,22477442,300.81,0.10029587,1
1506618692,22477433,300.81,0.04000000,1
1506618642,22477376,301.23,5.30552165,1
1506618604,22477301,301.24,4.01135304,1
1506618598,22477287,301.92,0.04035120,0
1506618598,22477286,301.91,1.43216000,0
1506618591,22477279,301.85,0.79047366,0
1506618591,22477277,301.81,0.26000000,0
1506618590,22477276,301.81,0.20000000,0
1506618586,22477257,301.23,0.01490544,1
1506618585,22477249,301.28,1.98509456,1
1506618580,22477226,301.80,1.00000000,0
1506618579,22477225,301.79,1.03936670,0
1506618480,22477078,301.50,5.29957709,0
1506618480,22477076,301.50,0.02085000,0
1506618458,22477049,301.50,1.54000000,0
1506618458,22477048,301.48,0.46000000,0
1506618370,22476889,301.31,11.24252400,1
1506618368,22476887,301.31,0.10000000,0
1506618367,22476886,301.31,1.99130464,0
1506618362,22476876,300.70,0.10019973,0
1506618349,22476848,300.36,6.66617108,0
1506618348,22476846,300.36,70.00000000,0
1506618342,22476842,300.36,13.74101078,0
1506618342,22476840,300.36,3.00000000,0
1506618339,22476837,300.36,1.00000000,0
1506618330,22476826,300.36,4.01135304,0
1506618327,22476824,300.36,17.20474318,0
1506618319,22476818,300.36,20.00000000,0
1506618301,22476812,300.36,0.40396192,0
1506618298,22476811,300.36,0.19976000,0
1506618278,22476802,300.36,8.21000000,0
1506618278,22476801,300.35,3.66000000,0
1506618278,22476800,300.35,8.13000000,0
1506618161,22476718,300.55,0.08506996,0
1506618161,22476716,300.52,6.63000000,0
1506618161,22476715,299.93,0.09370933,0
1506618155,22476708,299.92,0.26500000,1
1506618148,22476698,299.93,0.10019973,0
1506618142,22476681,299.92,0.59035806,1
1506618137,22476678,300.40,3.56450182,1
1506618137,22476676,300.40,1.27549818,1
1506618137,22476675,300.45,0.49758882,1
1506618133,22476667,300.72,0.00000008,1
1506618128,22476646,300.72,2.46999992,1
1506618128,22476645,300.72,2.08000000,1
1506618128,22476644,300.74,0.90045208,1
1506618125,22476636,300.74,5.72954792,1
1506618125,22476635,300.74,0.18173599,1
1506618125,22476634,300.85,0.26500000,1
1506618022,22476560,301.64,2.00000000,0
1506617974,22476527,301.64,0.43678590,0
1506617974,22476526,300.92,0.26500000,0
1506617974,22476525,300.88,0.10023978,0
1506617882,22476415,300.73,0.18136000,0
1506617873,22476400,300.74,1.00000000,0
1506617873,22476399,300.74,1.00000000,0
1506617871,22476397,300.74,8.11388575,0
1506617870,22476396,300.74,2.67403737,0
1506617869,22476394,300.74,11.42176697,0
1506617869,22476393,300.73,2.47000000,0
1506617865,22476390,300.74,1.23545255,0
1506617861,22476389,300.74,0.35031056,0
1506617860,22476386,300.73,1.28436000,0
1506617854,22476382,300.73,1.65564000,0
1506617844,22476348,300.60,7.85000000,0
1506617838,22476334,299.99,8.70499513,1
1506617838,22476332,300.00,5.75995400,0
1506617838,22476331,300.31,0.51000000,0
1506617837,22476329,300.31,0.02505087,1
1506617805,22476284,300.74,0.16622800,0
1506617805,22476280,300.74,0.00455682,0
1506617805,22476278,300.73,3.00000000,0
1506617739,22476158,300.73,1.69474000,0
1506617719,22476126,300.78,1.19564945,0
1506617718,22476125,300.73,13.29746210,0
1506617672,22476089,300.31,0.27494913,1
1506617646,22476059,300.32,8.33171965,1
1506617633,22476050,300.72,0.26510000,0
1506617547,22475901,300.71,1.18450500,0
1506617469,22475872,300.87,3.33506165,1
1506617467,22475869,300.58,0.10010657,0
1506617446,22475868,300.53,3.81215300,0
1506617430,22475864,300.00,12.80432823,0
1506617429,22475863,300.00,12.51595401,0
1506617429,22475862,300.15,5.50000000,1
1506617429,22475861,300.22,0.00918609,1
1506617429,22475860,300.28,0.10023978,1
1506617429,22475859,300.29,0.11029189,1
1506617421,22475858,300.29,0.16461600,0
1506617415,22475852,300.27,0.00030093,0
1506617415,22475851,300.27,0.10010657,0
1506617414,22475848,300.27,0.23000000,0
1506617414,22475845,300.27,0.26510000,1
1506617402,22475839,300.28,0.27815540,1
1506617400,22475837,300.26,8.32020274,1
1506617400,22475836,300.56,4.84000000,1
1506617400,22475835,300.70,0.01250673,1
1506617398,22475823,300.70,0.24863048,1
1506617396,22475813,300.70,0.00386279,1
1506617396,22475807,300.84,0.27429261,1
1506616819,22475530,301.71,1.00000000,1
1506616817,22475529,301.71,1.23722800,1
1506616817,22475528,301.71,1.46481600,1
1506616807,22475525,301.71,4.84000000,0
1506616807,22475524,301.62,0.26480000,0
1506616807,22475523,301.61,0.06038400,0
1506616783,22475516,301.65,0.16461600,0
1506616619,22475454,301.95,0.02000000,0
1506616555,22475381,301.33,5.32042709,1
1506616521,22475347,301.90,0.02000000,0
1506616481,22475328,301.03,1.00000000,1
1506616480,22475327,301.05,1.00000000,1
1506616479,22475324,301.04,0.13868236,0
1506616477,22475323,301.09,0.26500000,1
1506616413,22475296,300.91,0.16521700,1
1506616400,22475290,300.85,14.29635943,1
1506616400,22475289,301.06,0.79047366,1
1506616400,22475287,301.08,4.84000000,1
1506616400,22475286,301.09,13.08700000,1
1506616399,22475285,301.10,5.00000000,1
1506616399,22475284,301.10,0.29552635,1
1506616399,22475283,301.11,0.26480000,0
1506616398,22475281,301.98,0.21132250,1
1506616326,22475262,301.99,0.09583300,0
1506616320,22475257,302.00,1.00000000,0
1506616320,22475256,302.00,1.00000000,0
1506616313,22475250,302.00,1.00000000,0
1506616311,22475249,302.00,2.94270100,0
1506616310,22475247,302.00,9.65417900,0
1506616310,22475246,301.99,0.21000000,0
1506616309,22475245,301.99,10.53375400,0
1506616223,22475218,301.99,1.00000000,0
1506616222,22475217,301.99,1.00000000,0
1506616128,22475196,301.99,0.04106096,0
1506616080,22475173,301.98,4.64395283,1
1506616067,22475172,301.98,4.84000000,1
1506616063,22475170,301.98,0.44194300,1
1506616051,22475162,301.98,1.00000000,1
1506616046,22475160,301.98,0.34273925,1
1506616039,22475157,301.98,1.00000000,1
1506616038,22475154,301.98,4.80000000,1
1506616038,22475153,301.98,4.95701639,1
1506616034,22475152,301.98,1.02612722,1
1506616029,22475151,301.98,0.48789881,1
1506616027,22475149,301.98,6.50900000,1
1506616021,22475143,302.00,1.00000000,0
1506616021,22475142,302.00,1.00000000,0
1506616004,22475138,301.98,0.26000000,0
1506615968,22475131,302.00,16.16927152,0
1506615966,22475130,301.99,0.30000000,0
1506615805,22474992,301.94,5.09283546,0
1506615804,22474985,301.96,3.30341767,0
1506615803,22474983,301.96,19.22889927,0
1506615803,22474982,301.95,3.36000000,0
1506615802,22474980,301.96,1.20739610,0
1506615801,22474975,301.96,7.18772766,0
1506615801,22474972,301.96,0.05877000,0
1506615801,22474969,301.96,1.20706271,0
1506615791,22474951,301.99,0.28991026,1
1506615788,22474945,301.99,1.20737219,0
1506615766,22474927,302.20,0.41975512,0
1506615765,22474924,302.20,0.96837862,0
1506615765,22474923,302.20,0.26400000,0
1506615764,22474922,302.18,0.09947661,0
1506615764,22474920,302.17,0.23210477,0
1506615762,22474916,301.87,0.49066800,1
1506615761,22474913,302.17,0.12789523,0
1506615761,22474912,302.00,1.43606477,0
1506615761,22474909,302.00,28.93092963,0
1506615759,22474900,302.00,7.57066225,0
1506615759,22474897,302.00,23.35408000,0
1506615755,22474880,302.00,2.54304635,0
1506615755,22474875,301.87,0.02100000,1
1506615748,22474855,301.87,7.28108352,1
1506615747,22474854,301.87,22.50356202,1
1506615739,22474843,301.87,20.00000000,1
1506615727,22474837,302.00,0.16521700,0
1506615724,22474836,301.87,0.49858300,1
1506615720,22474832,301.87,1.00000000,1
1506615715,22474830,301.87,1.00000000,1
1506615712,22474829,301.87,1.00000000,1
1506615709,22474828,301.87,5.50000000,0
1506615570,22474771,301.65,0.09683408,0
1506615529,22474750,301.74,86.50300000,1
1506615528,22474749,301.74,7.99700000,0
1506615528,22474748,301.68,5.50000000,0
1506615494,22474737,300.85,34.00000000,1
1506615486,22474731,300.85,18.73694531,1
1506615486,22474730,300.88,0.60362909,1
1506615486,22474729,301.00,0.32042709,1
1506615486,22474728,301.00,0.32042709,1
1506615486,22474727,301.00,0.01857142,1
1506615450,22474709,301.28,1.00000000,1
1506615449,22474708,301.27,1.00000000,1
1506615445,22474704,301.27,29.99999900,1
1506615443,22474703,301.27,0.16556300,1
1506615435,22474695,301.27,4.54000000,1
1506615430,22474680,301.24,3.43605764,1
1506615430,22474679,301.40,0.27378399,1
1506615430,22474678,301.53,0.27366618,1
1506615429,22474677,301.59,1.62212637,1
1506615429,22474676,301.59,0.26400000,1
1506615429,22474675,301.79,0.27343088,1
1506615429,22474674,301.81,0.27341280,1
1506615427,22474671,301.88,0.09947661,1
1506615427,22474670,301.88,0.19905260,1
1506615328,22474581,302.64,0.50000000,0
1506615328,22474580,302.63,5.50000000,0
1506615316,22474572,302.64,5.00000000,0
1506615290,22474555,302.06,0.36405774,1
1506615287,22474551,302.68,9.91142460,0
1506615223,22474485,301.88,5.50000000,1
1506615212,22474475,302.99,19.80035900,0
1506615212,22474474,302.91,10.19964100,0
1506615211,22474473,302.99,24.72546400,0
1506615211,22474472,302.98,0.49000000,0
1506615191,22474455,302.76,10.48715300,0
1506615177,22474452,302.79,0.27228347,0
1506615175,22474451,302.99,16.89286775,0
1506615175,22474450,302.98,0.58000000,1
1506615175,22474449,302.98,1.98032873,1
1506615175,22474448,302.98,10.69575400,1
1506615174,22474447,302.94,0.26490000,1
1506615174,22474446,302.93,0.27399266,0
1506615173,22474445,302.88,0.14550128,0
1506615173,22474444,302.72,0.02200000,0
1506615173,22474443,302.71,0.24096961,0
1506615173,22474442,302.71,0.03322244,0
1506615172,22474441,302.65,0.27424473,0
1506615172,22474440,302.55,0.27433811,0
1506615172,22474439,302.47,0.27438510,0
1506615171,22474438,302.45,2.00000000,0
1506615171,22474437,302.40,1.59026602,0
1506615171,22474436,302.40,0.89572100,1
1506615169,22474435,302.39,2.25015643,0
1506615169,22474434,302.39,17.73672959,1
1506615169,22474433,302.39,5.50000000,1
1506615166,22474431,302.40,0.86820319,0
1506615160,22474428,302.22,0.00159037,0
1506615148,22474418,302.14,0.10915098,0
1506615147,22474415,302.14,0.16556300,0
1506615135,22474387,302.00,0.50000000,0
1506615135,22474385,302.00,0.10000000,0
1506615135,22474384,302.00,2.00000000,0
1506615134,22474383,302.00,2.00000000,0
1506615134,22474382,302.00,0.20000000,0
1506615134,22474380,302.00,0.10000000,0
1506615134,22474379,302.00,0.60000000,0
1506615134,22474378,302.00,0.25000000,0
1506615134,22474377,302.00,0.17430464,0
1506615134,22474376,301.98,0.26567185,0
1506615134,22474375,301.97,0.27486707,0
1506615133,22474374,301.86,0.02290000,0
1506615133,22474373,301.38,0.00000029,0
1506615133,22474372,301.25,0.27552656,0
1506615030,22474270,301.00,0.35311097,0
1506615019,22474262,301.00,0.26490000,0
1506614978,22474241,300.87,0.36467033,1
1506614967,22474236,301.00,0.16523732,0
1506614966,22474235,301.00,38.40300000,0
1506614966,22474234,301.00,2.37020228,0
1506614960,22474223,301.00,0.04982000,0
1506614957,22474218,301.00,17.46733001,0
1506614953,22474215,301.00,0.14934892,0
1506614948,22474213,301.00,0.02000000,0
1506614944,22474210,301.00,5.32042709,0
1506614912,22474187,301.00,0.22191500,0
1506614894,22474166,301.00,30.00000000,0
1506614816,22474126,300.42,3.35211639,1
1506614789,22474108,301.00,0.91713372,0
1506614785,22474106,301.00,0.20312292,0
1506614779,22474105,301.00,1.00000000,0
1506614769,22474104,301.00,0.99747508,0
1506614697,22474058,300.41,0.41087950,1
1506614697,22474057,300.45,1.33689985,1
1506614697,22474056,300.45,3.66310015,1
1506614660,22474045,301.00,1.04640000,0
1506614653,22474043,301.00,1.09568518,0
1506614653,22474042,300.46,0.24120282,0
1506614642,22474038,300.46,0.25638600,0
1506614632,22474033,300.98,0.27424473,0
1506614630,22474030,300.98,9.72178248,1
1506614630,22474029,300.98,9.55012300,1
1506614629,22474028,300.96,0.19969370,0
1506614629,22474027,300.83,0.27590763,0
1506614629,22474026,300.82,0.23941228,0
1506614580,22474015,300.82,0.25058772,1
1506614579,22474014,300.82,0.23941228,0
1506614579,22474013,300.80,1.00000000,0
1506614576,22474009,300.22,0.26567185,1
1506614574,22474007,300.82,0.23941228,0
1506614561,22473981,300.54,0.33345400,1
1506614555,22473979,300.54,0.79182789,0
1506614547,22473973,300.21,0.25143000,1
1506614542,22473969,300.44,1.00000000,0
1506614530,22473952,300.44,1.00000000,0
1506614529,22473951,300.44,0.53000000,0
1506614529,22473950,300.29,0.47000000,0
1506614454,22473909,300.20,16.56815355,0
1506614453,22473908,300.20,4.08794983,0
1506614370,22473825,300.20,49.08826586,0
1506614370,22473824,300.19,1.99873414,0
1506614370,22473823,300.19,0.40000000,0
1506614341,22473815,300.20,40.00000000,0
1506614292,22473808,300.19,0.29994337,0
1506614270,22473804,300.19,1.54428300,0
1506614154,22473747,300.46,2.26296345,0
1506614152,22473742,300.13,1.55522744,0
1506614095,22473714,299.73,4.20817211,1
1506614095,22473713,299.80,0.79182789,1
1506614039,22473667,300.13,5.40000000,1
1506613978,22473631,300.46,0.89346335,0
1506613978,22473630,300.33,0.09999000,0
1506613976,22473629,300.32,1.00000000,0
1506613894,22473559,300.00,10.00000000,0
1506613893,22473557,299.46,1.00000000,1
1506613886,22473548,299.43,1.00000000,1
1506613868,22473523,299.43,15.12675324,1
1506613868,22473522,299.51,2.00324676,1
1506613853,22473504,299.50,15.43400000,1
1506613812,22473478,300.13,2.75217406,0
1506613807,22473477,300.11,1.99926694,0
1506613784,22473459,300.11,7.81866500,0
1506613773,22473438,300.15,1.35143600,0
1506613773,22473437,300.14,6.63000000,0
1506613736,22473404,300.00,0.46488683,1
1506613731,22473396,300.00,1.00000000,1
1506613725,22473388,300.01,0.22930809,1
1506613725,22473387,300.01,1.00000000,1
1506613723,22473383,300.01,0.17419000,1
1506613723,22473382,300.01,0.58886300,1
1506613714,22473375,300.01,0.00100390,1
1506613714,22473374,300.14,1.00000000,1
1506613714,22473373,300.14,0.42970610,1
1506613712,22473335,300.06,0.47000000,0
1506613712,22473334,300.02,0.10029390,0
1506613707,22473330,300.00,18.74506600,0
1506613688,22473308,299.60,1.57615153,0
1506613650,22473262,299.59,1.57615200,0
1506613644,22473258,299.57,0.81654000,0
1506613638,22473252,299.59,1.21000000,0
1506613634,22473249,299.52,1.21400000,0
1506613633,22473246,299.47,5.50000000,0
1506613633,22473245,299.32,0.43000000,0
1506613594,22473236,298.70,0.44994979,0
1506613499,22473163,298.98,1.36747299,0
1506613499,22473162,298.96,2.00695745,0
1506613499,22473161,298.95,12.89377974,0
1506613466,22473131,298.84,0.40368236,0
1506613393,22473069,298.45,0.98292131,0
1506613393,22473068,298.38,0.26730000,0
1506613346,22473054,298.13,0.21364197,0
1506613281,22473028,298.13,2.15730402,1
1506613239,22473005,298.25,0.54763139,0
1506613239,22473004,298.25,0.71865883,1
1506613239,22473003,298.26,0.14000000,1
1506613201,22472978,298.60,0.13654500,0
1506613070,22472921,298.22,1.16100000,1
1506613008,22472888,299.14,0.72120077,1
1506613006,22472885,298.61,0.44000000,0
1506612915,22472785,298.12,7.15845592,0
1506612915,22472784,298.12,9.68800000,1
1506612875,22472764,297.90,3.00000000,1
1506612869,22472763,297.80,6.09638061,0
1506612869,22472762,297.84,4.88370495,0
1506612868,22472761,297.85,5.00000000,0
1506612868,22472759,297.85,0.26730000,0
1506612868,22472756,297.86,0.20000000,0
1506612866,22472755,298.35,0.15183046,1
1506612786,22472711,298.42,0.15142579,0
1506612776,22472699,298.43,0.15142579,0
1506612732,22472668,298.40,0.65200000,0
1506612720,22472660,298.43,1.25201665,0
1506612720,22472659,298.42,0.17000000,0
1506612716,22472650,297.91,5.84870200,0
1506612714,22472648,297.91,8.50900000,1
1506612709,22472640,297.88,0.11700000,0
1506612705,22472632,297.89,1.08330000,0
1506612693,22472630,297.98,3.44186000,0
1506612690,22472629,297.98,0.02200000,0
1506612690,22472628,297.98,0.02200000,0
1506612687,22472625,297.82,47.93822350,0
1506612687,22472624,297.96,0.10000000,1
1506612685,22472623,297.98,5.00000000,0
1506612684,22472622,298.00,0.02531140,1
1506612684,22472621,298.03,5.00000000,1
1506612684,22472620,298.03,0.25015733,1
1506612683,22472619,298.07,0.10000000,1
1506612683,22472618,298.46,0.10000000,1
1506612683,22472617,298.57,0.10000000,1
1506612683,22472616,298.66,0.49758882,1
1506612659,22472602,298.68,0.05000000,1
1506612658,22472601,298.68,0.05000000,1
1506612658,22472600,298.68,0.05000000,1
1506612655,22472595,298.69,4.66562298,0
1506612653,22472593,298.69,0.33442100,0
1506612651,22472589,298.68,0.05000000,1
1506612650,22472588,298.68,0.05000000,1
1506612650,22472586,298.68,0.05000000,1
1506612637,22472573,298.78,0.24327309,0
1506612561,22472430,298.70,1.85727154,0
1506612560,22472429,298.72,5.00000000,1
1506612560,22472428,298.91,0.10000000,1
1506612560,22472427,298.94,0.06318896,1
1506612524,22472383,298.94,1.82200000,1
1506612523,22472382,298.94,0.12150000,1
1506612498,22472344,299.60,4.73695750,0
1506612498,22472343,299.59,0.21000000,0
1506612498,22472342,299.01,8.87349250,0
1506612496,22472341,299.02,0.26700000,1
1506612496,22472340,299.02,0.10000000,1
1506612496,22472339,299.15,20.75950750,1
1506612495,22472338,299.15,1.49000000,1
1506612495,22472337,299.16,28.51000000,1
1506612494,22472336,299.60,12.41398300,0
1506612492,22472332,299.60,1.57615153,0
1506612491,22472331,299.60,1.03375300,0
1506612491,22472330,299.60,10.33593100,0
1506612480,22472318,299.15,24.71840157,1
1506612479,22472317,299.15,0.00569080,1
1506612479,22472316,299.16,0.27590763,1
1506612464,22472303,299.15,2.00000000,1
1506612442,22472273,299.60,8.53499500,0
1506612442,22472272,299.59,0.24000000,0
1506612421,22472252,299.08,60.11038139,1
1506612378,22472202,299.18,0.05000000,1
1506612378,22472200,299.18,0.05000000,1
1506612378,22472199,299.18,0.05000000,1
1506612378,22472198,299.18,0.05000000,1
1506612369,22472191,299.18,0.05000000,1
1506612369,22472190,299.18,0.05000000,1
1506612369,22472189,299.31,0.10000000,1
1506612333,22472141,299.60,4.79021300,0
1506612333,22472140,299.59,0.29000000,0
1506612233,22472019,299.59,0.26530000,0
1506612233,22472018,299.59,2.00273707,0
1506612233,22472017,299.59,0.34000000,0
1506612233,22472016,299.58,0.24668410,0
1506612181,22471936,299.34,1.97300600,1
1506612148,22471910,299.32,0.25225100,1
1506612136,22471904,299.32,0.70121200,1
1506612087,22471867,299.33,0.24668410,1
1506612087,22471866,299.42,0.10029390,1
1506612040,22471835,299.41,0.10000000,1
1506612034,22471825,299.42,0.10000000,1
1506612034,22471824,299.49,0.27552656,1
1506612034,22471823,299.63,0.05000000,1
1506612034,22471822,299.63,0.05000000,1
1506612033,22471821,299.63,0.05000000,1
1506612033,22471820,299.63,0.05000000,1
1506612033,22471819,299.63,0.05000000,1
1506612033,22471818,299.63,0.05000000,1
1506612033,22471817,299.66,0.10000000,1
1506612030,22471816,299.77,0.10000000,1
1506611951,22471749,299.79,5.50000000,1
1506611951,22471748,299.96,0.10000000,1
1506611913,22471724,300.03,0.09999000,1
1506611769,22471607,300.94,1.12630424,0
1506611769,22471605,300.67,0.09991002,0
1506611767,22471604,300.66,0.09981356,0
1506611751,22471598,300.03,23.28842872,1
1506611750,22471597,300.03,0.05000000,1
1506611750,22471596,300.03,0.05000000,1
1506611750,22471595,300.03,0.05000000,1
1506611750,22471593,300.03,0.05000000,1
1506611750,22471592,300.03,0.05000000,1
1506611750,22471591,300.03,0.05000000,1
1506611750,22471590,300.07,0.09991002,1
1506611750,22471589,300.07,0.08166126,1
1506611750,22471588,300.24,10.23000000,1
1506611701,22471538,300.07,0.01833874,1
1506611701,22471536,300.21,0.03500000,1
1506611701,22471535,300.36,0.19969370,1
1506611700,22471534,300.36,0.09981356,1
1506611661,22471512,301.08,0.35000000,1
1506611658,22471507,301.08,1.06000000,1
1506611630,22471487,301.03,8.68153790,1
1506611630,22471486,301.03,10.20000000,1
1506611629,22471485,300.98,27.82100000,0
1506611629,22471484,300.96,13.29746210,0
1506611609,22471474,300.37,5.53000000,0
1506611559,22471392,300.35,4.36000000,1
1506611559,22471391,300.36,0.26530000,1
1506611558,22471390,300.37,13.29746210,1
1506611498,22471336,300.81,3.82490500,1
1506611497,22471335,300.81,30.00000000,1
1506611475,22471325,300.81,15.00000000,1
1506611449,22471307,300.81,0.34923800,1
1506611401,22471286,300.81,0.28000000,1
1506611387,22471280,300.71,0.33000000,1
1506611377,22471273,300.67,0.39000000,1
1506611368,22471269,300.68,2.55946000,1
1506611312,22471215,301.09,0.00306235,1
1506611247,22471173,301.09,0.60940705,1
1506611245,22471162,301.09,1.20064560,1
1506611243,22471160,301.09,4.00036700,0
1506611239,22471151,301.09,1.81312000,0
1506611231,22471139,301.09,4.00036700,0
1506611230,22471137,301.09,5.18614600,0
1506611230,22471136,301.00,0.00000500,0
1506611216,22471125,301.00,0.49999500,0
1506611207,22471111,300.46,2.39188330,1
1506611207,22471110,300.46,2.54597090,1
1506611205,22471108,300.46,1.84402910,1
1506611105,22471059,300.46,1.26544500,1
1506611058,22471029,300.62,0.41536797,1
1506611048,22471008,300.64,3.82330350,1
1506611034,22470971,300.99,7.91230100,0
1506611033,22470970,300.62,0.47000000,0
1506611000,22470929,300.89,0.55859810,1
1506610999,22470927,300.89,0.26500000,1
1506610999,22470926,300.89,0.00000024,1
1506610999,22470925,300.89,12.84130800,1
1506610992,22470908,300.51,0.47000000,1
1506610951,22470884,300.51,0.27000000,1
1506610864,22470754,300.42,6.63000000,1
1506610842,22470730,300.36,6.63000000,0
1506610827,22470712,301.00,0.50000000,0
1506610823,22470709,300.95,0.05084800,0
1506610809,22470701,300.29,6.26215624,0
1506610808,22470700,300.32,0.36784376,1
1506610807,22470698,300.32,4.63215624,1
1506610807,22470697,300.32,1.99784376,1
1506610601,22470534,301.09,1.00000000,1
1506610598,22470528,301.08,1.99282583,0
1506610598,22470527,301.07,13.29746210,0
1506610518,22470448,300.66,0.32800000,0
1506610465,22470408,300.30,0.47803000,0
1506610463,22470406,300.09,0.18904053,0
1506610463,22470405,300.21,0.27486707,1
1506610462,22470404,300.32,0.10000000,1
1506610462,22470403,300.38,0.05000000,1
1506610462,22470402,300.38,0.05000000,1
1506610462,22470401,300.38,0.05000000,1
1506610462,22470400,300.38,0.05000000,1
1506610461,22470399,300.38,0.05000000,1
1506610461,22470398,300.38,0.05000000,1
1506610461,22470397,300.46,0.27463882,1
1506610460,22470396,300.50,5.30645236,1
1506610442,22470376,300.50,0.40079008,1
1506610377,22470327,300.50,4.29275756,1
1506610377,22470326,300.51,9.14000000,1
1506610376,22470325,300.52,0.10000000,1
1506610376,22470324,300.68,0.05000000,1
1506610376,22470323,300.68,0.05000000,1
1506610376,22470322,300.68,0.05000000,1
1506610376,22470321,300.68,0.05000000,1
1506610376,22470320,300.68,0.05000000,1
1506610376,22470319,300.68,0.05000000,1
1506610376,22470318,300.72,1.99203848,1
1506610375,22470317,300.73,13.27436210,1
1506610371,22470311,300.93,0.05000000,1
1506610371,22470310,300.93,0.05000000,1
1506610359,22470299,300.93,0.05000000,1
1506610359,22470298,300.93,0.05000000,1
1506610359,22470297,300.93,0.05000000,1
1506610359,22470296,300.93,0.05000000,1
1506610359,22470295,301.05,0.74850000,1
1506610349,22470288,301.06,1.00000000,1
1506610341,22470281,301.13,0.05000000,1
1506610341,22470280,301.13,0.05000000,1
1506610341,22470279,301.13,0.05000000,1
1506610341,22470278,301.13,0.05000000,1
1506610340,22470277,301.13,0.05000000,1
1506610340,22470276,301.13,0.05000000,1
1506610340,22470275,301.28,0.02700000,1
1506610332,22470269,301.28,0.02300000,1
1506610328,22470266,301.28,0.05000000,1
1506610328,22470265,301.28,0.05000000,1
1506610328,22470264,301.28,0.05000000,1
1506610328,22470263,301.28,0.05000000,1
1506610321,22470255,301.28,0.05000000,1
1506610284,22470229,300.86,0.02310000,1
1506610273,22470222,301.38,1.95554700,0
1506610263,22470214,301.99,40.11530183,0
1506610263,22470213,301.61,1.98932396,0
1506610261,22470208,301.38,5.90032199,1
1506610261,22470207,301.38,0.03327572,0
1506610247,22470201,300.62,0.02310000,1
1506610217,22470175,300.88,0.15326228,0
1506610217,22470174,300.88,0.03327572,1
1506610217,22470173,300.88,0.03500000,1
1506610215,22470164,300.89,0.02320000,1
1506610213,22470162,300.88,0.23000000,1
1506610186,22470124,301.94,1.24365768,0
1506610183,22470098,301.97,6.63000000,0
1506610178,22470091,301.97,6.63000000,0
1506610161,22470039,301.69,0.99526019,0
1506610138,22470022,300.58,0.02330000,1
1506610113,22470000,301.07,0.00171072,1
1506610113,22469998,301.17,0.27399266,1
1506610106,22469987,301.77,2.00003314,1
1506610077,22469968,301.12,9.96100000,1
1506610040,22469952,302.00,0.27569536,0
1506610040,22469951,302.00,3.00000000,0
1506610040,22469950,302.00,1.00000000,0
1506610039,22469949,301.93,2.06632231,1
1506610039,22469948,301.35,0.26500000,0
1506610038,22469947,301.00,0.00003241,0
1506610017,22469919,301.00,0.06476130,0
1506609949,22469899,300.67,1.00000000,1
1506609927,22469887,301.93,0.93854839,0
1506609927,22469885,301.93,0.00282875,0
1506609927,22469884,301.36,0.02662368,0
1506609925,22469882,301.35,0.02662456,0
1506609920,22469877,301.31,0.96337190,1
1506609917,22469876,301.31,1.50000000,1
1506609916,22469874,301.31,0.02662810,0
1506609914,22469873,300.58,2.81137364,1
1506609914,22469872,300.58,1.36337200,1
1506609914,22469871,300.81,0.02662810,1
1506609914,22469870,300.85,0.02662456,1
1506609914,22469869,300.86,0.02662368,1
1506609902,22469831,300.86,0.41903998,1
1506609897,22469829,301.78,0.99499635,0
1506609874,22469825,300.85,0.64728233,1
1506609858,22469804,300.67,0.10000000,1
1506609858,22469803,300.79,0.27433811,1
1506609858,22469802,300.81,0.26500000,1
1506609854,22469801,301.78,0.27356152,0
1506609851,22469799,301.78,1.22559480,0
1506609850,22469798,301.70,0.27511306,0
1506609850,22469796,301.69,0.27512316,0
1506609850,22469793,301.68,6.05600000,0
1506609850,22469791,301.68,0.26000000,0
1506609849,22469790,301.50,0.03317608,0
1506609849,22469789,301.46,0.10000000,0
1506609849,22469788,301.39,8.12386000,1
1506609847,22469786,301.39,0.49758882,0
1506609841,22469775,301.33,2.24838103,0
1506609798,22469754,301.09,0.65453557,1
1506609797,22469753,301.09,3.40829500,1
1506609767,22469720,301.08,1.16000000,0
1506609766,22469717,301.10,4.06284067,1
1506609746,22469683,301.30,1.16254302,0
1506609746,22469682,301.11,0.00004998,0
1506609741,22469678,301.11,0.09995002,0
1506609730,22469654,301.08,0.24096961,1
1506609729,22469653,301.08,0.03322244,0
1506609723,22469646,300.97,0.27577492,0
1506609723,22469645,300.81,0.10000000,0
1506609723,22469644,300.79,0.03325452,0
1506609694,22469606,300.78,0.17991489,0
1506609660,22469545,300.78,0.00008434,0
1506609660,22469544,300.78,7.00991566,0
1506609657,22469538,300.76,2.48235100,0
1506609644,22469493,300.78,3.16427168,0
1506609644,22469490,300.70,1.36337732,0
1506609639,22469485,300.69,6.33131000,0
1506609635,22469478,300.47,30.00000000,1
1506609635,22469477,300.21,5.21850340,0
1506609635,22469476,300.21,0.10000000,1
1506609635,22469475,300.27,10.18000000,1
1506609634,22469474,300.27,13.29746210,1
1506609634,22469473,300.41,0.10000000,1
1506609634,22469472,300.46,1.10403450,1
1506609631,22469464,300.70,1.00000000,0
1506609621,22469448,300.69,0.10000038,0
1506609620,22469447,300.69,1.00000000,0
1506609618,22469443,300.70,0.16732268,0
1506609618,22469442,300.70,6.58846027,0
1506609618,22469440,300.70,0.21036905,0
1506609571,22469398,300.56,0.10000000,1
1506609508,22469353,300.68,3.64616000,1
1506609498,22469346,300.67,1.96521406,0
1506609498,22469345,300.56,0.00004998,0
1506609413,22469260,300.43,3.08586160,0
1506609389,22469237,300.44,1.20701658,0
1506609388,22469234,300.44,1.20710799,0
1506609386,22469231,300.44,1.20706060,0
1506609385,22469227,300.44,1.20701640,0
1506609383,22469224,300.44,1.20697669,0
1506609381,22469221,300.43,1.20693757,0
1506609352,22469210,300.09,1.79457723,1
1506609338,22469197,300.09,30.00000000,1
1506609338,22469196,300.09,28.00059181,1
1506609338,22469194,300.09,1.99940819,1
1506609320,22469180,300.56,0.09995002,0
1506609317,22469167,300.54,1.20720083,0
1506609306,22469151,300.36,0.10000000,0
1506609287,22469137,300.21,0.10000000,0
1506609271,22469124,299.93,1.00000000,1
1506609265,22469123,299.93,5.50000000,1
1506609247,22469105,300.20,3.00000000,0
1506609195,22469069,300.20,10.18000000,0
1506609178,22469049,300.12,1.99920032,0
1506609178,22469048,300.11,0.27656798,0
1506609178,22469047,300.00,0.55358237,0
1506609178,22469046,300.00,0.13327702,0
1506609161,22469019,299.99,1.37873485,0
1506609144,22468987,299.87,8.38519400,0
1506609142,22468983,299.98,0.00000038,1
1506609135,22468973,299.98,6.76849454,1
1506609135,22468972,299.99,0.00004146,1
1506609131,22468968,299.99,1.00000000,1
1506609131,22468967,299.99,1.00000000,1
1506609129,22468963,299.98,0.22027100,1
1506609123,22468954,299.97,1.37873500,0
1506609098,22468890,300.00,2.86672298,0
1506609098,22468889,299.97,0.68685902,0
1506609096,22468885,299.97,1.31334100,0
1506609094,22468884,299.96,1.31024251,0
1506609094,22468883,299.50,0.00314149,0
1506609051,22468806,299.08,12.27371895,1
1506609051,22468805,299.09,2.18000000,1
1506609013,22468743,298.94,2.99503394,1
1506609013,22468742,298.95,2.00496606,1
1506609008,22468728,298.94,5.00000000,1
1506609003,22468715,298.92,5.00000000,1
1506608980,22468705,299.00,5.00000000,0
1506608932,22468666,298.91,6.57000000,1
1506608893,22468607,299.50,2.23609000,0
1506608892,22468606,299.50,73.62867200,0
1506608892,22468605,299.50,3.06626100,0
1506608892,22468603,299.49,0.78000000,0
1506608868,22468581,299.50,77.70000000,0
1506608866,22468578,299.50,9.08000000,0
1506608866,22468577,299.49,0.92000000,0
1506608857,22468571,299.50,76.61000000,0
1506608857,22468570,299.49,1.09000000,0
1506608843,22468557,299.50,3.30910851,0
1506608843,22468556,299.49,1.30000000,0
1506608833,22468531,299.50,6.00000000,0
1506608827,22468513,299.50,77.70000000,0
1506608826,22468511,299.50,41.71553500,0
1506608826,22468509,299.50,2.05815200,0
1506608826,22468508,299.50,6.92061800,0
1506608825,22468501,299.50,0.75797300,0
1506608825,22468499,299.49,1.54000000,0
1506608823,22468489,299.50,11.10590000,0
1506608816,22468455,299.50,0.60167900,0
1506608814,22468454,299.50,0.78360200,0
1506608814,22468452,299.49,1.18000000,0
1506608810,22468443,299.50,6.56313100,0
1506608807,22468439,299.50,77.70000000,0
1506608806,22468438,299.50,0.58919500,0
1506608806,22468437,299.49,1.40000000,0
1506608806,22468436,299.30,0.00042100,0
1506608801,22468431,299.30,3.77000000,0
1506608801,22468430,299.30,1.22957900,0
1506608793,22468422,299.50,30.00000000,0
1506608791,22468421,299.50,1.00000000,0
1506608791,22468420,299.50,3.33656000,0
1506608791,22468419,299.49,1.67000000,0
1506608783,22468359,299.00,4.00000000,0
1506608782,22468353,299.00,1.00000000,0
1506608778,22468319,299.50,1.29438200,0
1506608778,22468317,299.49,1.25000000,0
1506608770,22468302,299.50,1.00000000,0
1506608769,22468300,299.50,1.00000000,0
1506608764,22468294,299.50,76.22000000,0
1506608764,22468293,299.49,1.48000000,0
1506608755,22468282,299.39,5.58189900,0
1506608755,22468281,299.37,0.23000000,0
1506608754,22468277,299.39,19.72415356,0
1506608754,22468276,299.38,0.26700000,0
1506608738,22468261,299.39,8.35941905,0
1506608737,22468260,299.39,1.95310000,0
1506608737,22468259,299.38,1.76000000,0
1506608737,22468258,298.97,0.86690000,0
1506608737,22468257,298.64,0.42000000,0
1506608624,22468148,298.96,0.76658082,0
1506608609,22468119,298.97,0.13310000,1
1506608603,22468114,299.00,6.63821962,0
1506608603,22468113,298.99,3.70000000,0
1506608594,22468099,298.97,0.06690000,1
1506608586,22468088,298.97,0.20020000,0
1506608572,22468059,299.00,0.13668700,0
1506608570,22468058,298.99,1.46124900,0
1506608560,22468045,298.99,0.13700000,0
1506608554,22468038,298.99,2.28632500,1
1506608552,22468030,298.97,2.58954700,0
1506608538,22467976,298.94,10.17000000,0
1506608529,22467965,298.16,23.83000000,1
1506608529,22467964,298.17,10.17000000,1
1506608519,22467952,298.98,1.00200000,0
1506608503,22467936,298.01,1.85800562,1
1506608503,22467935,298.11,0.08360865,1
1506608499,22467930,298.11,1.54187273,1
1506608493,22467924,298.14,0.23000000,1
1506608493,22467923,298.16,2.25241441,1
1506608489,22467917,299.28,0.27577492,0
1506608484,22467906,299.50,27.12271348,0
1506608484,22467904,299.49,2.17000000,0
1506608484,22467902,299.48,0.43000000,0
1506608483,22467901,299.33,0.27728652,0
1506608480,22467888,298.99,3.67627273,1
1506608479,22467887,299.00,0.14534555,1
1506608464,22467853,298.99,0.45000000,0
1506608464,22467852,298.97,2.00689032,0
1506608464,22467851,298.00,3.37508695,0
1506608462,22467841,297.76,1.43062324,1
1506608462,22467839,297.77,0.20710000,1
1506608447,22467818,297.73,0.13431617,1
1506608447,22467816,297.72,0.27728652,1
1506608447,22467815,297.72,0.10000000,1
1506608446,22467814,298.99,0.12000000,0
1506608437,22467802,297.72,1.10436683,1
1506608434,22467796,297.72,0.27471398,1
1506608431,22467793,297.72,2.38091919,1
1506608431,22467791,297.72,0.27727394,1
1506608431,22467789,298.36,0.27656798,1
1506608430,22467788,298.88,0.26700000,1
1506608427,22467776,299.02,2.13241441,0
1506608427,22467775,299.02,2.70758559,0
1506608425,22467770,299.02,4.74000000,0
1506608425,22467766,299.01,0.57902815,1
1506608419,22467746,299.00,0.10000000,0
1506608419,22467742,298.98,0.28087330,1
1506608417,22467733,299.50,13.29746210,0
1506608417,22467730,300.52,0.27471398,1
1506608416,22467728,300.70,3.10419058,1
1506608416,22467726,300.70,1.74369314,1
1506608416,22467724,300.70,1.34064116,1
1506608416,22467723,300.78,1.40014549,1
1506608416,22467721,300.78,3.39227938,1
1506608415,22467717,300.78,1.91668501,1
1506608415,22467708,300.70,0.10000000,1
1506608414,22467707,300.70,0.10000000,1
1506608414,22467704,300.78,1.44642477,0
1506608414,22467703,300.77,1.99487981,0
1506608414,22467700,300.70,0.10000000,1
1506608413,22467699,300.70,0.10000000,1
1506608413,22467698,300.70,0.10000000,1
1506608413,22467697,300.70,0.10000000,1
1506608413,22467696,300.70,0.10000000,1
1506608412,22467690,300.70,0.27334041,1
1506608412,22467688,300.70,0.10000000,1
1506608412,22467687,300.70,0.10000000,1
1506608411,22467681,300.70,0.60844583,1
1506608411,22467678,300.70,1.54710573,1
1506608411,22467677,300.70,2.01552938,1
1506608411,22467673,300.78,6.96500027,0
1506608411,22467672,300.78,0.92150561,0
1506608411,22467671,300.76,4.84000000,0
1506608410,22467668,300.70,1.91570067,1
1506608409,22467654,300.70,0.27469756,1
1506608409,22467651,300.70,1.20092468,1
1506608408,22467641,300.78,70.86844205,0
1506608407,22467639,300.70,4.84000000,1
1506608407,22467638,300.70,6.48000000,1
1506608407,22467637,300.70,0.40000000,1
1506608407,22467628,300.65,0.27606933,0
1506608406,22467620,300.52,0.27618921,0
1506608406,22467611,300.50,6.48000000,1
1506608406,22467608,300.50,0.58000000,1
1506608406,22467604,300.50,2.92000000,0
1506608405,22467598,300.00,1.91485780,1
1506608405,22467594,300.00,5.00955010,0
1506608405,22467590,300.00,2.30106637,0
1506608404,22467586,300.00,2.79938724,0
1506608402,22467570,300.00,0.27511306,1
1506608402,22467568,300.00,4.48784756,1
1506608402,22467566,300.00,4.66707081,1
1506608402,22467564,300.00,9.06471486,1
1506608401,22467553,300.00,10.11000000,1
1506608400,22467544,300.00,0.70140151,0
1506608399,22467532,300.00,0.08988494,0
1506608399,22467528,299.50,0.02671572,0
1506608398,22467523,298.96,0.27763596,0
1506608398,22467520,298.27,0.27827134,0
1506608398,22467519,297.40,0.11961980,0
1506608397,22467516,297.40,0.15938340,0
1506608397,22467511,297.39,0.42000000,0
1506608395,22467498,296.00,1.38635204,1
1506608395,22467496,296.00,0.02357827,1
1506608395,22467494,296.80,11.88753179,1
1506608394,22467487,296.79,2.10000000,1
1506608394,22467483,296.50,0.02698649,0
1506608394,22467480,296.40,0.02699561,1
1506608394,22467477,294.52,10.00000000,0
1506608394,22467475,294.52,4.13797611,0
1506608394,22467473,294.52,0.77848838,0
1506608394,22467471,294.52,1.65605109,0
1506608393,22467470,294.52,0.49318791,0
1506608393,22467469,294.52,0.60778899,0
1506608393,22467468,294.52,1.39207987,0
1506608393,22467467,294.52,0.19866889,0
1506608393,22467466,294.52,30.50271315,0
1506608392,22467459,294.52,0.07668000,1
1506608391,22467457,294.58,0.10000000,1
1506608391,22467456,294.61,0.02332000,1
1506608390,22467451,295.00,0.55358237,1
1506608390,22467450,295.00,10.15145301,1
1506608390,22467449,295.00,0.02500000,1
1506608390,22467447,295.00,1.50000000,1
1506608390,22467445,295.00,0.04450000,1
1506608390,22467444,295.00,2.33000000,1
1506608389,22467443,295.00,0.10000000,1
1506608389,22467441,295.00,3.00000000,1
1506608389,22467440,295.00,1.50000000,1
1506608389,22467438,295.00,8.00000000,1
1506608389,22467436,295.00,0.90000000,1
1506608389,22467435,295.00,0.35000000,1
1506608389,22467434,295.00,2.00000000,1
1506608389,22467432,295.00,0.25000000,1
1506608388,22467429,295.00,0.12000000,1
1506608388,22467426,295.00,0.40000000,1
1506608388,22467424,295.00,0.45000000,1
1506608388,22467423,295.00,0.20000000,1
1506608388,22467422,295.00,4.94671533,1
1506608388,22467420,295.00,0.75000000,0
1506608388,22467419,295.00,3.77000000,0
1506608387,22467417,295.00,0.02699561,0
1506608387,22467415,295.00,0.02357829,0
1506608387,22467414,295.00,1.43000000,0
1506608387,22467413,295.00,6.48000000,0
1506608387,22467412,295.00,6.55843700,0
1506608387,22467410,295.00,8.00000000,0
1506608387,22467409,295.00,5.98078000,0
1506608387,22467408,295.00,13.28112300,0
1506608387,22467407,295.00,8.73000000,0
1506608386,22467405,295.00,16.31168100,0
1506608386,22467401,295.00,6.45258300,0
1506608386,22467399,295.00,2.04233600,0
1506608386,22467397,295.00,9.16200000,0
1506608386,22467395,295.00,1.00000000,0
1506608386,22467394,295.00,1.19830600,0
1506608386,22467392,295.00,6.26747800,0
1506608386,22467391,295.00,9.37681200,0
1506608385,22467390,295.00,2.07064200,0
1506608385,22467389,295.00,18.92366200,0
1506608385,22467388,295.00,1.39575700,0
1506608385,22467385,295.00,4.99058100,0
1506608385,22467384,295.00,1.77081000,0
1506608385,22467383,295.00,5.12581600,0
1506608385,22467380,295.00,2.07130400,0
1506608385,22467378,295.00,1.58575600,0
1506608384,22467376,295.00,11.49710900,0
1506608384,22467375,295.00,5.12581600,0
1506608384,22467373,295.00,26.15926500,0
1506608384,22467372,295.00,3.59142500,0
1506608384,22467371,295.00,6.13251100,0
1506608384,22467370,295.00,3.66805400,0
1506608384,22467369,295.00,2.68415700,0
1506608384,22467367,295.00,2.57368200,0
1506608383,22467366,295.00,6.26128000,0
1506608383,22467364,295.00,0.47640990,0
1506608383,22467362,295.00,0.41382500,0
1506608383,22467361,295.00,1.60235400,0
1506608383,22467359,295.00,8.44946910,0
1506608383,22467358,295.00,2.88408390,0
1506608383,22467357,295.00,16.64026800,0
1506608383,22467355,295.00,0.48908485,0
1506608379,22467339,295.00,4.56000000,1
1506608379,22467335,295.75,0.44000000,1
1506608379,22467332,295.90,8.33000000,0
1506608378,22467330,295.90,1.10932300,0
1506608378,22467325,295.90,7.65800000,0
1506608378,22467322,295.90,8.92499100,0
1506608377,22467320,295.90,1.10068200,0
1506608377,22467317,295.90,9.06860810,1
1506608377,22467315,295.90,5.45507664,1
1506608377,22467312,295.90,5.61391336,1
1506608376,22467309,295.90,0.89052851,1
1506608375,22467301,295.90,10.00000000,1
1506608375,22467300,295.90,0.34795249,1
1506608375,22467298,295.90,0.46621000,1
1506608375,22467297,295.90,0.50000000,0
1506608374,22467296,295.94,6.48000000,0
1506608372,22467288,295.00,30.00000000,1
1506608372,22467286,295.00,10.49328467,1
1506608372,22467285,295.00,1.00000000,1
1506608372,22467284,295.00,1.00000000,1
1506608372,22467283,295.00,4.38440300,0
1506608372,22467282,295.00,1.40094600,0
1506608372,22467280,295.00,5.61866500,0
1506608372,22467279,295.00,1.65455300,0
1506608372,22467278,295.00,1.73319000,0
1506608371,22467272,295.01,0.04606624,1
1506608371,22467269,295.46,0.02326000,1
1506608370,22467268,295.46,0.27900320,0
1506608370,22467267,295.46,0.06750000,0
1506608370,22467265,295.46,0.40845049,0
1506608370,22467264,295.46,1.01385603,0
1506608370,22467258,295.79,0.06247944,1
1506608369,22467254,295.79,0.02698649,0
1506608369,22467253,295.79,6.48000000,0
1506608369,22467251,295.80,0.05000000,1
1506608369,22467248,295.90,0.05000000,1
1506608369,22467247,295.90,0.04685918,0
1506608368,22467245,296.00,0.02500000,1
1506608368,22467244,296.00,15.00000000,1
1506608368,22467242,296.00,0.30000000,1
1506608368,22467241,296.00,0.05000000,1
1506608367,22467236,296.30,63.14685006,1
1506608367,22467235,296.30,0.70000000,1
1506608367,22467233,296.30,80.59014995,1
1506608367,22467231,296.30,6.71049859,0
1506608366,22467228,296.31,0.02319000,1
1506608366,22467220,296.38,0.02901680,1
1506608366,22467217,296.38,0.45311736,0
1506608366,22467213,296.54,0.27827134,1
1506608365,22467212,297.00,2.20290356,1
1506608365,22467211,297.00,8.95285240,0
1506608365,22467209,297.00,0.76000000,0
1506608365,22467207,297.00,3.00000000,1
1506608364,22467206,297.00,0.79709644,1
1506608364,22467205,297.00,0.60000000,1
1506608364,22467204,297.00,0.02500000,1
1506608364,22467201,297.00,1.50000000,1
1506608364,22467200,297.00,0.14000000,1
1506608364,22467198,297.00,0.60000000,1
1506608364,22467197,297.00,0.70000000,1
1506608364,22467196,297.00,0.50000000,1
1506608363,22467193,297.16,0.02312000,1
1506608363,22467191,297.16,3.79000000,0
1506608363,22467190,297.21,0.27763596,1
1506608362,22467187,297.30,0.43000000,1
1506608362,22467185,297.92,1.00000000,1
1506608362,22467184,297.94,0.04561321,1
1506608361,22467182,298.00,0.02500000,1
1506608361,22467181,298.00,0.30000000,1
1506608361,22467180,298.01,0.02305000,1
1506608360,22467178,298.04,0.86000000,1
1506608360,22467177,298.04,4.28000000,1
1506608360,22467176,298.38,0.02882231,1
1506608359,22467175,298.77,0.27618921,1
1506608359,22467171,298.86,0.02298000,1
1506608359,22467169,298.86,0.02671572,0
1506608359,22467165,298.88,20.00000000,1
1506608358,22467164,298.90,0.27606933,1
1506608358,22467163,298.90,1.34197384,0
1506608358,22467162,299.00,0.02500000,1
1506608358,22467161,299.00,0.13000000,1
1506608358,22467160,299.00,0.07400000,1
1506608357,22467159,299.00,0.10000000,1
1506608357,22467157,299.40,8.85173398,1
1506608357,22467156,299.40,1.31035234,1
1506608357,22467155,299.40,6.56840800,1
1506608356,22467154,299.49,0.01680000,1
1506608355,22467149,299.50,0.68983241,1
1506608355,22467147,299.50,0.31016759,1
1506608355,22467146,299.50,0.97822541,1
1506608354,22467145,299.50,0.02177459,1
1506608354,22467143,299.71,0.02291000,1
1506608354,22467141,299.80,0.37000000,1
1506608353,22467136,299.98,6.71049859,0
1506608353,22467134,299.82,13.28112000,0
1506608352,22467129,299.80,1.09890500,1
1506608352,22467127,299.80,4.93109500,1
1506608352,22467123,299.80,2.77000000,1
1506608352,22467122,299.80,1.13000000,1
1506608351,22467118,299.82,5.61313316,1
1506608351,22467117,299.82,1.50000000,1
1506608351,22467114,299.82,6.16799000,1
1506608340,22467073,299.82,0.99400000,1
1506608333,22467056,299.98,1.00000000,0
1506608328,22467053,299.82,0.72487684,1
1506608328,22467052,299.93,0.27512316,1
1506608325,22467050,299.99,0.05935790,0
1506608325,22467049,299.99,0.26590000,0
1506608318,22467034,300.00,0.10000000,1
1506608318,22467033,300.00,10.00000000,1
1506608318,22467031,300.00,59.17488016,1
1506608318,22467030,300.01,0.26590000,1
1506608309,22467001,300.00,49.82511984,1
1506608309,22467000,300.00,40.18488016,1
1506608309,22466999,300.01,9.99000000,1
1506608300,22466993,300.00,0.80060203,1
1506608290,22466965,300.00,0.19937394,1
1506608286,22466957,300.48,0.34197384,0
1506608285,22466956,300.00,0.52500000,1
1506608282,22466948,300.00,0.80062606,1
1506608279,22466937,300.00,22.39325712,1
1506608271,22466920,300.00,0.19937394,1
1506608271,22466919,300.00,0.97732193,1
1506608269,22466915,300.50,0.50600000,0
1506608267,22466910,300.50,0.35883000,0
1506608267,22466909,300.49,0.69000000,0
1506608266,22466907,300.00,5.43667127,1
1506608266,22466906,300.00,0.10000000,1
1506608266,22466905,300.00,6.34364830,1
1506608265,22466904,300.01,5.65635170,1
1506608265,22466903,300.01,1.01610000,1
1506608265,22466902,300.01,0.33658500,1
1506608264,22466901,300.01,7.99096330,1
1506608264,22466900,300.04,0.10000000,1
1506608264,22466899,300.05,3.00968043,1
1506608260,22466893,300.29,0.02267807,1
1506608259,22466892,300.29,0.19937394,1
1506608259,22466891,300.29,0.80062606,1
1506608256,22466889,300.49,5.33996000,0
1506608255,22466885,300.50,0.58465707,0
1506608239,22466848,300.50,1.93423000,0
1506608234,22466842,300.50,1.25108500,0
1506608222,22466815,300.50,0.24259900,0
1506608221,22466809,300.50,1.12093128,0
1506608217,22466807,300.50,19.83587451,0
1506608208,22466789,300.50,2.86476400,0
1506608202,22466771,300.50,12.29284600,0
1506608202,22466767,300.50,1.11673200,0
1506608201,22466765,300.50,0.03942400,0
1506608199,22466764,300.50,6.91859000,0
1506608193,22466753,300.50,1.60000000,0
1506608191,22466745,300.50,16.00000000,0
1506608189,22466740,300.50,6.90672600,0
1506608189,22466734,300.50,8.85973200,0
1506608186,22466723,300.50,9.41754300,0
1506608186,22466722,300.50,1.33931800,0
1506608185,22466721,300.50,19.58245700,0
1506608181,22466715,300.50,12.42664500,0
1506608180,22466713,300.50,2.50880700,0
1506608180,22466712,300.50,2.16790200,0
1506608180,22466711,300.50,8.19000000,0
1506608180,22466710,300.50,11.62901500,0
1506608180,22466709,300.50,1.06491200,0
1506608178,22466708,300.50,8.14000000,0
1506608178,22466707,300.50,8.66091000,0
1506608177,22466706,300.49,0.11000000,0
1506608177,22466702,300.50,1.36972500,0
1506608176,22466701,300.50,2.21263100,0
1506608176,22466700,300.50,1.33101497,0
1506608176,22466699,300.50,0.68775851,0
1506608174,22466692,300.50,17.00000000,0
1506608173,22466691,300.50,2.01730449,0
1506608173,22466690,300.50,0.68775376,0
1506608171,22466685,300.50,0.92801996,0
1506608171,22466683,300.50,0.16272878,0
1506608171,22466682,300.50,1.14744900,0
1506608168,22466674,300.50,3.85255100,0
1506608166,22466669,300.50,1.01748752,0
1506608166,22466668,300.49,0.13000000,0
1506608164,22466659,300.50,0.06610000,0
1506608163,22466658,300.50,2.07550748,0
1506608162,22466653,300.50,0.69856700,0
1506608161,22466651,300.50,1.05617304,0
1506608161,22466650,300.50,2.07400998,0
1506608161,22466649,300.50,1.17125792,0
1506608157,22466638,300.50,155.89238100,0
1506608156,22466637,300.50,6.10446400,0
1506608156,22466636,300.50,2.39379200,0
1506608155,22466635,300.50,14.15880900,0
1506608154,22466634,300.50,16.31168100,0
1506608154,22466633,300.50,1.19255300,0
1506608154,22466632,300.50,8.57091500,0
1506608153,22466631,300.50,2.14683800,0
1506608153,22466630,300.50,13.50000000,0
1506608153,22466629,300.50,0.89617304,0
1506608152,22466628,300.49,0.16000000,0
1506608151,22466625,300.50,1.19255300,0
1506608151,22466623,300.50,9.30036400,0
1506608149,22466620,300.50,1.19255300,0
1506608149,22466618,300.50,2.77117200,0
1506608149,22466617,300.50,1.28824600,0
1506608149,22466616,300.50,8.00722793,0
1506608149,22466615,300.50,0.34277207,0
1506608147,22466614,300.50,0.37118136,0
1506608146,22466613,300.50,0.45730449,0
1506608132,22466586,300.50,0.99923461,0
1506608131,22466585,300.50,2.80289100,0
1506608129,22466584,300.50,3.45846921,0
1506608128,22466581,300.50,1.44766500,0
1506608127,22466579,300.50,4.18129700,0
1506608108,22466553,300.50,0.28196000,0
1506608107,22466550,300.50,0.28889887,0
1506608106,22466548,300.50,0.06579700,0
1506608104,22466546,300.50,3.72892600,0
1506608104,22466545,300.50,2.91107400,0
1506608103,22466543,300.50,9.64080000,0
1506608098,22466537,300.50,7.90000000,0
1506608097,22466533,300.50,0.21287000,0
1506608082,22466496,300.50,4.30542594,0
1506608077,22466474,300.50,12.80768400,0
1506608076,22466473,300.50,5.28401168,0
1506608067,22466457,300.50,20.00000000,0
1506608062,22466445,300.50,117.75091514,0
1506608050,22466428,300.50,3.31646300,0
1506608050,22466427,300.50,8.88943200,0
1506608050,22466426,300.50,5.80014600,0
1506608046,22466420,300.50,0.60591800,0
1506608046,22466419,300.50,29.99000000,0
1506608046,22466415,300.50,20.00000000,0
1506608043,22466408,300.50,0.22185800,0
1506608043,22466407,300.50,0.57820299,0
1506608041,22466403,300.50,10.27211314,0
1506608041,22466401,300.48,6.00928100,1
1506608041,22466400,300.48,0.09071900,0
1506608039,22466399,300.29,0.38000000,0
1506608039,22466398,300.29,6.10000000,0
1506608034,22466390,300.29,0.38000000,0
1506608034,22466389,300.50,16.62617600,0
1506608033,22466388,300.50,10.71055300,0
1506608033,22466387,300.49,2.76000000,0
1506608033,22466386,300.49,3.34000000,0
1506608033,22466385,300.29,0.38000000,0
1506608031,22466383,300.50,2.91867200,0
1506608031,22466382,300.49,0.37506400,0
1506608031,22466381,300.49,2.76847300,0
1506608031,22466380,300.49,3.31646300,0
1506608030,22466378,300.49,0.02000000,1
1506608024,22466374,300.50,2.32900900,0
1506608020,22466373,300.50,0.66356486,0
1506608020,22466372,300.50,0.36485857,0
1506608019,22466371,300.50,25.52552600,0
1506608007,22466364,300.50,28.73479254,0
1506608006,22466363,300.50,1.67024200,0
1506608002,22466359,300.50,0.45607321,0
1506607996,22466345,300.50,3.29971528,0
1506607993,22466342,300.50,10.80000000,0
1506607992,22466339,300.50,24.18882300,0
1506607985,22466336,300.50,0.78437208,0
1506607985,22466334,300.49,0.19000000,0
1506607977,22466324,300.50,0.23223105,0
1506607970,22466320,300.50,29.53426400,0
1506607969,22466319,300.49,0.19065100,0
1506607967,22466317,300.49,0.02934900,0
1506607963,22466311,300.50,0.11724719,0
1506607962,22466310,300.50,0.99997597,0
1506607961,22466309,300.50,1.00000000,0
1506607958,22466306,300.50,6.18016700,0
1506607958,22466305,300.49,0.32000000,0
1506607953,22466303,300.50,1.00000000,0
1506607952,22466302,300.50,0.99997597,0
1506607952,22466301,300.49,0.00002403,0
1506607951,22466299,300.49,0.50981697,0
1506607951,22466298,300.49,0.32000000,0
1506607934,22466290,300.50,10.80000000,0
1506607931,22466287,300.50,20.88222961,0
1506607930,22466282,300.50,29.62000000,0
1506607930,22466280,300.49,0.38000000,0
1506607915,22466269,300.50,1.00000000,0
1506607915,22466268,300.50,0.22287000,0
1506607914,22466267,300.50,19.54993427,0
1506607914,22466266,300.49,0.45000000,0
1506607911,22466265,300.50,1.43144300,0
1506607909,22466264,300.50,6.17765800,0
1506607909,22466263,300.49,0.54000000,0
1506607894,22466245,300.50,18.05800000,0
1506607890,22466239,300.50,2.46123200,0
1506607890,22466238,300.49,0.64000000,0
1506607887,22466231,300.50,0.03012800,0
1506607881,22466224,300.50,1.91856905,0
1506607880,22466222,300.50,0.28495500,0
1506607875,22466215,300.50,10.04000000,0
1506607875,22466214,300.49,0.76000000,0
1506607869,22466210,300.50,29.00000000,0
1506607868,22466207,300.50,1.90786584,0
1506607865,22466205,300.50,0.09797600,0
1506607863,22466202,300.50,1.54956400,0
1506607863,22466200,300.49,0.90000000,0
1506607854,22466191,300.50,1.00000000,0
1506607854,22466189,300.50,3.17114808,0
1506607850,22466184,300.50,1.92185000,0
1506607850,22466183,300.49,1.07000000,0
1506607849,22466182,300.08,12.47007623,1
1506607849,22466180,300.24,0.10000000,1
1506607849,22466178,300.29,0.03325452,1
1506607849,22466176,300.39,0.10000000,1
1506607833,22466161,300.50,13.23710500,0
1506607831,22466160,300.50,10.00000000,0
1506607824,22466150,300.50,6.97661407,0
1506607824,22466146,300.50,93.99506400,0
1506607822,22466141,300.50,8.71999997,0
1506607822,22466140,300.49,1.28000000,0
1506607819,22466138,300.50,0.20035000,0
1506607819,22466137,300.50,10.80000000,0
1506607814,22466114,300.50,1.38079866,0
1506607813,22466113,300.50,1.00200000,0
1506607813,22466112,300.50,1.47926800,0
1506607812,22466111,300.50,15.12473200,0
1506607810,22466107,300.50,20.00000000,0
1506607810,22466106,300.50,40.37542148,0
1506607810,22466105,300.49,0.12757852,0
1506607809,22466102,300.49,1.21125697,0
1506607808,22466100,300.49,0.18116451,1
1506607808,22466097,300.50,0.64017049,0
1506607807,22466095,300.50,1.21120941,0
1506607806,22466092,300.50,2.99590682,0
1506607806,22466089,300.50,33.13960000,0
1506607806,22466088,300.50,2.02000000,0
1506607805,22466087,300.50,32.82073200,0
1506607805,22466081,300.50,1.21117842,0
1506607805,22466080,300.50,1.97774700,0
1506607800,22466072,300.50,11.24994675,0
1506607799,22466065,300.49,0.26460000,0
1506607797,22466062,300.50,0.39122386,0
1506607797,22466060,300.49,0.18115000,0
1506607797,22466059,300.49,1.21104400,0
1506607796,22466057,300.49,0.30780600,0
1506607796,22466056,300.49,0.26500000,0
1506607793,22466051,300.50,1.62869200,0
1506607792,22466050,300.50,76.76800000,0
1506607791,22466049,300.50,1.47926800,0
1506607785,22466045,300.98,1.53323200,0
1506607780,22466040,300.38,6.34333100,1
1506607739,22465996,300.33,0.94923000,1
1506607723,22465982,300.30,1.51900526,1
1506607719,22465977,300.02,1.96579764,1
1506607719,22465976,300.02,1.15237618,1
1506607719,22465975,300.29,0.04525625,1
1506607719,22465974,300.38,0.02863040,1
1506607711,22465969,300.40,1.51590851,1
1506607708,22465962,300.57,0.10000000,1
1506607708,22465960,300.58,0.03322244,1
1506607707,22465959,300.58,1.58944346,1
1506607706,22465958,300.58,3.41608570,1
1506607706,22465957,300.58,2.02447084,1
1506607706,22465956,300.79,0.27438510,1
1506607706,22465955,300.92,0.10000000,1
1506607705,22465953,301.00,0.03317608,1
1506607705,22465951,301.00,3.23584883,1
1506607705,22465949,301.00,3.81250134,1
1506607705,22465948,301.00,2.56072915,1
1506607692,22465898,301.92,0.38180600,0
1506607682,22465874,301.01,0.51822719,1
1506607681,22465873,301.03,0.29412279,1
1506607658,22465856,301.93,0.03030000,0
1506607658,22465855,301.92,1.24000000,0
1506607653,22465853,301.00,0.39092068,1
1506607653,22465852,301.22,0.10000000,1
1506607653,22465851,301.25,0.26460000,1
1506607653,22465850,301.37,0.50798987,1
1506607653,22465849,301.43,0.03312875,1
1506607652,22465848,301.44,0.26500000,1
1506607635,22465826,301.37,0.28329658,1
1506607635,22465825,301.40,5.52551656,1
1506607634,22465823,301.40,1.04875038,1
1506607634,22465822,301.41,0.60000000,1
1506607634,22465821,301.43,0.58795938,1
1506607625,22465802,302.23,7.56913900,1
1506607593,22465767,302.10,0.00010019,1
1506607593,22465766,302.10,1.32859981,1
1506607583,22465761,302.25,9.62796064,0
1506607582,22465759,302.10,2.00000000,0
1506607582,22465758,302.06,0.13298918,0
1506607582,22465757,302.00,1.44063018,0
1506607567,22465749,301.99,0.74936700,0
1506607557,22465741,301.99,1.10000000,0
1506607536,22465721,301.99,0.19910000,0
1506607499,22465682,301.44,3.66199987,1
1506607490,22465679,302.24,0.58780000,0
1506607490,22465678,302.21,0.26420000,0
1506607484,22465676,301.53,0.73427600,1
1506607469,22465666,302.08,0.01758340,0
1506607441,22465644,301.42,1.02213059,1
1506607431,22465636,301.43,1.00000000,1
1506607427,22465631,301.42,5.00000000,1
1506607421,22465628,301.50,1.44063018,1
1506607376,22465602,302.06,0.39215100,0
1506607318,22465520,301.41,4.90000000,1
1506607318,22465519,301.47,0.10000000,1
1506607314,22465516,301.49,1.62716300,1
1506607287,22465503,301.60,1.00000000,1
1506607287,22465502,301.67,0.10000000,1
1506607287,22465501,301.70,1.00000000,1
1506607287,22465500,301.77,2.13386200,1
1506607286,22465499,301.78,0.49632500,1
1506607282,22465497,301.77,0.86613800,1
1506607282,22465496,301.82,0.10000000,1
1506607271,22465484,301.78,1.00000000,1
1506607270,22465483,301.78,6.08431500,1
1506607265,22465477,301.78,1.00000000,1
1506607262,22465474,301.81,1.00000000,1
1506607262,22465473,301.82,0.26420000,1
1506607261,22465471,301.83,0.18840871,1
1506607143,22465393,301.93,0.12141000,1
1506607131,22465390,302.89,0.01755780,0
1506607110,22465387,301.86,1.00000000,1
1506607110,22465386,301.87,1.00000000,1
1506607106,22465384,301.84,0.13298918,1
1506607104,22465382,301.99,0.12483182,1
1506607101,22465381,301.99,0.37275700,1
1506607101,22465380,302.04,0.10000000,1
1506607083,22465369,302.24,0.10000000,1
1506607083,22465368,302.38,0.02844103,1
1506607005,22465301,303.00,1.98874777,0
1506606960,22465277,303.00,1.41974001,0
1506606951,22465271,302.50,5.47000000,0
1506606871,22465243,302.50,0.01752070,0
1506606753,22465168,302.50,13.26400000,0
1506606736,22465160,302.37,0.00028713,1
1506606736,22465159,302.38,0.02976387,1
1506606735,22465158,302.38,0.14000000,1
1506606735,22465157,302.39,0.10000000,1
1506606735,22465156,302.39,0.14000000,1
1506606705,22465136,302.49,1.00000000,0
1506606696,22465110,302.50,4.95425500,0
1506606664,22465088,302.50,19.99993427,0
1506606647,22465077,302.50,0.29870800,0
1506606587,22465031,302.50,20.00000000,0
1506606566,22465025,302.50,8.97821391,0
1506606551,22465019,302.50,0.01752070,0
1506606530,22465000,302.50,0.19185000,0
1506606517,22464985,302.50,1.76520000,0
1506606503,22464971,302.50,3.68036700,0
1506606503,22464970,302.50,26.31963300,0
1506606474,22464962,302.50,4.15570000,0
1506606473,22464961,302.50,1.19030000,0
1506606459,22464955,302.50,0.08263000,0
1506606454,22464953,302.50,3.44970000,0
1506606439,22464949,302.50,4.35440000,0
1506606411,22464941,302.50,0.66100000,0
1506606406,22464937,302.50,19.40568800,0
1506606336,22464890,302.50,1.91600000,0
1506606287,22464855,302.50,4.70708132,0
1506606287,22464854,302.50,4.25385711,0
1506606223,22464821,302.50,5.44718301,0
1506606195,22464815,302.50,1.06177257,0
1506606158,22464799,302.50,9.27272233,0
1506606134,22464792,302.50,0.12694326,0
1506606129,22464788,302.50,3.21085722,0
1506606110,22464780,302.50,2.78200000,0
1506606098,22464778,302.50,0.28027800,0
1506606077,22464773,302.50,0.68551760,0
1506606068,22464772,302.50,10.86078053,0
1506606037,22464752,302.50,6.07428008,0
1506606007,22464712,302.50,12.95640000,0
1506605976,22464690,302.50,5.53870000,0
1506605953,22464683,302.50,1.94170000,0
1506605948,22464675,302.50,2.48519700,0
1506605947,22464674,302.50,19.47454572,0
1506605946,22464672,302.50,0.52542140,0
1506605944,22464671,302.50,8.00000000,0
1506605943,22464670,302.50,8.00000000,0
1506605938,22464668,302.50,1.64931400,0
1506605927,22464660,302.50,17.61475798,0
1506605913,22464656,302.50,1.64398142,0
1506605903,22464652,302.50,0.74126060,0
1506605885,22464623,302.50,5.79340000,0
1506605883,22464619,302.50,0.08000000,0
1506605876,22464610,302.50,0.16688100,0
1506605875,22464609,302.50,0.24663788,0
1506605872,22464606,301.74,0.22871791,1
1506605872,22464605,302.49,0.02245709,1
1506605854,22464592,302.50,13.90240000,0
1506605848,22464586,302.50,1.00000000,0
1506605815,22464567,302.50,9.31662809,0
1506605774,22464530,302.50,7.58870245,0
1506605763,22464508,302.50,12.39298397,0
1506605757,22464496,302.50,0.82212186,0
1506605757,22464495,302.50,6.77069244,0
1506605734,22464468,302.50,19.98747590,0
1506605727,22464467,301.80,0.67072800,1
1506605727,22464466,301.80,0.77996300,1
1506605704,22464453,302.50,9.33781582,0
1506605704,22464451,302.49,0.26440000,0
1506605674,22464439,301.77,1.25849200,1
1506605674,22464438,301.78,0.26440000,1
1506605674,22464437,301.79,0.10000000,1
1506605674,22464436,302.04,0.10000000,1
1506605673,22464435,302.24,0.10000000,1
1506605673,22464433,302.39,0.10000000,1
1506605673,22464431,302.50,7.14533292,0
1506605645,22464393,302.50,1.79153959,0
1506605643,22464392,302.50,18.19596923,0
1506605640,22464390,302.50,3.84000000,0
1506605624,22464384,302.50,1.66000000,0
1506605612,22464367,302.50,0.40079008,0
1506605593,22464365,302.50,2.54290000,0
1506605593,22464364,302.50,1.57269455,0
1506605563,22464331,302.50,1.51939035,0
1506605563,22464330,302.49,1.98353665,0
1506605563,22464329,302.49,1.62571000,0
1506605563,22464327,302.48,0.23526300,0
1506605553,22464321,302.50,5.15627758,0
1506605553,22464320,302.30,0.62000858,0
1506605553,22464319,302.27,0.27117900,0
1506605540,22464311,301.74,0.23526300,1
1506605540,22464310,301.75,0.08316400,1
1506605540,22464309,301.75,0.18183600,1
1506605501,22464290,302.50,6.84680582,0
1506605501,22464289,302.50,1.98212829,0
1506605501,22464288,302.30,0.41135100,0
1506605501,22464287,302.28,0.20789500,0
1506605489,22464274,301.73,0.50984100,1
1506605463,22464269,301.72,0.10401300,1
1506605461,22464265,301.72,0.11421500,1
1506605461,22464264,301.72,0.10020500,1
1506605414,22464258,301.71,0.20789500,1
1506605410,22464253,302.48,1.36336286,0
1506605410,22464252,302.30,0.16639500,1
1506605408,22464251,302.30,0.11927547,0
1506605401,22464222,302.29,0.25782100,0
1506605033,22464025,302.38,11.28623323,0
1506604693,22463807,301.79,12.17309400,0
1506604690,22463804,301.81,0.26400000,1
1506604690,22463803,301.89,0.10000000,1
1506604683,22463799,302.01,4.57187383,1
1506604675,22463796,302.00,9.33940217,0
1506604673,22463795,302.00,6.08859400,0
1506604672,22463792,302.00,6.42013800,0
1506604529,22463620,302.00,2.47210100,0
1506604490,22463588,302.00,0.89895000,0
1506604485,22463584,302.00,0.11960000,0
1506604479,22463574,302.00,1.00000000,0
1506604474,22463568,302.00,15.21108791,0
1506604467,22463563,302.00,0.85056081,0
1506604452,22463553,302.00,1.47952000,0
1506604393,22463508,302.00,0.08921300,0
1506604369,22463486,302.00,11.61052900,0
1506604362,22463477,302.00,1.73274400,0
1506604359,22463476,301.71,0.20000000,1
1506604350,22463466,302.00,0.83165100,0
1506604344,22463456,302.00,0.79360800,0
1506604336,22463450,302.00,0.21987000,0
1506604314,22463431,302.00,16.36290000,0
1506604313,22463430,302.00,16.98092192,0
1506604313,22463429,301.99,0.54000000,0
1506604309,22463419,302.00,1.29910000,0
1506604304,22463413,302.00,0.89444646,0
1506604304,22463412,301.99,0.10555454,0
1506604299,22463408,301.99,0.11441000,0
1506604299,22463407,301.99,0.11927547,0
1506604298,22463404,301.99,0.45075999,0
1506604298,22463403,301.99,0.66433101,0
1506604295,22463401,301.99,0.21725800,0
1506604295,22463400,301.99,0.79000000,0
1506604271,22463384,301.99,0.92000000,0
1506604255,22463366,302.00,0.82287045,0
1506604248,22463361,302.00,4.48219228,0
1506604248,22463360,301.99,1.11000000,0
1506604248,22463359,301.98,8.67790772,0
1506604233,22463351,301.99,0.49408938,0
1506604230,22463348,301.99,1.02759000,0
1506604216,22463335,302.49,0.09706100,0
1506604216,22463333,302.45,0.26500000,0
1506604212,22463318,302.44,1.80214300,0
1506604206,22463303,301.71,1.21453886,1
1506604206,22463301,301.76,0.26500000,1
1506604206,22463299,301.81,0.52046114,1
1506604110,22463225,301.84,1.46938491,1
1506604049,22463104,301.85,1.98458244,1
1506604049,22463101,302.12,0.26486756,1
1506604049,22463099,302.13,0.45000000,1
1506604030,22463057,302.48,0.19347400,0
1506604020,22463025,302.13,0.45000000,0
1506604020,22463024,302.12,0.26500000,0
1506603969,22462961,301.74,0.17536000,0
1506603961,22462955,301.74,4.54685000,0
1506603960,22462953,301.74,1.00000000,0
1506603960,22462951,301.74,1.00000000,0
1506603957,22462948,301.74,2.17429000,0
1506603955,22462946,301.74,0.10000000,1
1506603954,22462945,301.81,5.00000000,1
1506603954,22462944,302.05,0.00350000,1
1506603953,22462943,302.50,6.36018743,0
1506603953,22462942,302.43,0.26440000,0
1506603952,22462941,302.25,0.08070257,0
1506603943,22462908,301.75,5.00000000,0
1506603941,22462902,302.21,5.00000000,1
1506603936,22462895,302.20,1.00000000,1
1506603931,22462893,301.75,4.35489743,1
