date,tid,price,amount,type
1506641377,22489787,1.18209,2645.79883,1
1506638705,22488939,1.18209,262.72278,1
1506638705,22488937,1.18212,18.81305,1
1506638593,22488870,1.18212,60.00000,1
1506638532,22488857,1.18212,43.00000,1
1506637618,22488557,1.18209,122.15661,1
1506637616,22488556,1.18210,877.84339,1
1506637390,22488504,1.18599,201.04000,0
1506637387,22488501,1.18599,28.27275,0
1506637386,22488498,1.18599,262.81730,0
1506636359,22488150,1.18210,50.00000,1
1506636111,22488054,1.18210,30.75971,1
1506636106,22488051,1.18210,30.75971,1
1506635995,22488014,1.18210,25.63719,1
1506634673,22487207,1.18209,217.28522,1
1506634646,22487195,1.18209,127.44377,1
1506634491,22487154,1.18209,45.39488,1
1506634437,22487142,1.18209,608.79460,1
1506634427,22487133,1.18209,122.14806,1
1506634407,22487095,1.18209,55.74872,1
1506634406,22487094,1.18209,122.02425,1
1506634389,22487085,1.18209,55.74967,1
1506634385,22487084,1.18209,67.45123,1
1506634275,22487062,1.18209,67.75956,1
1506634035,22486962,1.18209,3398.15235,1
1506634017,22486952,1.18209,1118.58110,1
1506634016,22486950,1.18209,463.75488,1
1506634012,22486944,1.18209,392.48220,1
1506634011,22486941,1.18209,176.96623,1
1506633977,22486928,1.18209,492.78820,1
1506633971,22486925,1.18209,3468.59127,1
1506633902,22486886,1.18209,52.04342,1
1506633865,22486873,1.18209,187.86682,1
1506633860,22486864,1.18209,187.86682,1
1506633854,22486859,1.18209,857.78352,1
1506633805,22486828,1.18209,222.33746,1
1506633802,22486825,1.18209,3408.26926,1
1506633798,22486822,1.18209,222.33746,1
1506633770,22486814,1.18209,3419.76193,1
1506633725,22486806,1.18209,211.04554,1
1506633724,22486805,1.18209,309.84345,1
1506633723,22486801,1.18209,828.82861,1
1506633722,22486796,1.18209,609.28106,1
1506632497,22486155,1.18208,354.52172,1
1506632229,22485971,1.18600,253.51601,0
1506632076,22485900,1.18600,29.83135,0
1506632074,22485896,1.18600,50.69139,0
1506632009,22485849,1.18600,344.99364,0
1506632009,22485848,1.18599,166.10749,0
1506632000,22485842,1.18599,105.39000,0
1506631999,22485839,1.18599,24.12599,0
1506631720,22485735,1.18599,50.66652,0
1506631716,22485733,1.18599,653.71000,0
1506631716,22485731,1.18598,0.01000,0
1506631716,22485730,1.18598,1069.99000,0
1506631373,22485568,1.18208,50.00000,1
1506631286,22485511,1.18599,25.34248,0
1506631285,22485509,1.18599,24.64231,0
1506631285,22485507,1.18300,0.00769,0
1506631058,22485378,1.18300,391.51000,0
1506630971,22485340,1.18300,608.48231,0
1506630969,22485334,1.18300,0.80913,0
1506630667,22485214,1.18207,1312.74000,1
1506629662,22484704,1.18205,1317.80894,1
1506629661,22484700,1.18205,827.29105,1
1506629535,22484589,1.18205,48.50895,1
1506629388,22484482,1.18205,100.01999,1
1506629367,22484475,1.18204,187.66913,1
1506629310,22484458,1.18203,192.87999,1
1506629274,22484432,1.18203,180.74681,1
1506628967,22484257,1.18203,137.47000,1
1506628955,22484247,1.18203,1754.04644,1
1506628953,22484240,1.18203,38.03999,1
1506628952,22484237,1.18203,1754.04644,1
1506628943,22484228,1.18204,53.55632,1
1506628943,22484227,1.18204,1242.63999,1
1506628942,22484226,1.18204,603.24995,1
1506628915,22484208,1.18204,50.75971,1
1506628911,22484207,1.18204,50.75125,1
1506628911,22484205,1.18204,1053.26385,1
1506628908,22484199,1.18204,50.75971,1
1506628897,22484193,1.18204,166.17999,1
1506628889,22484188,1.18204,1706.24810,1
1506628889,22484187,1.18204,1548.30744,1
1506628883,22484176,1.18204,769.43443,1
1506628801,22484133,1.18204,125.35223,1
1506628801,22484132,1.18205,0.00732,1
1506628796,22484128,1.18205,377.25139,1
1506628780,22484125,1.18205,747.25266,1
1506628757,22484104,1.18205,106.26999,1
1506628726,22484091,1.18205,468.51852,1
1506628632,22484053,1.18205,49.85407,1
1506628604,22484043,1.18205,286.70940,1
1506628603,22484042,1.18206,3723.49233,1
1506628602,22484039,1.18206,272.45982,1
1506628449,22483986,1.18206,65.92728,1
1506628303,22483908,1.18206,77.72000,1
1506628281,22483903,1.18206,83.48984,1
1506628242,22483886,1.18206,444.25833,1
1506628238,22483884,1.18206,67.66155,1
1506628200,22483865,1.18206,85.66000,1
1506628156,22483843,1.18206,171.59000,1
1506628051,22483806,1.18205,445.19816,1
1506628050,22483804,1.18205,600.06000,1
1506628050,22483802,1.18205,598.24180,1
1506627987,22483764,1.18205,1113.69525,1
1506627984,22483761,1.18205,0.88546,1
1506627983,22483759,1.18206,722.14546,1
1506627979,22483755,1.18206,3509.19204,1
1506627842,22483692,1.18206,551.53866,1
1506627721,22483645,1.18206,194.40638,1
1506627031,22483228,1.18300,999.19087,0
1506626678,22482918,1.18204,221.17800,1
1506626610,22482847,1.18204,307.27986,1
1506626609,22482842,1.18204,297.66087,1
1506626607,22482836,1.18204,218.88555,1
1506626606,22482833,1.18204,605.89635,1
1506626606,22482830,1.18204,46.04751,1
1506626449,22482705,1.18204,530.43397,1
1506626412,22482667,1.18204,21.09275,1
1506626412,22482666,1.18204,37.92725,1
1506626410,22482664,1.18204,46.04752,1
1506626409,22482663,1.18204,11.85248,1
1506626373,22482643,1.18205,322.86001,0
1506626373,22482642,1.18205,200.53298,0
1506626373,22482641,1.18205,398.94000,0
1506626246,22482562,1.18204,201.47999,1
1506626240,22482558,1.18204,3.55215,1
1506626240,22482557,1.18205,27.48785,1
1506626237,22482554,1.18205,307.88941,1
1506626235,22482551,1.18205,25.41000,1
1506626235,22482550,1.18205,3190.25816,1
1506626235,22482549,1.18205,394.44186,1
1506626234,22482548,1.18205,63.50999,1
1506626234,22482547,1.18205,232.59999,1
1506626118,22482503,1.18205,394.45000,1
1506625998,22482444,1.18205,308.36417,1
1506625996,22482428,1.18205,308.55442,1
1506625785,22482336,1.18206,542.69665,1
1506625577,22482196,1.18206,54.82802,1
1506625496,22482163,1.18206,46.00000,1
1506624658,22481559,1.18203,830.54110,1
1506624658,22481558,1.18204,10.00000,1
1506624641,22481540,1.18203,198.36846,1
1506624640,22481538,1.18204,20.00000,1
1506624636,22481529,1.18203,178.36846,1
1506624635,22481526,1.18204,40.00000,1
1506624311,22481351,1.18203,0.48342,1
1506624311,22481350,1.18204,80.00000,1
1506624224,22481312,1.18203,0.84177,1
1506624224,22481311,1.18204,140.00000,1
1506623286,22480763,1.18204,1.65784,1
1506623286,22480762,1.18205,290.00000,1
1506622322,22480319,1.18228,530.12450,0
1506622086,22480197,1.18228,471.78000,0
1506621811,22480000,1.18204,365.18514,1
1506621695,22479957,1.18204,50.00000,1
1506621653,22479936,1.18204,11.87877,1
1506621397,22479743,1.18204,79.98000,1
1506621264,22479623,1.18204,542.03000,1
1506621234,22479570,1.18204,193.68000,1
1506621218,22479547,1.18205,193.75661,0
1506621218,22479546,1.18204,816.24339,0
1506621217,22479538,1.18204,193.76000,0
1506621216,22479534,1.18204,318.22000,0
1506621215,22479528,1.18204,609.58153,0
1506621214,22479524,1.18204,1596.10781,1
1506621208,22479515,1.18204,8.09788,1
1506621149,22479480,1.18205,394.96493,1
1506621148,22479477,1.18204,223.27999,1
1506621148,22479475,1.18204,5.63063,1
1506621125,22479462,1.18204,66.29218,1
1506621106,22479441,1.18228,188.15000,0
1506621104,22479429,1.18228,536.69000,0
1506620877,22479260,1.18228,570.00000,0
1506620876,22479258,1.18229,1242.48592,1
1506620870,22479254,1.18230,7.02810,1
1506620870,22479253,1.18231,1120.00000,1
1506620269,22478856,1.18232,1127.42846,1
1506619310,22478132,1.18241,364.13833,1
1506619271,22478058,1.18239,80.00000,1
1506619205,22477987,1.18234,35.50071,1
1506619200,22477982,1.18233,35.50071,1
1506619119,22477898,1.18242,266.59530,1
1506619037,22477776,1.18246,56.36784,0
1506619037,22477774,1.18246,397.68000,0
1506619023,22477725,1.18246,606.56623,0
1506619017,22477686,1.18246,494.57000,0
1506619011,22477665,1.18246,397.69000,0
1506618965,22477624,1.18229,3757.51408,1
1506618958,22477609,1.18230,185.68367,0
1506618958,22477607,1.18230,1640.48782,1
1506618957,22477604,1.18248,740.71000,1
1506618510,22477121,1.18829,4923.48551,0
1506618510,22477119,1.18730,43.09250,0
1506618480,22477080,1.18730,4956.90750,0
1506618480,22477077,1.18729,3.52847,0
1506618469,22477060,1.18729,2910.94919,0
1506618465,22477052,1.18729,263.73206,0
1506618454,22477042,1.18698,81.71765,0
1506618449,22477031,1.18698,354.96766,0
1506618449,22477029,1.18691,2.63530,0
1506618442,22477016,1.18691,997.36470,0
1506618441,22477012,1.18689,801.93015,1
1506618439,22477009,1.18689,4958.02627,0
1506618433,22476992,1.18688,1318.26159,1
1506618431,22476986,1.18689,352.36235,0
1506618424,22476970,1.18688,1820.00000,1
1506618424,22476968,1.18685,1820.00000,0
1506617978,22476534,1.18203,44.85999,1
1506617977,22476532,1.18203,418.55794,1
1506617839,22476337,1.18203,614.46312,1
1506617608,22476005,1.18203,6400.51761,1
1506617473,22475877,1.18203,849.10068,1
1506617469,22475873,1.18203,849.10068,1
1506617398,22475827,1.18203,6169.05997,1
1506617056,22475604,1.18203,246.16916,1
1506616871,22475548,1.18203,90.00000,1
1506616754,22475504,1.18203,246.37868,1
1506616662,22475478,1.18203,70.37368,1
1506615814,22475007,1.18203,10.59155,1
1506615814,22475005,1.18204,2244.74629,1
1506615804,22474984,1.18204,1370.85137,0
1506615803,22474981,1.18203,1779.74244,1
1506615802,22474979,1.18205,15.03032,0
1506615802,22474978,1.18204,467.26748,0
1506615801,22474976,1.18204,1370.85137,1
1506615801,22474971,1.18204,307.54099,1
1506615789,22474947,1.18204,74.14301,1
1506615766,22474926,1.18204,107.42446,1
1506615763,22474919,1.18204,201.51999,1
1506615763,22474918,1.18205,200.00001,1
1506615763,22474917,1.18205,99.99999,1
1506615761,22474911,1.18204,401.52000,1
1506615760,22474908,1.18205,1936.15330,0
1506615759,22474905,1.18203,6208.53727,1
1506615759,22474901,1.18204,1579.91519,1
1506615759,22474898,1.18205,288.44639,1
1506615756,22474884,1.18206,509.62226,1
1506615756,22474882,1.18206,70.37774,1
1506615744,22474851,1.18206,66.76287,1
1506615646,22474810,1.18206,66.74324,1
1506615480,22474720,1.18206,287.96393,1
1506615265,22474540,1.18688,192.87106,0
1506615264,22474539,1.18688,858.69000,0
1506615232,22474503,1.18204,161.75426,1
1506614898,22474174,1.18205,2.50786,1
1506614898,22474173,1.18205,520.00000,1
1506614464,22473911,1.18205,70.00000,1
1506614295,22473811,1.18206,491.88250,1
1506614050,22473693,1.18202,916.52061,1
1506613837,22473491,1.18203,563.90000,1
1506613591,22473232,1.18202,112.19837,1
1506613585,22473223,1.18210,699.44032,1
1506613284,22473032,1.18213,60.00000,0
1506612114,22471886,1.18155,60.00000,0
1506612036,22471826,1.18697,34.14968,1
1506611779,22471614,1.18697,60.00000,1
1506611716,22471547,1.18697,94.14968,0
1506611647,22471497,1.18697,109.17000,0
1506611333,22471243,1.18697,439.52007,0
1506611311,22471213,1.18697,460.21911,0
1506611246,22471168,1.18695,155.36325,0
1506611246,22471166,1.18695,501.18468,0
1506611246,22471165,1.18693,101.93451,0
1506611205,22471107,1.18148,1315.83092,0
1506611205,22471106,1.18148,466.77908,0
1506611204,22471104,1.18148,1660.00000,1
1506611039,22470979,1.18697,144.28333,0
1506611004,22470940,1.18143,90.00000,0
1506610466,22470410,1.18176,688.11489,0
1506610262,22470211,1.18139,500.47402,0
1506610030,22469944,1.18700,7744.23475,1
1506610029,22469942,1.18700,277.06771,1
1506610027,22469940,1.18700,269.63695,1
1506610026,22469933,1.18700,23.04369,1
1506610025,22469928,1.18700,3574.69252,1
1506610017,22469921,1.18700,16.44114,1
1506609910,22469860,1.18700,89.71357,1
1506609834,22469772,1.18700,36563.90000,1
1506609794,22469740,1.18700,129.43895,1
1506609780,22469728,1.18700,302.78742,1
1506609766,22469718,1.18700,71.48782,1
1506609753,22469700,1.18700,100.00000,1
1506609741,22469679,1.18700,25.38360,1
1506609712,22469624,1.18700,2003.94998,1
1506609670,22469574,1.18729,144.25800,0
1506609647,22469506,1.18700,391.91723,1
1506609647,22469505,1.18700,296.84001,1
1506609633,22469470,1.18700,1744.16999,1
1506609623,22469452,1.18700,172.70569,1
1506609623,22469451,1.18700,1571.09706,1
1506609619,22469445,1.18700,1570.07583,1
1506609618,22469439,1.18700,1470.26959,1
1506609502,22469352,1.18700,924.53772,1
1506609499,22469347,1.18700,498.61331,1
1506609389,22469239,1.18700,609.72197,1
1506609388,22469235,1.18700,305.86282,1
1506609387,22469232,1.18700,305.85104,1
1506609385,22469229,1.18700,305.83455,1
1506609383,22469225,1.18700,305.80647,1
1506609382,22469222,1.18700,304.55523,1
1506609320,22469181,1.18700,25.35863,1
1506609318,22469169,1.18700,13.80476,1
1506609242,22469096,1.18700,91.20000,1
1506609208,22469073,1.18700,500.00000,1
1506609166,22469025,1.18729,173.45591,0
1506609130,22468965,1.18729,55.43000,0
1506609120,22468949,1.18729,228.50668,0
1506609119,22468946,1.18729,338.40122,0
1506609115,22468936,1.18729,223.22432,0
1506609114,22468930,1.18729,143.49379,0
1506609108,22468918,1.18729,276.12464,0
1506609106,22468914,1.18729,238.83572,0
1506609100,22468896,1.18729,0.06000,0
1506609100,22468895,1.18726,90.00000,0
1506609042,22468782,1.18728,179.84739,0
1506609042,22468781,1.18637,1.50613,0
1506609042,22468780,1.18629,7.61372,0
1506609033,22468773,1.18629,4992.38628,0
1506609028,22468764,1.18628,3020.99978,0
1506609024,22468758,1.18627,349.46111,0
1506609017,22468751,1.18627,678.94974,0
1506609008,22468732,1.18628,3699.90938,0
1506609008,22468730,1.18627,1340.00000,0
1506608837,22468548,1.18618,266.97140,0
1506608833,22468530,1.18621,423.01410,0
1506608808,22468442,1.18617,174.78743,0
1506608787,22468370,1.18529,6.82458,0
1506608579,22468074,1.18529,0.07743,0
1506608579,22468073,1.18528,740.00000,0
1506608573,22468064,1.18329,812.51051,0
1506608552,22468025,1.18331,1090.46301,1
1506608551,22468020,1.18331,255.12514,1
1506608550,22468013,1.18331,544.09248,1
1506608511,22467945,1.18331,100.00000,1
1506608501,22467933,1.18331,100.00000,1
1506608493,22467927,1.18529,3807.16042,0
1506608493,22467925,1.18429,25.21477,0
1506608465,22467857,1.18331,4.81123,1
1506608465,22467856,1.18332,1.57037,1
1506608460,22467838,1.18332,312.50383,1
1506608448,22467819,1.18332,25.24000,1
1506608444,22467808,1.18431,53.36088,1
1506608421,22467755,1.18529,905.21650,0
1506608417,22467736,1.18529,280.72107,0
1506608415,22467711,1.18429,53.42670,0
1506608413,22467694,1.18429,486.17422,0
1506608410,22467660,1.18429,485.92453,0
1506608409,22467648,1.18331,347.40485,1
1506608408,22467644,1.18429,101.41000,0
1506608407,22467635,1.18429,3873.06455,0
1506608407,22467629,1.18330,358.38688,0
1506608407,22467625,1.18329,3019.11954,0
1506608406,22467615,1.18329,545.01884,0
1506608405,22467596,1.18329,484.98957,0
1506608404,22467582,1.18329,495.65433,0
1506608402,22467563,1.18329,455.21772,0
1506608399,22467533,1.18130,6.31267,1
1506608391,22467458,1.18130,194.66651,1
1506608389,22467431,1.18130,214.48645,1
1506608388,22467418,1.18130,795.75891,1
1506608384,22467377,1.18130,257.48058,1
1506608384,22467374,1.18230,83.88942,1
1506608382,22467354,1.18230,251.29265,1
1506608381,22467347,1.18230,5.95807,1
1506608380,22467342,1.18230,415.66073,1
1506608378,22467328,1.18230,5.95808,1
1506608374,22467293,1.18230,298.31632,1
1506608373,22467291,1.18230,118.86655,1
1506608372,22467287,1.18230,124.43543,1
1506608371,22467271,1.18230,103.30000,1
1506608370,22467262,1.18230,3592.32275,1
1506608370,22467260,1.18231,340.00000,1
1506608370,22467257,1.18329,1.76067,1
1506608369,22467255,1.18330,1361.01338,1
1506608368,22467243,1.18330,11.85553,1
1506608367,22467238,1.18330,364.91766,1
1506608364,22467199,1.18330,113.81788,1
1506608363,22467194,1.18330,999.50301,1
1506608355,22467150,1.18330,270.76023,1
1506608309,22467002,1.18330,584.85000,1
1506608193,22466754,1.18330,343.53597,1
1506608188,22466727,1.18330,343.53597,1
1506608158,22466642,1.18330,28.85629,1
1506608140,22466601,1.18330,288.67704,1
1506608137,22466594,1.18330,288.67704,1
1506608096,22466531,1.18198,25.60744,0
1506607900,22466251,1.18200,4103.29774,1
1506607882,22466227,1.18200,169.45999,1
1506607868,22466208,1.18200,165.11297,1
1506607854,22466190,1.18200,641.90057,1
1506607853,22466187,1.18200,165.11944,1
1506607824,22466149,1.18200,2544.99999,1
1506607818,22466135,1.18200,223.43350,1
1506607818,22466134,1.18200,186.27650,1
1506607812,22466110,1.18200,351.40000,1
1506607808,22466101,1.18200,308.32311,1
1506607808,22466099,1.18200,162.93154,1
1506607807,22466094,1.18200,307.51902,1
1506607806,22466091,1.18200,574.83387,1
1506607806,22466090,1.18200,187.58613,1
1506607805,22466084,1.18200,181.91289,1
1506607802,22466076,1.18200,1403.30000,1
1506607800,22466074,1.18200,931.11610,1
1506607799,22466067,1.18200,191.25770,1
1506607698,22465931,1.18200,2418.64957,1
1506607697,22465923,1.18200,99.74999,1
1506607696,22465920,1.18200,2206.87264,1
1506607695,22465915,1.18200,146.58544,1
1506607694,22465912,1.18200,616.35000,1
1506607690,22465890,1.18201,54.61252,1
1506607621,22465795,1.18201,775.85999,1
1506607530,22465711,1.18201,112.47044,1
1506606865,22465238,1.18631,440.78050,1
1506606701,22465112,1.18631,804.78999,1
1506606637,22465072,1.18637,998.49387,0
1506606294,22464857,1.18019,80.00000,1
1506606279,22464851,1.18629,655.48065,1
1506606278,22464850,1.18628,286.29612,0
1506606256,22464829,1.18631,162.33155,0
1506605328,22464161,1.18499,7.82000,0
1506605317,22464159,1.18500,70.04000,0
1506605317,22464158,1.18499,470.00000,0
1506605307,22464155,1.18499,20.00000,0
1506604948,22463968,1.18015,80.00000,1
1506604483,22463579,1.18088,30.40096,0
1506604449,22463548,1.18088,0.13599,0
1506604449,22463547,1.18086,205.35401,0
1506604408,22463517,1.18016,91.11000,1
1506604401,22463514,1.18016,600.00000,1
1506604332,22463444,1.18016,664.95263,1
1506604313,22463428,1.18016,104.09188,1
1506604310,22463421,1.18016,99.85275,1
1506604308,22463416,1.18016,99.83859,1
1506604210,22463311,1.18085,849.41691,1
1506604184,22463276,1.18085,173.61634,1
1506604181,22463264,1.18085,167.32917,1
1506604107,22463223,1.18085,30.21271,1
1506604106,22463221,1.18085,93.30346,1
1506604103,22463211,1.18085,83.22712,1
1506604100,22463208,1.18086,92.69000,0
1506604097,22463205,1.18086,180.80000,0
1506604087,22463181,1.18085,255.23015,1
1506604055,22463137,1.18085,180.11253,1
1506604052,22463122,1.18085,1950.94025,1
1506604052,22463119,1.18086,474.80208,1
1506604049,22463097,1.18085,216.61136,1
1506604049,22463096,1.18088,30.21271,1
1506604028,22463051,1.18088,115.25304,1
1506604023,22463029,1.18088,67.96281,1
1506603970,22462962,1.18089,44.85600,0
1506603945,22462920,1.18091,98.65047,1
1506603945,22462918,1.18148,10.58953,1
1506603943,22462907,1.18148,98.57409,1
1506603873,22462813,1.18149,350.82506,1
1506603873,22462810,1.18149,258.17825,1
1506603848,22462763,1.18149,2893.37985,0
1506603847,22462760,1.18149,842.87765,1
1506603844,22462749,1.18148,842.87765,1
1506603841,22462740,1.18148,680.10394,1
1506603839,22462733,1.18148,276.49747,1
1506603838,22462730,1.18148,680.10394,1
1506603810,22462701,1.18148,213.49062,1
1506603808,22462694,1.18148,352.55343,1
1506603802,22462686,1.18148,283.97822,1
1506603799,22462680,1.18148,284.11227,1
1506603788,22462647,1.18149,54.05119,0
1506603785,22462637,1.18149,31.99000,0
1506603783,22462624,1.18148,70.33552,1
1506603753,22462546,1.18148,103.39166,1
1506603749,22462536,1.18148,103.39166,1
1506603743,22462528,1.18149,394.01648,1
1506603741,22462520,1.18149,146.59943,1
1506603738,22462514,1.18150,120.62293,0
1506603737,22462512,1.18149,1573.23112,1
1506603730,22462505,1.18149,0.62293,0
1506603729,22462502,1.18150,120.00000,1
1506603728,22462493,1.18149,67.50530,1
1506603727,22462491,1.18150,140.88927,1
1506603725,22462488,1.18150,99.11072,1
1506603704,22462477,1.18149,2.98059,1
1506603704,22462476,1.18150,470.00000,1
1506603696,22462459,1.18150,113.32000,1
1506603685,22462436,1.18150,400.64000,1
1506603672,22462414,1.18150,70.00000,1
1506603666,22462412,1.18150,100.00000,1
1506603464,22462196,1.18149,125.28000,1
1506603463,22462194,1.18153,125.28000,1
1506603462,22462192,1.18150,125.28000,1
1506603462,22462190,1.18153,125.28000,1
1506603399,22462147,1.18150,573.21475,1
1506603388,22462134,1.18152,423.65709,1
1506603385,22462130,1.18151,331.71000,1
1506603328,22462101,1.18421,16.76388,1
1506603198,22461936,1.18421,0.26474,1
1506603198,22461935,1.18422,59.90465,1
1506603115,22461839,1.18854,172.48340,1
1506603027,22461748,1.18854,372.43000,0
1506602806,22461563,1.18854,571.90000,0
1506602806,22461562,1.18854,766.58000,0
1506602783,22461501,1.18854,233.42000,0
1506602723,22461440,1.18854,233.40000,0
1506602714,22461425,1.18854,123.50000,0
1506602688,22461347,1.18854,157.54000,0
1506602668,22461329,1.18854,681.38535,0
1506602668,22461328,1.18854,58.05000,0
1506602653,22461309,1.18854,19.61148,0
1506602643,22461284,1.18854,234.45210,0
1506602641,22461270,1.18854,234.45210,0
1506602634,22461256,1.18854,254.04948,0
1506602571,22461160,1.18855,201.84576,0
1506602571,22461159,1.18854,295.04430,0
1506602570,22461157,1.18854,732.85000,0
1506602550,22461132,1.18854,254.00000,0
1506602486,22461085,1.18854,496.65676,0
1506602477,22461068,1.18153,100.00000,0
1506602204,22460857,1.18855,278.61310,0
1506602204,22460856,1.18854,1117.67690,0
1506602203,22460854,1.18852,495.92479,1
1506602203,22460852,1.18855,1894.30220,0
1506602202,22460851,1.18854,0.00690,0
1506602202,22460850,1.18853,1230.00000,0
1506602202,22460849,1.18848,342.78090,0
1506602201,22460844,1.18854,1117.67000,0
1506602200,22460839,1.18850,718.34000,0
1506602200,22460836,1.18850,1697.75000,0
1506601327,22460275,1.18150,100.00000,1
1506601265,22460200,1.18150,70.00000,1
1506600467,22459758,1.18154,892.82849,1
1506600465,22459756,1.18153,868.69488,1
1506600464,22459751,1.18151,436.62607,1
1506600463,22459747,1.18153,1890.00000,1
1506600462,22459740,1.18152,868.69488,1
1506600135,22459506,1.18180,50.00000,1
1506599609,22459141,1.18867,334.04443,0
1506599604,22459128,1.18867,654.12000,0
1506599597,22459124,1.18867,1177.31505,0
1506599544,22459100,1.18867,1039.96000,0
1506599525,22459090,1.18867,984.24228,0
1506599525,22459087,1.18867,411.65827,0
1506599522,22459082,1.18867,184.20354,0
1506599521,22459080,1.18867,1039.95000,0
1506599518,22459076,1.18867,276.54436,0
1506599491,22459056,1.18867,1039.94000,0
1506599482,22459052,1.18867,328.45111,0
1506599464,22459034,1.18868,333.54000,0
1506599399,22458992,1.18868,390.14000,0
1506599386,22458976,1.18868,463.90953,0
1506599351,22458961,1.18870,466.42549,0
1506599347,22458956,1.18870,513.07309,0
1506599333,22458939,1.18870,412.00083,0
1506599332,22458936,1.18870,1332.80052,0
1506599320,22458931,1.18870,605.39000,0
1506599314,22458925,1.18870,222.61000,0
1506599309,22458921,1.18870,127.61043,0
1506599301,22458911,1.18870,1287.15000,0
1506599300,22458910,1.18870,411.65827,0
1506599298,22458906,1.18870,381.45637,0
1506599296,22458902,1.18870,1150.79816,0
1506599296,22458901,1.18869,411.65827,0
1506599295,22458899,1.18863,25.46153,0
1506599295,22458897,1.18859,0.01000,0
1506599284,22458884,1.18859,145.25000,0
1506599268,22458867,1.18859,262.18000,0
1506599266,22458860,1.18859,592.56000,0
1506599241,22458853,1.18858,592.46326,0
1506599239,22458849,1.18858,577.52000,0
1506599238,22458845,1.18858,299.56000,0
1506599226,22458811,1.18857,577.46000,0
1506599215,22458799,1.18853,640.74107,0
1506599205,22458792,1.18854,324.73000,0
1506599203,22458788,1.18855,182.20213,0
1506599200,22458783,1.18855,577.38000,0
1506599187,22458771,1.18857,577.32000,0
1506599183,22458764,1.18855,172.17000,1
1506599179,22458762,1.18858,231.39375,0
1506599175,22458757,1.18858,394.01638,0
1506599161,22458738,1.18855,565.96000,0
1506599160,22458731,1.18857,968.91000,0
1506599149,22458721,1.18859,666.22636,0
1506599135,22458703,1.18860,99.99000,1
1506599134,22458698,1.18861,864.02000,0
1506599134,22458697,1.18860,100.00000,0
1506599120,22458679,1.18861,963.13000,1
1506599120,22458678,1.18860,180.00000,0
1506599111,22458671,1.18854,199.99000,1
1506599109,22458669,1.18855,705.80000,0
1506599109,22458667,1.18854,360.00000,1
1506599107,22458663,1.18854,409.16000,0
1506599102,22458653,1.18856,69.38000,0
1506599101,22458649,1.18857,500.08000,0
1506599066,22458604,1.18817,96.08594,0
1506599054,22458564,1.18820,233.95000,0
1506599033,22458508,1.18827,560.21000,0
1506599005,22458476,1.18834,241.79000,0
1506598967,22458444,1.18109,60.00000,1
1506598957,22458426,1.18108,100.00000,1
1506598871,22458357,1.18094,80.00000,1
1506598224,22457874,1.18089,170.70000,1
1506598189,22457771,1.18705,150.19000,0
1506598179,22457763,1.18710,20.00000,0
1506597904,22457556,1.18090,254.63620,1
1506597891,22457498,1.18089,170.12592,0
1506597890,22457481,1.18088,805.13158,0
1506597890,22457476,1.18087,754.86842,0
1506597888,22457462,1.18088,214.37245,1
1506597887,22457452,1.18088,214.31977,1
1506597881,22457420,1.18087,214.78808,1
1506597880,22457411,1.18087,75.32644,1
1506597880,22457410,1.18285,3147.47227,1
1506597878,22457392,1.18285,215.04313,1
1506597871,22457321,1.18285,637.48460,1
1506597868,22457294,1.18293,7298.99601,0
1506597857,22457212,1.18292,213.31160,1
1506597845,22457141,1.18288,131.61570,1
1506597681,22456933,1.18290,70.00000,1
1506597664,22456918,1.18870,435.58390,1
1506597664,22456915,1.18865,572.32997,1
1506597662,22456911,1.18865,40.08613,0
1506597432,22456755,1.18867,39.99944,0
1506597422,22456735,1.18869,39.91260,1
1506597413,22456717,1.18870,561.56000,0
1506597410,22456715,1.18870,553.46158,0
1506597400,22456702,1.18870,67.04802,0
1506597387,22456683,1.18870,739.48000,0
1506597374,22456660,1.18870,817.11000,0
1506597361,22456623,1.18870,1032.26620,0
1506597353,22456589,1.18870,861.42000,0
1506597353,22456588,1.18870,87.31000,0
1506597346,22456569,1.18870,89.98000,1
1506597345,22456566,1.18867,0.01000,0
1506597345,22456564,1.18867,39.99000,0
1506597341,22456553,1.18870,956.13050,0
1506597341,22456552,1.18867,90.00000,0
1506597322,22456495,1.18870,94.48146,0
1506597322,22456494,1.18860,0.80854,0
1506597321,22456489,1.18862,578.44000,1
1506597320,22456487,1.18870,738.44000,0
1506597319,22456482,1.18870,322.12075,1
1506597319,22456480,1.18869,738.44925,0
1506597318,22456476,1.18861,160.00000,0
1506597231,22456333,1.18287,179.97000,1
1506597228,22456325,1.18502,134.02000,0
1506597227,22456319,1.18299,723.15431,1
1506597227,22456317,1.18490,54.40669,1
1506597227,22456315,1.18496,344.03297,1
1506597226,22456314,1.18502,132.63928,1
1506597199,22456260,1.18602,52.80820,1
1506597182,22456216,1.18870,169.04183,0
1506597182,22456215,1.18870,6.78081,0
1506597182,22456214,1.18870,668.99942,0
1506597174,22456196,1.18602,256.10867,1
1506597173,22456192,1.18870,528.10632,0
1506597147,22456112,1.18600,0.00489,0
1506597146,22456109,1.18600,706.23000,0
1506597142,22456095,1.18602,777.97171,1
1506597132,22456061,1.18821,352.54680,1
1506597117,22456007,1.18870,105.56000,0
1506597083,22455962,1.18870,953.91711,0
1506597080,22455955,1.18870,953.91711,0
1506597042,22455914,1.18870,988.12638,0
1506597040,22455907,1.18870,2181.41366,0
1506597039,22455905,1.18869,0.11003,0
1506597037,22455896,1.18869,30.72209,0
1506597033,22455890,1.18869,359.11093,0
1506597025,22455880,1.18869,26.92000,0
1506597023,22455871,1.18822,5.00000,1
1506597018,22455850,1.18869,83.18702,0
1506597016,22455821,1.18869,205.04775,0
1506597015,22455816,1.18869,3988.62449,0
1506597015,22455811,1.18869,309.18048,0
1506597014,22455808,1.18869,278.97095,0
1506597011,22455797,1.18869,308.31589,0
1506597006,22455780,1.18869,308.11547,0
1506597006,22455776,1.18869,943.99000,0
1506597002,22455767,1.18869,307.95602,0
1506596999,22455742,1.18869,308.35681,0
1506596995,22455731,1.18869,277.99722,0
1506596994,22455727,1.18869,136.18650,0
1506596992,22455716,1.18869,308.26120,0
1506596988,22455708,1.18869,308.09117,0
1506596987,22455702,1.18869,490.15529,0
1506596985,22455698,1.18869,482.08485,0
1506596984,22455691,1.18869,210.26337,0
1506596983,22455676,1.18869,307.17825,0
1506596982,22455665,1.18869,105.00000,0
1506596979,22455656,1.18869,306.97823,0
1506596976,22455645,1.18869,306.84902,0
1506596975,22455642,1.18869,323.13223,0
1506596971,22455610,1.18869,702.08988,0
1506596970,22455608,1.18869,306.67925,0
1506596955,22455548,1.18869,179.68361,0
1506596914,22455443,1.18868,136.17297,0
1506596895,22455395,1.18869,135.98000,0
1506596889,22455382,1.18869,74.46000,0
1506596888,22455361,1.18869,7.36949,0
1506596886,22455346,1.18869,776.44005,0
1506596885,22455343,1.18868,0.00995,0
1506596885,22455339,1.18868,263.35000,0
1506596883,22455329,1.18869,307.23112,0
1506596881,22455313,1.18869,307.19256,0
1506596876,22455298,1.18869,1067.07800,0
1506596876,22455297,1.18868,45.94889,0
1506596875,22455292,1.18868,173.83557,0
1506596872,22455289,1.18868,66.96354,0
1506596868,22455278,1.18869,66.92000,0
1506596867,22455274,1.18869,139.82970,0
1506596865,22455272,1.18869,139.82970,0
1506596861,22455265,1.18869,305.26682,0
1506596860,22455264,1.18869,520.83345,0
1506596860,22455262,1.18868,0.00655,0
1506596859,22455258,1.18868,305.94000,0
1506596858,22455253,1.18869,266.09214,0
1506596857,22455250,1.18869,306.24809,0
1506596857,22455246,1.18869,734.38786,0
1506596854,22455233,1.18869,1422.41000,0
1506596854,22455231,1.18869,578.49953,0
1506596854,22455229,1.18868,0.07047,0
1506596854,22455228,1.18868,31.64245,0
1506596850,22455220,1.18868,306.34173,0
1506596831,22455184,1.18868,77.92176,1
1506596831,22455183,1.18868,295.62014,1
1506596827,22455178,1.18869,466.54078,0
1506596827,22455175,1.18869,91.51653,0
1506596824,22455163,1.18869,296.30890,0
1506596820,22455134,1.18869,8.54337,0
1506596819,22455130,1.18868,297.26514,0
1506596818,22455127,1.18868,178.06926,1
1506596818,22455125,1.18869,269.30039,0
1506596814,22455102,1.18869,31.27443,0
1506596814,22455099,1.18868,179.06913,0
1506596813,22455095,1.18868,337.92942,0
1506596780,22455016,1.18869,1537.95200,0
1506596780,22455014,1.18868,180.75335,0
1506596778,22455013,1.18868,380.69000,1
1506596767,22454982,1.18869,305.64909,0
1506596766,22454976,1.18869,3571.43825,0
1506596766,22454970,1.18868,608.69540,0
1506596760,22454957,1.18868,657.53583,0
1506596747,22454942,1.18868,30.03125,0
1506596740,22454936,1.18868,297.55526,0
1506596740,22454935,1.18868,297.54000,0
1506596720,22454882,1.18822,97.96991,1
1506596712,22454851,1.18868,235.44265,1
1506596712,22454850,1.18868,384.65735,0
1506596689,22454818,1.18868,19.16675,0
1506596673,22454800,1.18868,90.26225,1
1506596672,22454799,1.18868,341.47000,1
1506596670,22454797,1.18869,44.02325,0
1506596664,22454783,1.18869,201.46537,0
1506596664,22454782,1.18868,341.47024,0
1506596662,22454778,1.18868,73.78711,0
1506596656,22454768,1.18869,277.13647,0
1506596656,22454767,1.18868,0.26133,0
1506596650,22454749,1.18868,117.84148,0
1506596647,22454742,1.18868,195.89841,0
1506596647,22454738,1.18868,127.08948,0
1506596636,22454714,1.18868,193.85782,0
1506596633,22454711,1.18869,5.05634,0
1506596632,22454709,1.18868,300.00000,0
1506596610,22454673,1.18869,92.21000,0
1506596610,22454672,1.18869,179.09332,0
1506596610,22454671,1.18868,0.00865,0
1506596609,22454668,1.18868,411.50000,0
1506596605,22454662,1.18869,100.68895,0
1506596604,22454658,1.18869,1134.83402,0
1506596604,22454653,1.18869,94.02046,0
1506596596,22454638,1.18869,58.12633,0
1506596596,22454634,1.18869,386.19205,0
1506596596,22454633,1.18868,0.00795,0
1506596595,22454629,1.18868,308.89000,0
1506596593,22454621,1.18868,145.80815,1
1506596592,22454617,1.18869,139.56040,0
1506596590,22454613,1.18869,139.56040,0
1506596588,22454611,1.18869,245.08604,0
1506596584,22454605,1.18869,145.34615,0
1506596584,22454603,1.18868,356.63098,0
1506596582,22454598,1.18868,145.80692,0
1506596580,22454595,1.18869,132.56652,0
1506596576,22454584,1.18869,275.87380,0
1506596575,22454583,1.18868,278.79307,0
1506596574,22454579,1.18868,276.38693,0
1506596528,22454513,1.18868,51.80424,0
1506596488,22454486,1.18821,90.00000,1
1506596483,22454480,1.18869,405.32988,0
1506596477,22454470,1.18821,27.86150,1
1506596477,22454469,1.18868,72.13850,1
1506596476,22454467,1.18868,494.41150,0
1506596475,22454466,1.18868,72.14000,0
1506596463,22454451,1.18868,594.78000,0
1506596446,22454427,1.18868,71.68000,0
1506596439,22454404,1.18868,213.92183,0
1506596439,22454403,1.18860,6.78139,0
1506596438,22454402,1.18857,300.00000,0
1506596438,22454401,1.18850,6.78196,0
1506596438,22454400,1.18840,6.78253,0
1506596438,22454399,1.18830,6.78311,0
1506596438,22454397,1.18823,1.06919,0
1506596438,22454395,1.18823,67.75999,0
1506596396,22454286,1.18820,6.78369,0
1506596396,22454285,1.18800,6.81028,0
1506596396,22454283,1.18785,3.09498,0
1506596394,22454280,1.18785,2465.98714,0
1506596390,22454278,1.18785,1530.91788,0
1506596390,22454277,1.18780,6.81143,0
1506596389,22454276,1.18760,6.81259,0
1506596389,22454275,1.18740,6.78829,0
1506596389,22454274,1.18730,6.81432,0
1506596389,22454273,1.18720,6.78944,0
1506596389,22454271,1.18710,6.81548,0
1506596389,22454269,1.18700,6.79060,0
1506596384,22454267,1.18694,0.07592,0
1506596384,22454264,1.18694,73.45266,0
1506596380,22454256,1.18694,165.67027,0
1506596376,22454248,1.18694,304.57030,0
1506596375,22454246,1.18694,773.38000,0
1506596367,22454234,1.18694,777.37561,0
1506596367,22454230,1.18694,116.48213,0
1506596365,22454223,1.18694,116.48000,0
1506596361,22454213,1.18694,452.20223,0
1506596354,22454203,1.18694,891.15000,0
1506596347,22454192,1.18694,329.16088,0
1506596347,22454191,1.18690,6.81664,0
1506596347,22454190,1.18680,6.79175,0
1506596347,22454189,1.18670,6.81780,0
1506596347,22454187,1.18660,6.79290,0
1506596346,22454186,1.18650,0.81533,0
1506596332,22454156,1.18650,493.83190,0
1506596329,22454149,1.18650,541.87000,0
1506596324,22454138,1.18650,571.46923,0
1506596322,22454131,1.18650,172.85070,0
1506596318,22454125,1.18650,478.92000,0
1506596317,22454124,1.18650,107.97080,0
1506596316,22454121,1.18650,62.84000,0
1506596314,22454115,1.18650,608.21620,0
1506596313,22454108,1.18650,1961.21584,0
1506596313,22454107,1.18650,972.98894,0
1506596312,22454104,1.18650,484.16588,0
1506596310,22454094,1.18650,678.23000,0
1506596309,22454088,1.18650,228.73481,0
1506596308,22454082,1.18650,608.06790,0
1506596305,22454071,1.18650,228.62176,0
1506596301,22454056,1.18650,313.69881,0
1506596296,22454031,1.18650,6.32216,0
1506596295,22454028,1.18650,229.34594,0
1506596291,22454008,1.18650,1249.82380,0
1506596291,22454004,1.18650,6.81895,0
1506596291,22453999,1.18640,6.79406,0
1506596290,22453997,1.18620,6.79521,0
1506596281,22453959,1.18600,5000.00000,0
1506596281,22453958,1.18600,1604.18984,0
1506596273,22453941,1.18600,371.76912,0
1506596270,22453937,1.18600,3024.04104,0
1506596269,22453935,1.18600,6.79636,0
1506596266,22453927,1.18585,4000.00000,0
1506596266,22453926,1.18550,4128.65349,0
1506596260,22453896,1.18550,69.53647,0
1506596258,22453882,1.18550,801.81004,0
1506596258,22453880,1.18550,708.54316,0
1506596258,22453879,1.18550,362.24377,0
1506596257,22453874,1.18550,304.57346,0
1506596254,22453864,1.18550,839.37579,0
1506596254,22453861,1.18550,202.85288,0
1506596253,22453856,1.18550,202.84268,0
1506596250,22453841,1.18550,303.72778,0
1506596246,22453831,1.18550,303.66898,0
1506596242,22453816,1.18550,69.53647,0
1506596237,22453803,1.18550,1702.63503,0
1506596237,22453802,1.18500,5000.00000,0
1506596237,22453800,1.18500,2775.24201,0
1506596235,22453786,1.18500,29.94936,0
1506596234,22453779,1.18500,29.96158,0
1506596216,22453716,1.18500,873.07981,0
1506596213,22453697,1.18500,120.70042,0
1506596213,22453693,1.18500,1171.06682,0
1506596211,22453686,1.18494,95.63867,0
1506596209,22453672,1.18494,9454.67101,0
1506596205,22453659,1.18494,369.87276,0
1506596201,22453646,1.18494,814.31127,0
1506596201,22453644,1.18494,369.50182,0
1506596198,22453636,1.18494,369.13931,0
1506596194,22453629,1.18494,292.09124,0
1506596191,22453621,1.18494,292.09124,0
1506596187,22453616,1.18494,435.43069,0
1506596185,22453606,1.18494,219.59297,0
1506596182,22453595,1.18494,435.13111,0
1506596177,22453573,1.18494,488.92439,0
1506596177,22453565,1.18494,359.52892,0
1506596175,22453556,1.18494,1723.85000,0
1506596175,22453549,1.18494,9431.86524,0
1506596174,22453546,1.18494,418.45130,0
1506596174,22453543,1.18488,54.46293,0
1506596173,22453540,1.18488,477.89790,1
1506596173,22453539,1.18490,253.77334,1
1506596173,22453537,1.18488,235.59090,0
1506596172,22453535,1.18488,218.60830,0
1506596172,22453531,1.18488,307.26213,0
1506596169,22453523,1.18488,3051.05000,0
1506596169,22453521,1.18488,414.00549,0
1506596169,22453519,1.18488,303.77425,0
1506596167,22453506,1.18488,11.63888,0
1506596166,22453504,1.18488,458.07005,0
1506596165,22453502,1.18489,5329.14211,0
1506596165,22453499,1.18489,712.50252,0
1506596164,22453495,1.18489,543.86202,0
1506596164,22453494,1.18489,488.68494,0
1506596163,22453490,1.18489,3279.58823,0
1506596163,22453488,1.18489,607.81774,0
1506596163,22453486,1.18489,150.14902,0
1506596163,22453482,1.18489,9431.25440,0
1506596162,22453476,1.18489,1894.59177,0
1506596161,22453466,1.18489,488.44519,0
1506596160,22453462,1.18488,1447.31934,0
1506596160,22453458,1.18488,100.29406,0
1506596160,22453456,1.18488,3289.76877,0
1506596159,22453449,1.18488,162.61783,0
1506596157,22453440,1.18489,474.59967,0
1506596155,22453426,1.18489,3638.99239,0
1506596155,22453424,1.18488,281.92865,0
1506596155,22453423,1.18488,5000.00000,0
1506596155,22453420,1.18488,341.97521,0
1506596154,22453409,1.18488,487.20283,0
1506596153,22453404,1.18488,305.00927,0
1506596153,22453397,1.18488,348.14361,0
1506596152,22453389,1.18488,253.19020,0
1506596152,22453385,1.18488,711.16905,0
1506596151,22453379,1.18488,268.76175,0
1506596151,22453372,1.18488,473.88820,0
1506596128,22453316,1.18488,762.64866,0
1506596120,22453306,1.18488,486.91515,0
1506596119,22453305,1.18488,561.09607,0
1506596118,22453297,1.18488,0.11187,0
1506596091,22453277,1.18488,127.11414,0
1506596091,22453274,1.18488,3289.54813,0
1506596083,22453255,1.18488,126.98711,0
1506596028,22453096,1.18488,506.56605,0
1506596021,22453085,1.18488,949.67270,0
1506596021,22453084,1.18488,329.03060,0
1506595974,22453009,1.18490,347.06000,0
1506595973,22453008,1.18490,122.11000,0
1506595971,22453004,1.18490,580.48000,0
1506595969,22453001,1.18490,580.04000,0
1506595968,22452998,1.18490,77.98000,0
1506595967,22452996,1.18490,508.76507,0
1506595966,22452993,1.18490,883.19559,0
1506595962,22452988,1.18492,2605.45000,0
1506595962,22452985,1.18492,508.75648,0
1506595961,22452984,1.18492,913.18310,0
1506595960,22452983,1.18491,363.56975,0
1506595956,22452970,1.18492,400.37071,0
1506595956,22452968,1.18491,118.17162,0
1506595955,22452965,1.18491,283.56343,0
1506595930,22452897,1.18491,31.14000,0
1506595922,22452885,1.18491,32.55015,0
1506595920,22452883,1.18491,252.68133,1
1506595920,22452882,1.18492,161.16234,0
1506595920,22452879,1.18491,160.73017,1
1506595919,22452874,1.18492,1455.34612,0
1506595918,22452862,1.18491,2.06706,0
1506595917,22452855,1.18491,411.34444,0
1506595873,22452751,1.18491,124.18790,0
1506595869,22452742,1.18491,107.07821,0
1506595862,22452718,1.18491,255.45835,0
1506595853,22452703,1.18492,6903.06331,0
1506595848,22452691,1.18492,2408.12078,0
1506595845,22452680,1.18492,69.21626,0
1506595845,22452679,1.18491,212.97150,0
1506595843,22452676,1.18491,69.53000,0
1506595838,22452665,1.18492,344.64342,0
1506595836,22452659,1.18492,344.64342,0
1506595832,22452649,1.18492,311.59275,0
1506595831,22452641,1.18492,1244.48063,0
1506595830,22452640,1.18491,312.15575,0
1506595807,22452624,1.18492,3521.52141,0
1506595804,22452615,1.18492,101.07219,0
1506595804,22452612,1.18491,242.66410,0
1506595803,22452607,1.18491,102.26000,0
1506595797,22452600,1.18491,380.33564,0
1506595777,22452553,1.18491,202.06929,0
1506595764,22452548,1.18492,1436.40624,0
1506595762,22452542,1.18491,406.68645,0
1506595757,22452530,1.18492,231.65120,0
1506595754,22452521,1.18491,192.48340,0
1506595754,22452520,1.18491,439.24000,0
1506595748,22452502,1.18491,453.35066,0
1506595737,22452467,1.18491,196.10000,0
1506595700,22452413,1.18493,766.49153,0
1506595699,22452409,1.18493,261.72109,0
1506595676,22452365,1.18493,248.37000,0
1506595610,22452255,1.18493,483.54312,0
1506595601,22452233,1.18493,6.36579,0
1506595550,22452187,1.18494,354.29639,0
1506595549,22452185,1.18494,25.80955,0
1506595546,22452178,1.18493,435.36456,0
1506595546,22452176,1.18493,202.06929,0
1506595534,22452167,1.18494,682.61000,0
1506595533,22452163,1.18494,900.40845,0
1506595531,22452157,1.18494,714.23367,0
1506595531,22452155,1.18493,186.12414,0
1506595530,22452147,1.18493,127.78728,0
1506595525,22452139,1.18493,390.43568,0
1506595520,22452133,1.18493,262.65169,0
1506595513,22452125,1.18493,437.97000,0
1506595510,22452121,1.18494,1064.23000,0
1506595507,22452112,1.18494,359.90000,0
1506595506,22452108,1.18494,328.42000,0
1506595503,22452079,1.18493,420.29561,0
1506595502,22452075,1.18493,354.29639,0
1506595487,22452065,1.18493,384.86146,0
1506595487,22452064,1.18444,0.00514,0
1506595452,22452051,1.18444,99.96486,0
1506595452,22452050,1.18444,23.40684,0
1506595452,22452049,1.18444,253.75121,0
1506595451,22452048,1.18444,214.85902,0
1506595451,22452046,1.18444,366.08439,0
1506595451,22452045,1.18444,488.59955,0
1506595451,22452044,1.18444,39.65413,0
1506595449,22452037,1.18444,448.94542,0
1506595449,22452036,1.18444,85.26458,0
1506595447,22452032,1.18444,182.53000,0
1506595442,22452014,1.18444,2178.39621,0
1506595442,22452011,1.18444,854.28098,0
1506595441,22452009,1.18444,775.67281,0
1506595440,22452006,1.18444,78.60817,0
1506595440,22452005,1.18444,170.87777,0
1506595440,22452004,1.18444,57.38188,0
1506595440,22452003,1.18444,40.90283,0
1506595439,22452001,1.18444,45.34619,0
1506595439,22452000,1.18444,1.09775,0
1506595438,22451998,1.18444,24.31522,0
1506595393,22451967,1.18443,149.84571,0
1506595349,22451889,1.18444,49.70176,0
1506595344,22451866,1.18444,17.94962,0
1506595344,22451864,1.18441,123.33925,0
1506595271,22451754,1.17995,50.00000,1
1506595116,22451594,1.18444,41.15881,0
1506595116,22451592,1.18444,445.77116,0
1506595114,22451583,1.18444,799.45323,0
1506595114,22451582,1.18444,89.31677,0
1506595110,22451557,1.18443,46.74342,0
1506595105,22451526,1.18444,134.97323,0
1506595105,22451522,1.18442,0.01677,0
1506595105,22451518,1.18442,1196.62000,0
1506595104,22451516,1.18441,0.01000,0
1506595104,22451513,1.18441,329.99000,0
1506595097,22451489,1.18441,277.05063,0
1506594854,22451060,1.18441,6.06127,0
1506594838,22451035,1.17892,5.50000,1
1506594752,22450976,1.18441,229.84000,1
1506594750,22450973,1.18441,63.89831,0
1506594723,22450950,1.18441,426.48520,0
1506594573,22450770,1.18442,2803.36323,0
1506594573,22450769,1.18385,4000.00000,0
1506594572,22450766,1.18347,945.09031,0
1506594572,22450764,1.18346,1620.00000,0
1506594568,22450753,1.18346,100.25652,0
1506594568,22450750,1.18346,45.76552,0
1506594568,22450747,1.18347,47.31000,0
1506594567,22450734,1.18345,45.61080,0
1506594566,22450728,1.18347,7.59969,0
1506594566,22450724,1.18346,45.84000,0
1506594562,22450705,1.18345,6843.93727,0
1506594559,22450681,1.18330,82.62000,0
1506594494,22450560,1.18343,30.10577,0
1506594491,22450553,1.18345,326.62242,0
1506594488,22450534,1.18343,90.46320,0
1506594420,22450432,1.17749,200.36821,1
1506594420,22450431,1.17760,6.81895,1
1506594420,22450430,1.17780,6.81780,1
1506594420,22450429,1.17800,6.81664,1
1506594420,22450428,1.17820,6.81548,1
1506594420,22450427,1.17840,6.81432,1
1506594419,22450426,1.17870,6.81259,1
1506594419,22450424,1.17890,6.81143,1
1506594419,22450422,1.17910,6.81028,1
1506594354,22450262,1.18329,92.99860,0
1506594349,22450250,1.18334,267.29168,0
1506594344,22450232,1.18340,267.30071,0
1506594294,22450049,1.17748,99.97000,1
1506594175,22449770,1.17748,23.40684,1
1506594175,22449769,1.17749,388.14140,0
1506594175,22449768,1.17749,16.74129,0
1506594170,22449761,1.17748,253.75121,1
1506594161,22449745,1.17748,214.85902,1
1506594136,22449675,1.17748,366.08439,1
1506594109,22449634,1.17748,488.59955,1
1506594105,22449623,1.17748,488.59955,1
1506594096,22449617,1.17748,2446.19079,1
1506594092,22449612,1.17748,854.28098,1
1506594088,22449604,1.17748,854.28098,1
1506594084,22449600,1.17748,170.87777,1
1506594081,22449591,1.17748,57.38188,1
1506594077,22449582,1.17749,147.66034,1
1506594077,22449581,1.17749,2665.35140,1
1506594074,22449575,1.17749,536.11005,1
1506594073,22449574,1.17749,140.81994,1
1506594071,22449569,1.17749,69.75023,1
1506594059,22449539,1.17749,137.26387,1
1506594059,22449537,1.17758,10.68208,1
1506593736,22449264,1.17750,154.10999,0
1506593578,22449100,1.17749,3561.52278,1
1506593574,22449086,1.17749,447.93840,1
1506593572,22449084,1.17749,3232.87713,1
1506593567,22449078,1.17749,425.00127,1
1506593561,22449065,1.17749,430.52697,1
1506593558,22449062,1.17749,1354.32003,1
1506593558,22449060,1.17749,497.97999,1
1506593557,22449059,1.17749,1016.90999,1
1506593556,22449058,1.17749,789.16070,1
1506593551,22449050,1.17749,434.47895,1
1506593551,22449049,1.17750,26.15111,1
1506593546,22449035,1.17750,154.11000,1
1506593539,22449025,1.17749,825.32000,1
1506593539,22449024,1.17749,1016.91000,1
1506593529,22449003,1.17749,689.57001,1
1506593528,22449002,1.17749,825.31999,1
1506593526,22448996,1.17749,325.67000,1
1506593526,22448994,1.17749,688.19000,1
1506593525,22448993,1.17749,825.32000,1
1506593517,22448964,1.17749,467.78000,1
1506593514,22448951,1.17749,639.30999,1
1506592773,22448180,1.17749,2614.50359,1
1506592773,22448179,1.17750,164.43571,1
1506592773,22448178,1.17753,171.06070,1
1506591808,22447634,1.17753,104.70323,1
1506591808,22447632,1.17753,104.80797,1
1506591704,22447535,1.17758,70.00000,1
1506591685,22447519,1.17771,26.03595,1
1506591607,22447428,1.17751,380.97000,0
1506591602,22447413,1.17753,380.99195,1
1506591598,22447397,1.17750,203.74813,0
1506591579,22447315,1.17752,607.98119,1
1506591440,22447121,1.17748,86.24902,1
1506591407,22447082,1.17749,133.17311,1
1506591406,22447081,1.17748,1.09775,1
1506591406,22447080,1.17749,189.65065,1
1506591056,22446923,1.17749,100.00000,1
1506591009,22446886,1.17748,133.12541,1
1506590843,22446772,1.17748,1245.22439,1
1506590841,22446770,1.17748,224.29000,1
1506590839,22446768,1.17747,224.13581,0
1506590790,22446724,1.17746,1340.42771,1
1506590787,22446721,1.17746,1.66701,1
1506590787,22446720,1.17747,247.69096,1
1506590581,22446534,1.17747,70.00000,1
1506589951,22446007,1.17747,361.94553,1
1506589416,22445568,1.17747,60.00000,1
1506589362,22445515,1.17747,423.67020,1
1506589359,22445511,1.17747,423.61561,1
1506589070,22445155,1.17747,129.50000,1
1506588915,22444962,1.17746,100.80000,1
1506588782,22444861,1.17746,200.30000,1
1506588767,22444844,1.17746,354.49407,1
1506588756,22444825,1.17746,417.93000,1
1506588191,22444429,1.17746,100.00000,1
1506588076,22444361,1.17746,90.00000,1
1506587394,22443640,1.17744,13.07791,1
1506586854,22443247,1.17742,104.85630,1
1506585726,22442359,1.17943,407.63375,0
1506585725,22442357,1.17942,17.74735,0
1506585725,22442355,1.17942,207.45264,0
1506585725,22442354,1.17942,193.14709,0
1506585677,22442297,1.17742,80.00000,1
1506585636,22442255,1.17835,16.67816,1
1506585636,22442254,1.17835,1.06919,1
1506585634,22442249,1.17942,122.83870,0
1506585631,22442242,1.17942,262.45420,0
1506585178,22441966,1.17835,67.75999,1
1506585166,22441958,1.17917,506.94610,1
1506585159,22441951,1.17917,331.99876,1
1506585157,22441945,1.17917,906.87998,1
1506585155,22441942,1.17917,340.09999,1
1506585138,22441908,1.17917,260.43743,1
1506585120,22441887,1.17917,467.65946,1
1506585095,22441879,1.17917,1081.56585,1
1506585059,22441861,1.17918,512.31866,1
1506584988,22441821,1.17917,104.41243,1
1506584905,22441759,1.17942,435.32752,1
1506584904,22441757,1.17942,407.63375,1
1506584903,22441752,1.17942,1563.97624,1
1506584900,22441747,1.17943,34.93788,1
1506584899,22441745,1.17943,1936.50999,1
1506584885,22441737,1.17943,1127.48015,1
1506584876,22441715,1.17943,462.14803,1
1506584839,22441683,1.17943,142.06539,1
1506584790,22441642,1.17943,262.98375,1
1506584789,22441639,1.17943,582.79998,1
1506584780,22441635,1.17943,156.57564,1
1506584780,22441634,1.17943,645.69609,1
1506584771,22441626,1.17943,95.08999,1
1506584755,22441617,1.17943,308.82999,1
1506584735,22441601,1.17943,338.40999,1
1506584729,22441595,1.17943,239.06999,1
1506584725,22441589,1.17943,180.99999,1
1506584718,22441585,1.17943,342.57989,1
1506584717,22441581,1.17943,155.80030,1
1506584709,22441577,1.17943,180.98574,1
1506584709,22441574,1.17943,67.70999,1
1506584697,22441525,1.17943,186.72580,1
1506584689,22441520,1.17943,45.50733,1
1506584687,22441517,1.17943,67.70220,1
1506584686,22441515,1.17943,39.58905,1
1506584679,22441511,1.17943,1356.70467,1
1506584678,22441507,1.17943,155.73883,1
1506584633,22441483,1.17943,75.29472,1
1506584593,22441468,1.17943,39.59418,1
1506584534,22441420,1.17943,114.71644,1
1506584495,22441399,1.17943,673.28999,1
1506584494,22441396,1.17943,279.60998,1
1506584485,22441387,1.17943,1337.63999,1
1506584485,22441384,1.17943,1693.67000,1
1506584483,22441377,1.17943,1693.27647,1
1506584482,22441374,1.17943,1337.23353,1
1506584481,22441373,1.17943,1693.27646,1
1506584440,22441322,1.17943,258.60999,1
1506584388,22441297,1.17943,239.20878,1
1506584380,22441285,1.17943,1442.18999,1
1506584354,22441266,1.17943,253.70730,1
1506584353,22441264,1.17943,282.03967,1
1506584352,22441261,1.17943,2111.96032,1
1506584327,22441238,1.17943,95.93618,1
1506584296,22441219,1.17943,114.32642,1
1506584294,22441218,1.17943,373.74162,1
1506584285,22441204,1.17943,102.20000,1
1506584277,22441182,1.17943,174.02000,1
1506584277,22441180,1.17943,543.30999,1
1506584274,22441175,1.17943,255.59999,1
1506584081,22441037,1.17943,702.90734,1
1506584068,22441027,1.17942,169.23000,1
1506584018,22440994,1.17942,480.09191,1
1506583966,22440971,1.17942,180.27467,1
1506583957,22440949,1.17942,701.92977,1
1506583945,22440943,1.17942,61.53614,1
1506583945,22440942,1.18001,319.82080,1
1506583870,22440914,1.18001,96.96999,1
1506583863,22440896,1.18001,158.22748,1
1506583863,22440891,1.18001,919.38362,1
1506583862,22440886,1.18001,158.21900,1
1506583860,22440880,1.18001,180.30068,1
1506583859,22440877,1.18001,102.34000,1
1506583857,22440867,1.18001,1844.15387,1
1506583771,22440811,1.18001,284.25183,1
1506583770,22440807,1.18001,699.92628,1
1506583769,22440804,1.18001,772.08668,1
1506583724,22440735,1.18001,67.73672,1
1506583723,22440730,1.18001,26.05999,1
1506583721,22440729,1.18001,439.19599,1
1506583718,22440725,1.18001,3163.55234,1
1506583717,22440719,1.18001,102.46000,1
1506583715,22440716,1.18001,2358.14461,1
1506583715,22440714,1.18001,172.31763,1
1506583714,22440713,1.18001,172.39999,1
1506583714,22440708,1.18001,936.92003,1
1506583712,22440703,1.18001,1368.66998,1
1506583710,22440702,1.18001,78.01999,1
1506583709,22440699,1.18001,47.93287,1
1506583704,22440674,1.18001,181.00012,1
1506583704,22440671,1.18001,47.93287,1
1506583699,22440653,1.18001,180.91728,1
1506583697,22440651,1.18001,1586.15817,1
1506583696,22440648,1.18001,1563.25182,1
1506583692,22440639,1.18001,851.40462,1
1506583686,22440616,1.18001,77.30999,1
1506583685,22440612,1.18001,77.23049,1
1506583682,22440605,1.18001,285.20999,1
1506583682,22440602,1.18001,712.38241,1
1506583680,22440598,1.18001,180.67157,1
1506583678,22440595,1.18001,1467.30588,1
1506583671,22440578,1.18001,156.58342,1
1506583486,22440497,1.18001,2781.65850,1
1506583460,22440485,1.18001,381.89250,1
1506583444,22440478,1.18004,854.31337,1
1506583440,22440467,1.18004,862.98679,1
1506583437,22440463,1.18004,184.65406,1
1506583422,22440450,1.18004,119.14613,1
1506583419,22440445,1.18004,118.95360,1
1506583417,22440439,1.18004,102.47000,1
1506583415,22440433,1.18004,119.02175,1
1506583415,22440432,1.18005,0.00532,1
1506583360,22440403,1.18005,57.40435,1
1506583357,22440397,1.18005,153.77315,1
1506583326,22440382,1.18005,700.02966,1
1506583222,22440356,1.18005,180.60472,1
1506583219,22440350,1.18005,165.08000,1
1506583129,22440326,1.18005,262.01433,1
1506583097,22440303,1.18005,52.02795,1
1506583027,22440249,1.18005,35.80357,1
1506582978,22440216,1.18005,49.83688,1
1506582960,22440193,1.18005,174.40787,1
1506582928,22440146,1.18005,1259.42365,1
1506582926,22440142,1.18005,473.58855,1
1506582925,22440140,1.18005,721.09996,1
1506582920,22440132,1.18005,67.99000,1
1506582920,22440129,1.18005,180.75194,1
1506582905,22440111,1.18005,192.86471,1
1506582875,22440085,1.18005,78.26999,1
1506582870,22440081,1.18005,782.69999,1
1506582869,22440072,1.18005,278.62379,1
1506582863,22440063,1.18005,78.27000,1
1506582862,22440062,1.18005,129.95213,1
1506582810,22440014,1.18005,208.44880,1
1506582743,22439945,1.18005,26.03595,1
1506582742,22439942,1.18005,212.10977,1
1506582722,22439926,1.18006,168.15279,1
1506582689,22439901,1.18006,267.61999,1
1506582562,22439833,1.18005,459.91272,1
1506582548,22439801,1.18006,229.57956,1
1506582138,22439489,1.18005,1582.75839,1
1506582138,22439488,1.18005,958.38162,1
1506582135,22439484,1.18005,1612.87691,1
1506582135,22439483,1.18005,928.26310,1
1506582121,22439467,1.18005,484.95403,1
1506581977,22439338,1.18005,1044.14886,1
1506581972,22439334,1.18005,2542.63401,1
1506581605,22439155,1.18000,94.86999,1
1506581489,22439052,1.18000,470.25999,1
1506581487,22439047,1.18000,202.21999,1
1506581377,22438977,1.18000,70.00000,1
1506580314,22438335,1.18000,309.92165,1
1506580314,22438334,1.18000,180.38113,1
1506580311,22438331,1.18000,54.74607,1
1506580294,22438318,1.18000,423.91739,1
1506580290,22438315,1.18000,2077.61436,1
1506580252,22438252,1.18000,190.29266,1
1506580084,22438144,1.18001,190.85999,1
1506580077,22438134,1.18001,2611.16552,1
1506580074,22438125,1.18001,351.09780,1
1506580070,22438118,1.18001,351.09780,1
1506580023,22438073,1.18002,70.00000,1
1506580019,22438066,1.18001,1.00548,1
1506580019,22438064,1.18002,130.00000,1
1506580015,22438048,1.18002,258.70000,1
1506579776,22437836,1.18002,5.95334,1
1506579761,22437822,1.18002,90.00000,1
1506579750,22437814,1.18001,138.63767,1
1506579747,22437800,1.18002,307.39856,1
1506579671,22437711,1.18002,100.00000,1
1506579247,22437502,1.18002,109.55661,1
1506579246,22437495,1.18002,309.30645,1
1506579239,22437470,1.18002,193.94535,1
1506579136,22437403,1.18002,69.12999,1
1506579070,22437342,1.18013,3.53557,0
1506579069,22437340,1.18014,18.00000,1
1506579067,22437333,1.18015,36.06999,1
1506578894,22437249,1.18015,102.64797,1
1506578802,22437189,1.18015,59.99999,1
1506578799,22437183,1.18015,809.99873,1
1506578667,22437094,1.18015,27.95000,1
1506578666,22437092,1.18016,890.00000,1
1506578666,22437091,1.18016,18.00000,1
1506578666,22437090,1.18016,504.04999,1
1506578317,22436988,1.18595,196.51273,0
1506576753,22435974,1.18014,1138.11673,1
1506576614,22435874,1.18008,80.00000,1
1506576433,22435795,1.18009,148.50023,1
1506576404,22435770,1.18007,861.00243,1
1506574871,22434825,1.18007,69.37611,1
1506574237,22434232,1.18600,49.12545,0
1506574237,22434230,1.18600,572.37325,0
1506574173,22434178,1.18600,143.34781,0
1506574172,22434176,1.18600,526.17329,0
1506574167,22434167,1.18600,108.66074,0
1506574041,22434046,1.18600,129.73272,0
1506573980,22433931,1.18011,216.08140,1
1506573976,22433922,1.18600,95.78000,0
1506573970,22433913,1.18600,84.30000,0
1506573934,22433858,1.18600,76.70000,0
1506573918,22433825,1.18007,60.00000,1
1506573909,22433792,1.18600,122.32587,0
1506573859,22433700,1.18600,59.15347,0
1506573855,22433692,1.18600,443.33089,0
1506573852,22433691,1.18600,59.01311,0
1506573852,22433690,1.18580,0.02353,0
1506573852,22433687,1.18580,6.77399,0
1506573852,22433686,1.18570,6.79810,0
1506573851,22433685,1.18560,6.79867,0
1506573851,22433683,1.18550,0.15685,0
1506573818,22433642,1.18550,119.29098,0
1506573567,22433522,1.18550,476.00000,0
1506573511,22433495,1.18550,350.64040,0
1506573506,22433488,1.18550,3304.43365,0
1506573493,22433479,1.18550,749.47812,0
1506573493,22433478,1.18550,1387.85468,0
1506573488,22433470,1.18550,3612.14532,0
1506573485,22433466,1.18500,4.74607,0
1506573483,22433461,1.18500,2996.78595,0
1506573477,22433452,1.18500,784.22153,0
1506573473,22433448,1.18500,153.51508,0
1506573466,22433441,1.18500,153.51508,0
1506573458,22433428,1.18500,907.21629,0
1506573458,22433427,1.18500,606.81526,0
1506573454,22433425,1.18500,3609.44682,0
1506573451,22433424,1.18500,783.73792,0
1506573451,22433421,1.18498,0.48357,0
1506573444,22433418,1.18498,598.97713,0
1506573241,22433347,1.18498,3608.36039,0
1506573237,22433330,1.18498,3607.97069,0
1506573211,22433319,1.18498,836.89434,0
1506573185,22433307,1.18498,488.69000,0
1506573159,22433283,1.18498,593.81255,0
1506572550,22433094,1.18498,500.62067,0
1506572546,22433091,1.18498,500.62067,0
1506572532,22433059,1.18498,3546.31089,0
1506572525,22433049,1.18496,64.09233,0
1506572491,22433015,1.17948,60.00000,1
1506572488,22433011,1.18498,3541.52932,0
1506572488,22433010,1.18497,1.06296,0
1506572484,22433003,1.18497,682.38509,0
1506572464,22432986,1.18498,682.73091,0
1506572383,22432935,1.18419,10.74105,1
1506572193,22432828,1.18420,184.10861,1
1506572190,22432822,1.18420,539.34745,1
1506572184,22432815,1.18420,3.55784,1
1506572184,22432814,1.18420,10.46081,1
1506572109,22432781,1.18498,2343.61449,0
1506572109,22432779,1.18497,742.85630,0
1506572105,22432777,1.18498,3599.65021,0
1506572100,22432774,1.18498,1549.73417,0
1506572097,22432771,1.18497,93.81610,0
1506572097,22432770,1.18497,727.02000,0
1506572050,22432753,1.18497,720.24557,0
1506572042,22432746,1.18497,186.10887,0
1506571990,22432719,1.18497,437.53005,0
1506571890,22432637,1.18497,46.40534,0
1506571848,22432607,1.18494,231.92919,0
1506571847,22432602,1.18494,10.46789,0
1506571796,22432540,1.18420,62.37999,1
1506571535,22432421,1.18494,342.45387,0
1506571466,22432397,1.18494,36.48000,0
1506571414,22432364,1.18494,405.96000,0
1506571402,22432358,1.18494,1079.56520,0
1506571364,22432338,1.18472,157.82926,1
1506571331,22432310,1.18472,90.00000,1
1506571251,22432253,1.18494,482.84000,0
1506571226,22432245,1.18494,573.54000,0
1506571165,22432233,1.18494,100.84924,0
1506571145,22432224,1.18494,639.51760,0
1506571120,22432209,1.18494,96.39701,0
1506570953,22432128,1.18470,9.02353,0
1506570951,22432124,1.18470,257.40000,0
1506570930,22432104,1.18470,540.79000,0
1506570928,22432101,1.18470,38.97000,0
1506570926,22432098,1.18470,253.81647,0
1506570891,22432078,1.18417,0.01566,0
1506570888,22432075,1.18417,10.75671,0
1506570861,22432065,1.18417,927.31971,0
1506570861,22432062,1.18416,10.00000,0
1506570858,22432058,1.18417,61.90792,0
1506570857,22432055,1.18417,106.04201,0
1506570857,22432054,1.18416,30.00000,0
1506570854,22432051,1.18416,49.95166,0
1506570850,22432045,1.18416,99.90361,0
1506570797,22432008,1.18416,199.79038,0
1506570790,22431994,1.17789,264.07334,1
1506570765,22431934,1.18417,1394.02000,0
1506570646,22431836,1.18417,6.13818,0
1506570631,22431827,1.18417,19.69874,0
1506570611,22431811,1.18417,2338.51000,0
1506570502,22431740,1.18416,79.74000,0
1506570501,22431738,1.18416,322.98765,0
1506570457,22431704,1.18417,25.86688,0
1506570243,22431597,1.18414,790.93375,0
1506570243,22431596,1.18414,209.06625,0
1506570242,22431595,1.18413,140.00000,0
1506565759,22430233,1.17786,25.84649,0
1506565759,22430230,1.17786,38.59089,0
1506564249,22429517,1.18414,270.00000,0
1506564244,22429514,1.18414,59.78177,0
1506564209,22429486,1.17738,417.35000,1
1506563929,22429377,1.17735,60.00000,0
1506563875,22429363,1.18415,39.75165,0
1506563867,22429360,1.18415,39.67170,0
1506563863,22429352,1.18415,37.06300,0
1506562790,22429000,1.18416,60.34041,0
1506562789,22428997,1.18416,69.65959,0
1506562559,22428856,1.17711,60.00000,0
1506559992,22428170,1.17681,50.00000,1
1506559955,22428161,1.18412,210.03241,1
1506559955,22428160,1.18413,0.00543,1
1506559954,22428158,1.18413,526.46247,1
1506559935,22428141,1.18417,51.72000,0
1506559933,22428139,1.18417,25.75714,0
1506559933,22428138,1.18416,25.96286,0
1506559929,22428133,1.18416,51.72000,0
1506559927,22428130,1.18416,51.72000,0
1506559924,22428122,1.18416,51.72000,0
1506559921,22428103,1.18416,415.80801,0
1506559921,22428101,1.18413,1000.00000,0
1506559919,22428087,1.18412,51.60761,0
1506559266,22427725,1.17697,60.00000,1
1506558065,22427234,1.17787,50.00000,1
1506557152,22426929,1.18415,26.07765,0
1506557152,22426926,1.18416,26.48222,0
1506557148,22426916,1.18416,25.36624,0
1506557144,22426901,1.18415,1713.91023,0
1506557144,22426898,1.18415,11.50542,0
1506557141,22426882,1.18415,65.65091,0
1506557136,22426856,1.18408,596.01993,0
1506557134,22426845,1.18406,583.84709,1
1506557133,22426840,1.18404,402.24512,0
1506557132,22426835,1.18407,139.84204,0
1506557131,22426831,1.18406,301.94102,0
1506556868,22426785,1.18416,79.47000,0
