date,tid,price,amount,type
1506641936,22489956,46.54,1.77322002,0
1506641932,22489953,46.54,37.73936398,0
1506641932,22489952,46.53,1.78403146,0
1506641931,22489951,46.50,0.10931704,0
1506641931,22489950,46.49,0.11000000,0
1506641930,22489949,46.48,1.78540328,0
1506641930,22489948,46.46,1.78657661,0
1506641930,22489947,46.45,3.21000000,0
1506641928,22489946,46.44,1.78734901,0
1506641928,22489945,46.42,16.06000000,0
1506641529,22489811,46.43,12.89037260,0
1506639958,22489378,46.42,4.20215438,0
1506639957,22489377,46.42,1.78812209,0
1506639957,22489376,46.41,0.10950820,0
1506639957,22489375,46.39,0.11000000,0
1506639955,22489374,46.36,1.79044533,0
1506639450,22489219,46.35,8.48823600,0
1506639259,22489120,46.35,46.08132600,0
1506639257,22489116,46.35,55.85136000,0
1506639255,22489115,46.35,50.58367000,0
1506639254,22489114,46.35,2.00000000,0
1506639249,22489113,46.35,47.66892800,0
1506639249,22489112,46.34,5.73000000,0
1506639206,22489093,46.33,8.23000000,1
1506639201,22489086,46.35,219.00000000,0
1506639197,22489085,46.34,6.81000000,0
1506639190,22489081,46.34,8.09000000,0
1506639172,22489076,46.34,9.07000000,0
1506639158,22489062,46.34,10.77000000,0
1506639147,22489053,46.34,7.15189600,0
1506639054,22489036,46.34,14.14000000,0
1506638982,22489010,46.26,10.00000000,1
1506638804,22488995,46.35,83.09034800,0
1506638804,22488994,46.35,0.10965200,0
1506638804,22488993,46.34,16.80000000,0
1506637948,22488693,46.29,5.38712465,0
1506637894,22488675,46.08,16.00000000,1
1506637661,22488593,46.17,1.78734901,1
1506637223,22488420,46.18,7.25000000,0
1506637162,22488399,46.26,0.53460335,1
1506637152,22488396,46.26,0.66539665,0
1506636437,22488185,46.10,5.00000000,0
1506636424,22488175,46.14,7.25000000,0
1506636352,22488148,46.10,1.00000000,0
1506636340,22488146,46.11,5.50000000,0
1506636281,22488133,46.04,18.23211800,1
1506636280,22488132,46.04,0.34293000,1
1506636107,22488052,46.26,0.00046586,1
1506636106,22488049,46.26,0.66539665,1
1506635456,22487788,46.27,3.17333000,0
1506635285,22487648,46.33,4.30649687,1
1506635116,22487581,46.09,49.01638802,1
1506635116,22487580,46.14,109.00000000,1
1506635115,22487579,46.15,73.98778240,0
1506635115,22487578,46.15,5.83000000,1
1506635115,22487577,46.21,105.61985552,1
1506635115,22487576,46.27,110.28410100,1
1506635114,22487575,46.28,29.09000000,1
1506635093,22487570,46.28,0.26236300,1
1506634975,22487504,46.27,3.87482300,1
1506634940,22487481,46.27,0.11537600,1
1506634870,22487444,46.27,1.72570000,1
1506634839,22487360,46.34,0.00669112,1
1506634838,22487357,46.34,60.00000000,1
1506634836,22487356,46.33,1.99330888,0
1506634831,22487347,46.28,21.32929992,1
1506634822,22487332,46.21,8.38154048,1
1506634805,22487309,46.21,0.99860400,1
1506634416,22487115,46.22,1.78403146,0
1506634413,22487111,46.34,31.51883635,0
1506634413,22487110,46.31,1.79238598,0
1506634413,22487109,46.31,1.79238598,0
1506634413,22487108,46.30,1.79277462,0
1506634412,22487107,46.29,1.79308216,0
1506634412,22487106,46.29,0.11000000,0
1506634412,22487105,46.27,1.79394153,0
1506634412,22487104,46.26,117.00000000,0
1506634411,22487103,46.25,1.79472032,0
1506634411,22487102,46.21,105.00000000,0
1506634411,22487101,46.15,102.00000000,0
1506634411,22487100,46.14,3.87000000,0
1506634410,22487099,46.14,93.00000000,1
1506634410,22487098,46.11,19.35000000,0
1506634410,22487097,46.09,0.11000000,0
1506634409,22487096,45.99,0.11000000,0
1506634069,22486974,45.98,12.30441900,0
1506634010,22486939,45.98,3.84876534,1
1506633946,22486901,45.90,5.58568000,0
1506633890,22486884,45.98,1.79472032,1
1506633877,22486879,46.00,1.79394153,1
1506633837,22486849,46.04,1.79238598,1
1506633350,22486601,46.15,0.50999991,0
1506633349,22486599,46.15,1.78812209,1
1506633112,22486492,46.24,0.50349003,1
1506632858,22486359,46.24,1.79510997,0
1506632607,22486222,46.19,0.11000000,0
1506632581,22486209,46.17,1.79784225,0
1506632577,22486204,46.13,2.95759300,1
1506632468,22486119,46.08,5.98021200,1
1506632468,22486118,46.09,35.54000000,1
1506632435,22486095,46.14,13.09447600,1
1506632435,22486094,46.15,5.13000000,1
1506632405,22486065,46.10,8.44578000,0
1506632394,22486051,46.14,25.64234400,1
1506632333,22486018,46.10,17.00000000,1
1506632314,22486004,46.08,11.64238500,1
1506632309,22486001,46.10,9.50539116,0
1506632307,22485998,46.09,0.11000000,0
1506632280,22485979,46.00,0.59606987,0
1506632278,22485978,45.99,0.11000000,0
1506632166,22485940,45.91,15.20450053,1
1506631937,22485812,45.96,8.80939900,1
1506631549,22485617,45.85,0.00231000,0
1506631548,22485616,45.90,3.30000000,1
1506631436,22485594,45.98,0.00155000,1
1506631436,22485593,45.98,2.21800000,1
1506631111,22485411,45.99,0.94759635,0
1506631111,22485410,45.99,0.11000000,0
1506630839,22485264,45.98,17.24601896,1
1506630839,22485263,45.98,28.57760000,1
1506630839,22485262,45.96,51.63500000,0
1506630837,22485261,45.95,51.96043779,0
1506630742,22485232,45.94,2.00023000,0
1506630666,22485213,46.00,0.00000048,1
1506630666,22485212,46.00,4.69509300,1
1506630666,22485211,46.00,23.78891500,1
1506630664,22485209,45.97,0.25000000,0
1506630664,22485208,45.96,3.08000000,0
1506630664,22485207,45.94,47.47000000,0
1506630664,22485206,45.87,15.41000000,0
1506630664,22485205,45.79,1.00988004,0
1506630575,22485146,45.70,0.25000000,1
1506630206,22485012,45.79,23.83000000,1
1506630128,22484959,45.98,1.08460200,0
1506630099,22484939,45.85,18.34080000,1
1506630092,22484928,45.79,10.50000000,1
1506630078,22484917,45.83,10.50000000,1
1506630072,22484911,45.81,18.34080000,1
1506630069,22484909,45.90,10.50000000,1
1506629735,22484759,46.01,7.02583000,1
1506629733,22484757,45.98,13.09000000,0
1506629531,22484587,45.99,1.05483980,0
1506628994,22484280,46.01,2.16800696,1
1506628760,22484106,46.04,10.83405734,0
1506628436,22483973,45.97,2.00000000,1
1506628405,22483937,45.97,4.35958234,0
1506628405,22483936,45.97,1.00000000,0
1506627592,22483547,46.06,0.88623534,0
1506627590,22483546,45.99,0.11000000,0
1506627453,22483488,46.03,1.79308216,0
1506627449,22483484,46.02,43.35528031,0
1506627446,22483481,46.08,18.46395833,0
1506627446,22483480,46.08,3.51000000,0
1506627446,22483479,46.07,1.70988738,0
1506627446,22483478,46.07,0.09187260,0
1506627445,22483477,46.06,1.80137569,0
1506627445,22483476,46.01,17.53000000,0
1506627445,22483475,45.99,0.11000000,0
1506627444,22483474,45.89,0.11000000,0
1506627206,22483367,45.78,2.42888000,1
1506626613,22482861,45.85,0.89000000,0
1506626613,22482860,45.79,0.11000000,0
1506626570,22482802,45.60,23.77631586,1
1506626569,22482801,45.62,5.00000000,1
1506626569,22482800,45.62,5.00000000,1
1506626569,22482799,45.63,23.11000000,1
1506626568,22482798,45.64,71.64592593,1
1506626525,22482755,45.66,8.70367085,1
1506626351,22482634,45.91,1.00312000,0
1506626116,22482500,45.91,8.59181006,0
1506625971,22482402,45.92,8.61500871,1
1506625971,22482401,45.92,12.89000000,0
1506625971,22482400,45.89,0.11000000,0
1506625969,22482398,45.79,0.11000000,0
1506625818,22482347,45.86,4.54579154,0
1506625586,22482243,45.63,4.60000000,1
1506625517,22482171,45.69,0.10965200,1
1506625517,22482170,45.70,0.99745000,1
1506625517,22482169,45.70,0.00255000,1
1506625516,22482168,45.73,3.63630000,1
1506625515,22482167,45.73,6.36370000,1
1506625348,22482099,45.82,1.06175830,0
1506625133,22481929,45.84,0.10863874,0
1506624987,22481846,45.73,60.04323060,0
1506624879,22481799,45.73,39.85000000,1
1506624879,22481798,45.73,0.15000000,1
1506624873,22481760,45.84,2.17557252,0
1506624867,22481755,45.76,1.52123000,0
1506624866,22481754,45.75,43.61114754,0
1506624857,22481746,45.75,0.10950820,1
1506624851,22481743,45.76,18.68000000,0
1506624819,22481731,45.78,16.86950838,1
1506624819,22481728,45.78,0.54049162,0
1506624818,22481727,45.78,17.41000000,1
1506624818,22481726,45.78,0.45037938,1
1506624811,22481719,45.78,1.25950800,1
1506624806,22481715,45.81,1.80137569,1
1506624804,22481710,45.82,26.21000000,0
1506624803,22481700,45.78,18.29011262,1
1506624803,22481698,45.80,1.70988738,1
1506624798,22481674,45.80,0.09187260,1
1506624798,22481672,45.83,0.10931704,1
1506624797,22481670,45.84,1.70988736,1
1506624797,22481668,45.84,17.60568300,1
1506624787,22481640,45.84,0.26459000,1
1506624786,22481639,45.84,1.24029700,1
1506624781,22481637,45.84,0.20500000,1
1506624767,22481614,45.88,22.78001800,1
1506624767,22481612,45.88,77.21998200,1
1506624767,22481611,45.89,0.45837000,1
1506624731,22481579,45.90,20.00000000,1
1506624731,22481578,45.90,1.79784225,1
1506624719,22481575,45.92,0.10910279,1
1506624719,22481574,45.92,44.33367421,1
1506624693,22481568,45.97,1.79510997,1
1506624663,22481561,46.00,5.20000000,1
1506624659,22481560,46.01,14.99955899,1
1506624579,22481489,46.01,9.91967900,1
1506624576,22481485,46.01,226.00000000,1
1506624499,22481426,46.10,0.01778377,1
1506624457,22481405,46.10,17.69600000,1
1506623474,22480879,46.17,0.45869818,0
1506623410,22480832,46.00,30.15316115,0
1506623410,22480831,46.00,2.30160778,0
1506623410,22480830,46.00,55.04323060,1
1506623410,22480829,46.00,5.00000000,1
1506623409,22480828,46.00,0.00000047,1
1506623337,22480801,46.19,0.77428300,0
1506623337,22480800,46.19,0.11000000,0
1506623337,22480799,46.18,17.84000000,0
1506623335,22480796,46.09,0.11000000,0
1506623289,22480765,46.08,4.54000000,0
1506623224,22480724,46.06,2.30160778,0
1506623005,22480646,46.06,4.32848774,0
1506622832,22480591,46.05,4.00000000,1
1506622691,22480486,46.07,10.29740003,0
1506622670,22480484,46.10,4.00000000,1
1506622318,22480313,46.10,9.80000000,1
1506622094,22480206,46.10,5.20000000,1
1506622014,22480117,46.25,8.86620000,0
1506621882,22480024,46.28,2.00000000,0
1506621494,22479805,46.30,9.27175070,1
1506621494,22479804,46.29,0.11000000,0
1506621492,22479802,46.19,0.11000000,0
1506621274,22479628,46.09,1.62139510,0
1506621274,22479626,46.09,0.11000000,0
1506621257,22479613,46.00,11.78751100,1
1506621219,22479554,46.01,0.51361398,1
1506621219,22479553,46.03,1.79277462,1
1506621219,22479552,46.04,0.10881842,1
1506621219,22479550,46.04,1.79238598,1
1506621106,22479442,46.08,4.08308160,0
1506621104,22479431,46.08,11.64691840,0
1506621037,22479359,46.09,30.00000000,1
1506621037,22479358,46.09,2.89907499,1
1506620700,22479142,46.09,1.10092501,1
1506620700,22479141,46.09,1.79044533,1
1506620698,22479139,46.12,0.10862966,1
1506620659,22479114,46.19,1.78657661,1
1506620659,22479113,46.22,8.45842000,1
1506620657,22479112,46.23,1.78540328,1
1506620637,22479060,46.22,1.54158000,1
1506620297,22478874,46.49,0.11000000,0
1506619900,22478651,46.35,13.71700000,1
1506619899,22478645,46.50,1.00000000,1
1506619898,22478643,46.50,1.25000000,1
1506619887,22478629,46.53,8.53961777,0
1506619885,22478625,46.54,8.53961800,1
1506619875,22478616,46.58,30.89090000,0
1506619869,22478611,46.57,0.00000036,1
1506619837,22478562,46.63,9.29999000,0
1506619837,22478561,46.59,0.11000000,0
1506619836,22478559,46.57,1.76933200,1
1506619819,22478534,46.58,2.64870100,1
1506619777,22478512,46.66,18.70020000,0
1506619606,22478362,46.91,0.92857777,1
1506619526,22478303,46.98,1.00000000,0
1506619354,22478180,46.97,6.36082717,0
1506619353,22478178,47.09,0.00008183,1
1506619326,22478158,47.09,1.64302379,1
1506619311,22478136,47.09,0.11000000,0
1506619301,22478110,47.03,17.41000000,0
1506619301,22478108,47.03,1.76517100,0
1506619300,22478106,47.03,0.11000000,0
1506619300,22478105,47.00,0.75533400,0
1506619222,22478008,46.91,0.83063000,1
1506619205,22477986,47.00,0.00052917,1
1506619200,22477979,47.00,0.75586317,1
1506619122,22477902,47.00,0.79390256,0
1506619122,22477901,47.00,0.20609744,0
1506619115,22477896,46.99,0.72000002,0
1506619115,22477894,46.99,0.77999998,0
1506619115,22477892,46.99,0.11000000,0
1506619115,22477890,46.96,0.11000000,0
1506619115,22477888,46.93,0.00000002,0
1506619114,22477885,46.93,1.76896200,0
1506619114,22477884,46.90,0.11000000,0
1506619114,22477881,46.89,0.11000000,0
1506619114,22477879,46.82,0.11000000,0
1506619114,22477877,46.79,0.11000000,0
1506619095,22477863,46.68,0.00654940,1
1506619095,22477862,46.77,3.66000000,1
1506619095,22477861,46.77,5.69364060,1
1506619092,22477853,46.77,12.59635940,0
1506619026,22477732,46.77,1.76517100,0
1506619020,22477704,46.77,27.04878199,0
1506619020,22477703,46.77,2.32779260,0
1506619020,22477702,46.77,1.77499406,0
1506619019,22477700,46.76,0.11000000,0
1506619019,22477699,46.73,1.77642435,0
1506619019,22477698,46.69,0.11000000,0
1506619019,22477696,46.68,2.51000000,0
1506619019,22477695,46.68,0.11000000,0
1506619019,22477693,46.66,9.63290200,0
1506619017,22477687,46.66,1.88642400,0
1506619016,22477680,46.66,10.66800000,0
1506619016,22477678,46.66,2.62000000,0
1506619014,22477674,46.66,21.92070400,0
1506619014,22477673,46.66,1.74426900,0
1506619014,22477672,46.65,12.57000000,0
1506619012,22477669,46.66,18.07570800,0
1506619011,22477667,46.66,12.92459900,0
1506619011,22477666,46.66,19.85036100,0
1506619011,22477664,46.66,0.67703300,0
1506619011,22477663,46.65,11.21635600,0
1506619010,22477660,46.65,6.18364400,0
1506619009,22477657,46.62,3.48000000,0
1506619009,22477656,46.59,0.11000000,0
1506619009,22477655,46.57,17.16381935,0
1506619009,22477654,46.57,0.78517447,0
1506618980,22477628,46.57,0.10693580,0
1506618932,22477583,46.20,3.66278000,1
1506618854,22477541,46.57,0.89023000,0
1506618852,22477537,46.49,0.11000000,0
1506618599,22477291,46.26,10.86532700,1
1506618561,22477197,46.48,0.41539800,0
1506618514,22477127,46.21,3.52000000,1
1506618513,22477126,46.34,18.48000000,1
1506618452,22477039,46.15,0.99616000,1
1506618451,22477038,46.48,400.29045745,0
1506618451,22477037,46.47,1.84000000,0
1506618451,22477036,46.47,9.18000000,0
1506618451,22477035,46.47,0.00976630,0
1506618450,22477034,46.39,0.11000000,0
1506618423,22476967,46.38,10.91000000,0
1506618423,22476966,46.38,38.71000000,0
1506618188,22476746,46.29,0.11000000,0
1506618122,22476628,46.36,0.75844600,0
1506618113,22476622,46.36,11.28213700,0
1506618057,22476572,46.38,0.21023000,0
1506617996,22476544,46.46,4.38000000,0
1506617995,22476543,46.39,0.11000000,0
1506617968,22476522,46.12,2.59000000,1
1506617839,22476336,46.39,0.11000000,0
1506617806,22476287,46.14,10.40000000,1
1506617604,22475995,46.11,6.76381935,0
1506617603,22475981,46.11,51.43000000,0
1506617603,22475975,46.13,46.00000000,1
1506617603,22475974,46.15,5.45000000,1
1506617603,22475973,46.20,1.78619065,1
1506617602,22475972,46.26,27.22000000,1
1506617565,22475909,46.25,0.00275753,0
1506617416,22475856,46.30,1.78234027,1
1506617416,22475855,46.30,2.15421220,1
1506616733,22475491,46.54,0.82488182,0
1506616733,22475490,46.53,4.87000000,0
1506616731,22475489,46.49,0.11000000,0
1506616715,22475487,46.33,3.80000000,1
1506616436,22475305,46.47,10.00000000,1
1506615940,22475115,46.47,1.00023000,0
1506615760,22474907,46.43,45.56775400,0
1506615760,22474906,46.42,1.51470500,0
1506615759,22474903,46.42,4.46529500,0
1506615687,22474825,46.47,0.49343663,0
1506615257,22474521,46.66,2.00000000,0
1506615229,22474497,46.67,25.60102849,0
1506615228,22474495,46.65,3.46758243,0
1506615228,22474493,46.65,12.88000000,0
1506615228,22474491,46.61,0.81103798,0
1506615226,22474489,46.61,1.76896202,0
1506615223,22474488,46.66,11.93737843,0
1506615223,22474487,46.65,8.12000000,0
1506615223,22474486,46.62,17.94043156,0
1506615223,22474484,46.59,0.11000000,0
1506615223,22474483,46.58,1.67219001,0
1506615222,22474482,46.58,0.11000000,0
1506615222,22474481,46.49,0.11000000,0
1506615219,22474476,46.39,0.11000000,0
1506615180,22474453,46.37,69.39328929,1
1506615135,22474389,46.39,0.11000000,0
1506615135,22474388,46.39,7.41057227,0
1506615135,22474386,46.39,5.91057227,0
1506615037,22474277,46.39,1.50000000,0
1506614969,22474237,46.31,0.11000000,1
1506614851,22474148,46.29,0.12097341,0
1506614851,22474147,46.29,0.11000000,0
1506614846,22474144,46.28,2.02614520,1
1506614843,22474142,46.26,1.79390256,0
1506614801,22474116,46.19,0.00000035,0
1506614801,22474115,46.19,1.79706040,0
1506614801,22474114,46.19,1.79706075,0
1506614799,22474113,46.19,1.79706075,0
1506614799,22474112,46.19,0.11000000,0
1506614799,22474111,46.19,4.64681947,0
1506614798,22474110,46.18,0.55584343,0
1506614746,22474088,46.14,1.79901578,0
1506614690,22474055,46.09,55.34000000,1
1506614690,22474054,46.09,0.11000000,0
1506614620,22474022,46.00,21.00000000,1
1506614563,22473983,46.00,15.53856586,1
1506614542,22473968,46.00,0.11000000,1
1506614536,22473965,45.98,23.64209427,0
1506614535,22473961,45.98,39.51000000,1
1506614535,22473960,46.01,24.00000000,1
1506614480,22473929,45.99,0.11000000,0
1506613814,22473481,46.08,0.50312000,0
1506613813,22473480,46.09,0.94805718,1
1506613813,22473479,46.09,0.11000000,0
1506613769,22473430,46.04,10.00023000,0
1506613493,22473158,45.97,0.88848900,0
1506613447,22473118,45.99,2.16894977,0
1506613358,22473059,45.88,1.08696600,0
1506613095,22472934,45.99,3.14331593,1
1506613095,22472933,45.99,0.11000000,0
1506612985,22472826,45.77,1.00000000,0
1506612984,22472825,45.77,10.26675693,0
1506612951,22472812,45.77,3.41884500,0
1506612949,22472810,45.76,30.00000000,0
1506612642,22472580,45.76,2.17985140,0
1506612636,22472572,45.71,17.41000000,0
1506612635,22472563,45.70,17.41000000,0
1506612632,22472547,45.70,8.11524400,1
1506612630,22472536,45.70,7.14069800,0
1506612522,22472380,45.76,4.89273900,0
1506612446,22472275,45.77,22.00000000,0
1506612416,22472244,45.77,14.31439807,0
1506612414,22472242,45.76,18.39000000,0
1506612246,22472034,45.77,10.20634786,0
1506612191,22471944,45.62,7.36297812,1
1506612190,22471943,45.63,38.91702188,1
1506612132,22471903,45.62,40.22984132,1
1506612132,22471902,45.63,0.11000000,1
1506612131,22471901,45.64,14.13015868,0
1506612131,22471900,45.64,4.93000000,1
1506612131,22471899,45.65,4.40000000,1
1506612131,22471898,45.65,0.50000000,1
1506612124,22471892,45.66,18.45098422,0
1506612124,22471891,45.71,0.11000000,1
1506612124,22471889,45.72,24.64000000,0
1506612122,22471887,45.87,1.79901578,1
1506611842,22471673,45.95,1.10707291,0
1506611471,22471321,45.88,7.53582065,1
1506611471,22471320,45.92,0.00000035,1
1506611466,22471319,45.92,1.79706040,1
1506611466,22471318,45.92,1.79706075,1
1506611466,22471317,45.92,1.79706075,1
1506611466,22471316,45.96,0.00000010,1
1506611050,22471018,46.14,0.89000000,0
1506611050,22471017,46.09,0.11000000,0
1506611011,22470958,45.99,0.11000000,0
1506610838,22470725,45.96,4.34094800,1
1506610619,22470577,46.02,1.79316342,1
1506610617,22470565,46.03,2.56842200,1
1506610215,22470166,46.11,4.91734579,1
1506610078,22469974,46.18,8.50579000,0
1506610077,22469970,46.18,1.15108319,0
1506610077,22469969,46.18,2.86710681,0
1506609970,22469907,46.18,2.05023819,0
1506609969,22469906,46.09,0.11000000,0
1506609713,22469626,46.02,9.09254100,0
1506609713,22469625,46.13,14.75000000,1
1506609694,22469604,46.10,11.70065076,0
1506609693,22469603,46.09,1.93539919,0
1506609669,22469572,46.08,0.00000445,0
1506609647,22469504,46.08,0.54079555,1
1506609644,22469495,46.08,31.12300000,0
1506609644,22469492,46.07,6.44296700,0
1506609644,22469489,46.07,52.89323745,0
1506609631,22469463,45.97,37.94148336,0
1506609621,22469449,45.99,34.16164600,1
1506609619,22469444,46.00,31.99000000,1
1506609579,22469404,45.97,0.53845200,1
1506609496,22469337,46.02,1.90223000,0
1506609495,22469293,45.99,0.11000000,0
1506609392,22469241,45.84,2.00000000,0
1506609350,22469207,45.82,0.00000001,1
1506609322,22469185,45.82,0.00000383,1
1506609276,22469132,45.72,1.29340539,1
1506609276,22469131,45.72,10.42195015,1
1506609276,22469130,45.74,2.00000000,1
1506609276,22469129,45.77,3.18000000,1
1506609276,22469128,45.83,15.87000000,1
1506609079,22468863,46.09,20.80512800,0
1506609078,22468861,46.09,0.11000000,0
1506609078,22468860,46.09,3.36510200,0
1506609078,22468858,46.08,8.20000000,0
1506609078,22468857,46.07,17.41000000,0
1506609076,22468850,45.99,0.11000000,0
1506609012,22468740,45.89,13.26254200,1
1506609012,22468739,45.89,9.73745300,1
1506608887,22468599,46.10,5.29934924,0
1506608885,22468598,46.09,0.11000000,0
1506608881,22468589,46.00,14.50000000,1
1506608827,22468512,45.99,0.11000000,0
1506608686,22468224,45.79,21.70119900,1
1506608685,22468223,45.80,64.17880100,1
1506608685,22468221,45.81,14.12000000,1
1506608660,22468202,45.98,31.03000000,0
1506608639,22468181,45.98,5.57878586,0
1506608639,22468180,45.89,0.11000000,0
1506608552,22468027,46.01,3.60323800,1
1506608551,22468024,46.01,1.67044000,0
1506608551,22468021,46.01,1.21701900,0
1506608551,22468018,46.01,2.40000000,0
1506608544,22467988,45.75,0.50000000,1
1506608483,22467896,45.74,38.56499029,1
1506608482,22467895,45.78,0.11000000,1
1506608482,22467892,45.85,4.32500971,1
1506608477,22467880,45.85,5.67499029,1
1506608477,22467879,45.86,0.11000000,1
1506608476,22467876,45.92,0.11000000,1
1506608431,22467792,45.98,9.05153422,1
1506608431,22467790,45.98,35.13690726,1
1506608423,22467760,46.00,1.00000000,1
1506608423,22467759,46.00,0.79390256,1
1506608419,22467749,46.00,0.20609744,1
1506608419,22467747,46.00,0.11000000,1
1506608419,22467745,46.01,1.79390256,1
1506608417,22467731,46.02,41.41031239,1
1506608410,22467667,46.02,2.32779260,1
1506608410,22467665,46.02,0.64402060,1
1506608409,22467653,46.02,7.61903840,1
1506608409,22467646,46.02,2.71175800,1
1506608388,22467427,46.02,14.02518300,1
1506608381,22467349,46.19,9.23447000,1
1506608366,22467218,46.19,90.76553000,1
1506608364,22467195,46.20,0.55584417,1
1506608341,22467075,46.27,0.60575000,1
1506608268,22466913,46.30,0.11000000,1
1506608186,22466724,46.41,7.41262658,0
1506608184,22466720,46.39,0.11000000,0
1506608089,22466511,46.41,4.89000000,1
1506608088,22466510,46.39,0.11000000,0
1506608049,22466425,46.40,10.75000000,1
1506608049,22466424,46.41,0.11000000,1
1506608049,22466423,46.43,6.43483703,1
1506608047,22466422,46.43,1.44870000,1
1506608046,22466417,46.43,2.00000000,1
1506608042,22466406,46.42,10.00000000,1
1506607854,22466188,46.46,4.76937000,0
1506607786,22466047,46.49,1.99984660,0
1506607766,22466029,46.50,3.19205300,0
1506607766,22466028,46.49,6.80794700,0
1506607760,22466018,46.49,2.07205300,0
1506607748,22466012,46.50,10.25418800,0
1506607745,22466009,46.50,4.14086021,0
1506607742,22466002,46.50,1.35515600,0
1506607742,22466001,46.49,10.56000000,0
1506607741,22466000,46.49,0.11000000,0
1506607708,22465963,46.49,3.89459500,0
1506607704,22465943,46.48,7.68508800,0
1506607699,22465935,46.49,2.56899000,0
1506607697,22465924,46.49,10.70100500,0
1506607684,22465875,46.50,2.73892800,0
1506607675,22465871,46.49,14.26338000,0
1506607674,22465869,46.49,1.80662000,1
1506607660,22465857,46.50,0.44868100,0
1506607647,22465843,46.50,1.77499406,0
1506607646,22465841,46.50,13.00000000,1
1506607646,22465840,46.52,0.80273000,1
1506607646,22465839,46.52,0.11000000,1
1506607620,22465793,46.57,8.43642600,1
1506607620,22465792,46.59,0.11000000,1
1506607594,22465771,46.68,1.00023000,0
1506607460,22465652,46.70,30.21877200,1
1506607460,22465651,46.71,46.64000000,1
1506607455,22465650,46.70,7.18130500,1
1506607455,22465649,46.70,6.16745400,1
1506607453,22465647,46.70,20.00000000,1
1506607453,22465646,46.70,8.14448900,1
1506607415,22465626,46.70,8.71798000,1
1506607414,22465625,46.70,1.00000000,1
1506607277,22465493,46.70,218.57000000,1
1506607277,22465491,46.72,7.43000000,1
1506607075,22465340,46.75,16.66000000,1
1506607074,22465339,46.75,0.50000000,1
1506607074,22465338,46.77,1.00000000,1
1506607071,22465333,46.80,10.00000000,1
1506607031,22465317,46.80,150.00000000,1
1506606972,22465286,46.91,0.50952787,1
1506606939,22465261,46.91,1.25000000,1
1506606910,22465257,46.92,21.65000000,1
1506606701,22465113,47.00,17.12310011,1
1506606692,22465104,47.00,16.01700000,1
1506606684,22465099,47.07,1.00623000,0
1506606675,22465094,47.00,10.21488789,1
1506606627,22465064,47.00,5.49886700,1
1506606627,22465063,47.00,1.14614500,1
1506606443,22464950,47.04,10.00000000,0
1506606376,22464915,46.92,0.00032635,0
1506606375,22464913,46.92,1.28494800,0
1506606273,22464837,46.92,1.63236036,0
1506606271,22464836,46.92,1.63236529,1
1506606268,22464834,46.99,0.11000000,0
1506606194,22464814,46.98,2.83888000,0
1506605932,22464667,46.99,0.45613215,1
1506605931,22464665,47.00,12.00000000,0
1506605929,22464664,46.99,0.11000000,0
1506605839,22464580,47.13,0.92153846,0
1506605837,22464576,47.09,0.11000000,0
1506605782,22464549,46.92,39.08423379,1
1506605782,22464547,46.93,18.13094521,1
1506605553,22464318,47.00,2.34700000,1
1506605552,22464317,47.00,9.65300000,1
1506605098,22464062,47.10,18.78709700,1
1506605061,22464052,47.17,5.62878948,1
1506605059,22464051,47.10,2.41056845,0
1506605035,22464027,47.12,8.86205432,0
1506605035,22464026,47.11,12.20000000,1
1506605033,22464024,47.09,0.11000000,0
1506604988,22463995,47.09,0.07000000,1
1506604977,22463987,47.09,0.11000000,0
1506604870,22463914,47.12,10.99000000,0
1506604870,22463913,47.11,35.00000000,0
1506604870,22463912,47.09,0.11000000,0
1506604835,22463877,47.08,2.02506000,0
1506604684,22463801,47.18,4.05553200,0
1506604682,22463797,47.09,0.11000000,0
1506604488,22463587,47.16,1.33013300,0
1506604483,22463581,46.97,1.33013313,0
1506604481,22463576,47.10,69.18906687,1
1506604452,22463554,47.10,107.41200000,1
1506604436,22463533,47.11,9.84000000,0
1506604436,22463532,47.11,16.04000000,1
1506604381,22463498,47.25,10.00000000,0
1506604354,22463470,47.26,10.00000000,0
1506604333,22463449,47.31,2.01147000,0
1506604332,22463446,47.31,10.47379543,0
1506604309,22463418,47.11,2.35384000,1
1506604306,22463414,47.12,17.10840000,1
1506604275,22463388,47.12,20.27471757,1
1506604275,22463387,47.29,3.05388243,1
1506604274,22463386,47.29,0.11000000,0
1506604224,22463340,47.27,0.97276680,0
1506604223,22463339,47.31,1.63502320,1
1506604218,22463337,47.31,0.11000000,0
1506604214,22463330,47.14,1.19677757,1
1506604214,22463329,47.30,1.63525243,1
1506604210,22463313,47.30,1.53486767,0
1506604210,22463312,47.30,0.11000000,0
1506604210,22463310,47.29,0.11000000,0
1506603993,22462999,47.28,1.74606057,0
1506603960,22462952,46.97,8.70290000,0
1506603960,22462950,46.98,2.81000000,1
1506603960,22462949,46.98,14.08000000,1
1506603948,22462939,47.27,1.74649985,0
1506603947,22462938,47.27,6.87518510,0
1506603947,22462937,47.26,97.00000000,1
1506603947,22462934,47.25,2.16000000,0
1506603946,22462932,47.25,2.61305000,1
1506603946,22462928,47.24,1.75707930,0
1506603946,22462924,47.23,10.79000000,0
1506603945,22462921,47.23,0.75000000,0
1506603945,22462919,47.23,0.52128281,0
1506603945,22462917,47.23,0.11000000,0
1506603945,22462916,47.23,2.32550000,1
1506603945,22462915,47.19,0.11000000,0
1506603944,22462912,47.17,1.42987852,0
1506603944,22462911,47.17,0.11000000,0
1506603944,22462910,47.17,0.11000000,0
1506603944,22462909,47.17,0.11000000,0
1506603942,22462905,47.16,1.65026606,0
1506603942,22462903,47.16,0.11000000,0
1506603915,22462881,47.13,2.00000000,0
1506603899,22462851,47.14,11.00000000,0
1506603874,22462817,47.10,0.21167728,0
1506603847,22462762,47.10,0.12292993,0
1506603845,22462753,47.09,0.11000000,0
1506603693,22462453,47.14,1.74856229,0
1506603687,22462443,47.04,4.23806493,0
1506603686,22462441,47.15,1.45471898,1
1506603686,22462440,47.12,0.11000000,0
1506603686,22462439,47.11,1.75242933,0
1506603686,22462438,47.11,0.00000035,0
1506603685,22462437,47.11,0.00972716,0
1506603685,22462435,47.11,0.11000000,0
1506603685,22462434,47.11,1.65215684,0
1506603685,22462432,47.10,3.39709132,0
1506603683,22462428,47.09,0.11000000,0
1506603535,22462264,46.91,0.75000000,1
1506603504,22462244,47.01,0.75000000,1
1506603498,22462241,47.01,4.50000000,1
1506603488,22462228,46.95,4.75000000,0
1506603481,22462222,47.06,3.59796005,0
1506603480,22462221,47.01,0.11000000,0
1506603480,22462220,47.00,1.00000000,0
1506603478,22462212,46.97,0.10513233,0
1506603476,22462211,46.99,1.64486767,1
1506603464,22462195,46.99,0.11000000,0
1506603453,22462184,46.91,1.24842882,0
1506603453,22462183,46.90,1.65972139,0
1506603453,22462182,46.90,0.11000000,0
1506603451,22462179,46.89,0.11000000,0
1506603284,22462036,46.85,1.75242933,1
1506603284,22462035,46.89,1.65026606,1
1506603283,22462034,46.89,0.11000000,0
1506603270,22462014,46.79,2.76319539,1
1506603269,22462011,46.79,0.11000000,0
1506603269,22462007,46.77,1.77496761,0
1506603269,22462003,46.70,6.73635100,0
1506603268,22461997,46.70,1.88188400,0
1506603267,22461991,46.70,2.55735200,0
1506603267,22461987,46.70,1.77496800,0
1506603243,22461968,46.70,10.37707400,0
1506603206,22461952,46.70,0.50000000,0
1506603200,22461946,46.70,21.17237100,0
1506603195,22461927,46.69,7.80000000,0
1506603195,22461925,46.69,2.00000000,0
1506603193,22461912,46.69,0.11000000,0
1506603179,22461893,46.68,0.39000035,1
1506603177,22461892,46.59,0.10999965,0
1506603135,22461857,46.49,0.11000000,0
1506603125,22461848,46.54,12.00720568,0
1506603116,22461840,46.54,4.76520000,0
1506603096,22461796,46.54,0.39000000,0
1506603094,22461793,46.49,0.11000000,0
1506603057,22461769,46.48,2.00000000,0
1506603031,22461756,46.54,5.56600000,0
1506603031,22461755,46.53,16.66000000,0
1506603031,22461754,46.52,1.33000000,0
1506603028,22461750,46.52,8.00537172,0
1506602977,22461705,46.54,2.27159432,0
1506602971,22461700,46.52,15.71035000,0
1506602963,22461694,46.53,7.39397028,0
1506602962,22461693,46.53,0.11000565,0
1506602954,22461683,46.53,3.52893200,0
1506602954,22461682,46.49,0.11000000,0
1506602896,22461650,46.53,0.10702772,0
1506602837,22461611,46.53,14.50023000,0
1506602836,22461608,46.53,10.35674344,0
1506602835,22461604,46.52,5.50000000,0
1506602834,22461603,46.49,0.11000000,0
1506602810,22461575,46.40,29.58370691,0
1506602798,22461549,46.40,2.98814655,0
1506602797,22461547,46.40,3.39525862,0
1506602746,22461469,46.40,0.20000000,0
1506602724,22461442,46.40,5.03017241,0
1506602715,22461428,46.40,2.66163793,0
1506602689,22461350,46.39,3.77780172,0
1506602669,22461331,46.40,1.14107758,0
1506602668,22461330,46.39,0.11000000,0
1506602249,22460911,46.36,10.64948231,0
1506602247,22460909,46.29,0.11000000,0
1506602031,22460753,46.30,2.45360294,1
1506602030,22460752,46.29,0.11000000,0
1506601928,22460683,46.51,1.77496761,0
1506601923,22460682,46.52,7.85468615,1
1506601923,22460681,46.49,0.11000000,0
1506601922,22460680,46.39,0.11000000,0
1506601922,22460679,46.35,1.59000000,1
1506601921,22460678,46.29,0.11000000,0
1506601919,22460677,46.28,90.00000000,0
1506601919,22460676,46.27,7.95000000,0
1506601860,22460631,46.27,2.04579857,0
1506601858,22460628,46.19,0.11000000,0
1506601156,22460144,46.25,8.98783758,0
1506600967,22460071,46.28,2.45900000,1
1506600933,22460061,46.42,0.09974096,0
1506600931,22460060,46.39,0.11000000,0
1506600645,22459888,46.26,8.44218800,0
1506600644,22459886,46.36,1.07319000,1
1506600629,22459874,46.39,3.70623182,1
1506600629,22459873,46.39,1.07319000,1
1506600603,22459853,46.39,10.07277300,1
1506600602,22459852,46.39,8.65459900,1
1506600598,22459851,46.39,0.11000000,0
1506600375,22459670,46.40,4.98340518,0
1506600332,22459647,46.42,13.07738800,1
1506600309,22459628,46.53,1.32000000,1
1506599830,22459247,46.59,0.00000035,1
1506599763,22459201,46.59,1.66188400,1
1506599758,22459200,46.59,0.11000000,0
1506599747,22459195,46.51,1.78459567,0
1506599741,22459189,46.49,0.11000000,0
1506599627,22459154,46.40,0.00000552,0
1506599625,22459146,46.39,0.11000000,0
1506599605,22459130,46.40,14.09735900,0
1506599597,22459123,46.40,25.37292303,0
1506599544,22459099,46.40,22.41293103,0
1506599531,22459095,46.40,14.00206300,0
1506599531,22459094,46.39,7.21000000,0
1506599522,22459081,46.40,3.96988263,0
1506599521,22459079,46.40,22.41271551,0
1506599516,22459074,46.39,2.61002934,1
1506599516,22459073,46.39,5.95997066,1
1506599491,22459058,46.40,16.45250000,0
1506599491,22459057,46.39,5.96000000,0
1506599479,22459051,46.39,7.08000000,0
1506599475,22459044,46.40,0.04000000,0
1506599475,22459043,46.39,0.11000000,0
1506599464,22459037,46.39,0.11000000,0
1506599399,22458994,46.39,8.40999500,0
1506599386,22458974,46.39,9.99999964,0
1506599349,22458959,46.39,0.10995836,0
1506599348,22458958,46.39,0.00004164,0
1506599348,22458957,46.39,10.05430583,0
1506599347,22458953,46.39,1.00569417,0
1506599347,22458952,46.38,10.05408808,0
1506599340,22458947,46.39,1.24497000,0
1506599337,22458944,46.39,2.41832000,0
1506599333,22458938,46.39,8.88107591,0
1506599331,22458935,46.39,28.72989095,0
1506599324,22458933,46.40,21.23503000,0
1506599320,22458930,46.39,13.05000000,0
1506599315,22458927,46.39,4.79874400,0
1506599309,22458920,46.39,2.75041696,0
1506599307,22458918,46.39,2.75041696,0
1506599306,22458916,46.39,2.75041696,0
1506599302,22458914,46.39,24.01999410,0
1506599302,22458913,46.39,3.72630090,0
1506599299,22458908,46.39,8.87369910,0
1506599297,22458904,46.38,8.22277519,0
1506599296,22458903,46.15,11.94427959,1
1506599294,22458896,46.36,43.64934731,0
1506599290,22458895,46.13,2.47096957,0
1506599290,22458894,46.15,55.73000000,0
1506599289,22458893,46.30,15.00000000,1
1506599289,22458892,46.38,12.20000000,1
1506599289,22458891,46.38,1.13557594,1
1506599287,22458889,46.40,3.11745689,0
1506599286,22458887,46.39,0.10710442,0
1506599285,22458886,46.39,3.13105700,0
1506599283,22458882,46.39,3.13106272,0
1506599281,22458878,46.39,3.13038793,0
1506599279,22458875,46.39,3.02038793,0
1506599279,22458874,46.39,0.11000000,0
1506599273,22458870,46.40,1.00000000,0
1506599268,22458868,46.40,5.65043103,0
1506599266,22458862,46.40,1.36068965,0
1506599266,22458861,46.39,11.41000000,0
1506599256,22458858,46.39,1.10352100,0
1506599252,22458856,46.39,12.44647890,1
1506599240,22458851,46.39,0.32344828,0
1506599239,22458848,46.39,12.44655172,0
1506599238,22458846,46.40,6.45603448,0
1506599234,22458840,46.40,2.09286963,0
1506599227,22458813,46.40,0.82525862,0
1506599227,22458812,46.39,11.62000000,0
1506599215,22458798,46.39,13.80996341,0
1506599205,22458791,46.40,6.99849137,0
1506599200,22458785,46.40,3.51070822,0
1506599200,22458784,46.39,8.93282626,0
1506599199,22458781,46.39,3.81717374,1
1506599193,22458776,46.39,0.11000000,1
1506599188,22458773,46.40,4.80365837,0
1506599188,22458772,46.39,7.63858300,0
1506599187,22458768,46.39,3.71141700,0
1506599176,22458758,46.39,4.98742771,0
1506599174,22458755,46.39,8.49257229,0
1506599161,22458737,46.40,8.68168103,0
1506599161,22458735,46.39,3.71142242,0
1506599160,22458733,46.39,8.37857758,0
1506599160,22458732,46.39,0.11000000,0
1506599148,22458718,46.39,14.35996359,0
1506599145,22458715,46.40,1.01432300,0
1506599144,22458714,46.40,1.42357500,0
1506599143,22458709,46.40,16.94783300,0
1506599143,22458708,46.39,0.11000000,0
1506599135,22458701,46.40,10.07124999,0
1506599135,22458700,46.39,0.11000000,0
1506599134,22458699,46.39,12.75000000,0
1506599121,22458682,46.40,14.00642241,0
1506599121,22458681,46.39,10.52000000,0
1506599121,22458680,46.39,0.11000000,0
1506599109,22458668,46.40,27.28000000,0
1506599108,22458665,46.40,8.81810344,0
1506599107,22458662,46.39,0.36000500,1
1506599107,22458661,46.39,6.99999500,1
1506599102,22458651,46.39,3.78000000,0
1506599100,22458648,46.39,7.00000000,0
1506599053,22458561,46.40,2.09588678,0
1506599049,22458543,46.39,12.81000000,0
1506599049,22458541,46.39,0.11000000,0
1506599049,22458540,46.37,1.00000000,0
1506599034,22458510,46.37,0.79000000,0
1506599028,22458494,46.37,15.21000000,0
1506598977,22458458,46.36,13.32324683,1
1506598976,22458451,46.33,18.08000000,0
1506598956,22458425,46.29,0.11000000,0
1506598939,22458408,46.11,1.00000000,1
1506598783,22458304,46.19,0.11000000,0
1506598646,22458218,46.34,2.09179998,0
1506598609,22458180,46.08,29.39000000,1
1506598609,22458179,46.10,5.77000000,1
1506598608,22458178,46.14,28.84000000,1
1506598604,22458172,45.93,11.32662790,0
1506598604,22458171,46.00,25.00000000,1
1506598603,22458170,46.09,18.13094521,0
1506598603,22458169,46.09,6.52000000,1
1506598603,22458168,46.13,24.00000000,1
1506598603,22458167,46.16,32.54000000,1
1506598602,22458166,46.21,10.14294092,1
1506598602,22458165,46.25,0.20000000,1
1506598601,22458164,46.26,1.78459567,0
1506598600,22458163,46.26,2.67654565,1
1506598549,22458117,46.39,1.23382410,0
1506598549,22458116,46.39,0.11000000,0
1506598515,22458017,46.44,6.64254952,0
1506598515,22458016,46.42,3.25946927,0
1506598513,22458014,46.39,0.11000000,0
1506598298,22457935,46.44,3.49224300,0
1506598272,22457914,46.46,5.02913000,0
1506598216,22457866,46.44,49.25856536,0
1506598042,22457699,46.46,1.07339647,1
1506597970,22457648,46.45,0.10774194,0
1506597875,22457366,46.62,48.41478615,0
1506597875,22457362,46.59,0.11000000,0
1506597875,22457358,46.50,0.11000500,0
1506597873,22457342,46.49,0.11000000,0
1506597686,22456943,46.50,9.88999500,0
1506597686,22456941,46.49,0.11000000,0
1506597605,22456875,46.35,50.00000000,0
1506597560,22456848,46.78,0.05377946,0
1506597560,22456847,46.69,18.13094547,0
1506597560,22456846,46.69,0.11000000,0
1506597560,22456845,46.68,0.54845763,0
1506597559,22456844,46.62,0.86045038,0
1506597559,22456843,46.62,0.85858949,0
1506597559,22456842,46.59,0.11000000,0
1506597557,22456841,46.49,0.11000000,0
1506597429,22456751,46.30,25.92639316,1
1506597429,22456750,46.31,2.20000000,1
1506597429,22456749,46.34,10.20634786,1
1506597429,22456748,46.37,10.96000000,1
1506597423,22456736,46.62,3.36249613,1
1506597422,22456733,46.62,20.14500000,1
1506597421,22456729,46.61,7.21000000,0
1506597421,22456728,46.59,0.11000000,0
1506597420,22456727,46.58,33.32000000,0
1506597282,22456399,46.35,2.80000000,0
1506597280,22456398,46.52,25.20000000,1
1506597198,22456258,46.65,0.20949375,0
1506597170,22456180,46.65,5.48995500,1
1506597166,22456162,46.65,4.36054500,1
1506597165,22456159,46.64,0.80000000,0
1506597165,22456158,46.58,3.98000000,0
1506597143,22456101,46.59,1.76971163,0
1506597143,22456098,46.59,1.65972139,1
1506597141,22456093,46.66,12.62024700,1
1506597141,22456092,46.66,12.20117800,1
1506597141,22456091,46.66,8.03333400,1
1506597140,22456089,46.87,20.32874546,0
1506597140,22456087,46.87,4.91000000,1
1506597140,22456081,46.86,16.66000000,1
1506597139,22456080,46.79,0.11000000,0
1506597139,22456079,46.78,0.98000000,0
1506597139,22456078,46.78,1.76456083,0
1506597139,22456076,46.69,16.66000000,0
1506597138,22456075,46.69,0.11000000,0
1506597138,22456074,46.69,8.55639000,1
1506597138,22456073,46.69,16.67695906,1
1506597136,22456068,46.66,45.56500000,0
1506597117,22456006,46.59,0.11000000,0
1506597108,22455999,46.51,0.00000011,0
1506597108,22455997,46.51,1.22695400,0
1506597107,22455995,46.51,0.55767727,0
1506597107,22455993,46.51,1.39424568,0
1506597101,22455984,46.51,0.39000000,0
1506597099,22455982,46.49,0.11000000,0
1506597084,22455966,46.40,6.03000000,0
1506597071,22455943,46.39,5.25950000,1
1506597070,22455941,46.39,0.11000000,0
1506596987,22455701,46.37,8.48568400,1
1506596978,22455651,46.37,43.02372223,1
1506596976,22455646,46.37,5.78499029,1
1506596974,22455630,46.29,0.11000000,0
1506596949,22455530,46.22,50.45000000,1
1506596948,22455526,46.23,47.97000000,1
1506596948,22455524,46.24,3.58000000,1
1506596900,22455407,46.19,3.00000000,1
1506596870,22455285,46.13,1.00000000,1
1506596754,22454953,45.99,2.12470112,1
1506596734,22454919,45.94,1.09804305,0
1506596727,22454901,46.26,0.00000011,1
1506596725,22454897,46.26,1.22695400,1
1506596722,22454893,46.26,0.55767727,0
1506596720,22454887,46.26,0.72232273,0
1506596720,22454886,46.25,0.79771923,0
1506596720,22454884,46.25,0.99717392,0
1506596720,22454881,46.19,0.11000000,0
1506596720,22454880,46.10,1.80058287,0
1506596720,22454879,46.09,0.11000000,0
1506596720,22454878,46.00,5.85220125,0
1506596720,22454877,45.99,0.11000000,0
1506596713,22454855,45.99,0.11000000,0
1506596713,22454854,45.99,1.77779875,0
1506596713,22454853,45.99,5.85220125,0
1506596697,22454826,46.00,1.81000000,0
1506596693,22454824,46.00,35.60932900,0
1506596693,22454823,45.99,9.07000000,0
1506596689,22454822,46.00,6.72846975,0
1506596689,22454821,45.99,0.93373125,0
1506596687,22454813,45.99,6.83626875,0
1506596686,22454811,45.98,39.07833800,0
1506596679,22454806,45.99,3.00000000,0
1506596678,22454805,45.99,1.96260056,1
1506596678,22454804,45.99,0.79771923,1
1506596677,22454803,46.00,46.37578743,0
1506596676,22454802,46.00,5.87260870,0
1506596667,22454792,45.99,0.99717392,0
1506596665,22454785,45.99,11.80282608,0
1506596657,22454770,45.99,2.79021739,0
1506596657,22454769,45.98,3.24000000,0
1506596652,22454755,45.99,0.88804305,1
1506596651,22454754,45.99,0.11000000,0
1506596648,22454746,45.98,2.76260869,0
1506596636,22454719,45.97,52.00656807,0
1506596636,22454717,45.91,71.39966151,0
1506596632,22454707,45.90,111.57805700,0
1506596631,22454706,45.90,8.42194300,0
1506596631,22454704,45.89,15.90000000,0
1506596630,22454703,45.89,0.11000000,0
1506596603,22454650,45.88,1.35963382,1
1506596596,22454636,45.88,6.73256320,0
1506596550,22454550,45.89,2.17367618,0
1506596516,22454504,45.79,0.11000000,0
1506596492,22454489,45.67,13.65919167,0
1506596491,22454488,45.74,5.40021857,0
1506596481,22454478,45.88,9.56386224,0
1506596478,22454472,45.88,3.40000000,0
1506596473,22454462,45.67,8.84206307,0
1506596464,22454454,45.88,3.40000000,0
1506596451,22454432,45.74,24.00000000,1
1506596432,22454391,45.88,0.10898412,0
1506596425,22454384,45.83,1.80058287,1
1506596406,22454336,45.97,6.88329221,1
1506596376,22454249,45.91,11.05007620,0
1506596361,22454216,45.92,6.09916414,1
1506596355,22454206,45.93,8.35227520,0
1506596345,22454183,45.84,1.81083586,0
1506596344,22454180,45.57,8.18916414,0
1506596344,22454178,45.57,1.81083586,1
1506596328,22454144,45.57,18.30542317,0
1506596327,22454143,45.62,0.39720000,1
1506596327,22454142,45.64,5.45863263,1
1506596325,22454140,45.91,13.23874420,1
1506596311,22454098,45.96,1.36727589,0
1506596310,22454093,45.91,13.23551623,1
1506596308,22454084,45.71,13.00000000,1
1506596308,22454078,45.98,1.08460200,0
1506596285,22453972,45.95,0.63698232,1
1506596274,22453946,46.00,15.42856586,1
1506596274,22453944,45.99,0.11000000,0
1506596262,22453910,45.98,20.00000000,1
1506596225,22453742,45.95,9.36301768,1
1506596225,22453740,46.00,0.15000000,1
1506596225,22453739,46.00,80.38621905,1
1506596225,22453738,46.10,0.63698227,1
1506596216,22453713,46.10,4.29972000,1
1506596216,22453711,46.10,32.21539200,1
1506596210,22453677,46.10,50.00000000,1
1506596167,22453507,46.00,30.00000000,1
1506596141,22453329,46.00,8.72723303,1
1506596109,22453292,46.00,10.00000000,1
1506596090,22453273,46.01,40.31746929,1
1506596090,22453272,46.07,16.68253071,1
1506596083,22453252,46.15,0.00000572,0
1506596072,22453222,46.09,0.14530000,1
1506596071,22453221,46.09,0.11000000,0
1506596063,22453203,46.00,8.01174200,1
1506596063,22453199,46.02,19.30800000,0
1506596063,22453196,46.02,3.91663000,0
1506596062,22453194,46.02,8.18382900,0
1506596062,22453191,46.02,65.27979900,0
1506596060,22453186,46.01,1.95000000,1
1506596056,22453173,46.00,45.52507928,1
1506596056,22453171,46.00,1.00000000,1
1506596055,22453168,46.00,1.00000000,1
1506596055,22453167,46.00,2.50000000,1
1506596055,22453166,46.00,1.00000000,1
1506596055,22453164,46.00,18.26574293,1
1506596055,22453163,46.09,19.52097926,1
1506596053,22453154,46.13,46.11000000,1
1506596035,22453108,46.09,8.15000000,1
1506596033,22453106,46.09,5.00000000,1
1506596024,22453090,46.13,10.97000000,0
1506596020,22453082,46.09,18.69172197,1
1506596020,22453080,46.12,27.68327803,0
1506596018,22453072,46.12,3.62500000,1
1506595994,22453042,46.14,6.51130000,1
1506595974,22453010,46.15,7.52035600,0
1506595972,22453007,46.15,2.64593716,0
1506595971,22453005,46.15,12.57811484,0
1506595969,22453002,46.15,12.56858071,0
1506595968,22452997,46.15,1.68970747,0
1506595967,22452995,46.15,11.01645034,0
1506595963,22452991,46.15,28.79089390,0
1506595962,22452989,46.15,27.66522210,0
1506595962,22452987,46.15,11.01626434,0
1506595960,22452979,46.15,27.62944700,0
1506595958,22452974,46.15,8.66935312,1
1506595958,22452973,46.15,0.99993256,1
1506595955,22452966,46.15,0.00006744,0
1506595955,22452963,46.15,14.83284417,0
1506595953,22452961,46.15,2.49916115,1
1506595946,22452938,46.15,1.99973111,1
1506595946,22452936,46.17,10.00000000,1
1506595946,22452933,46.25,2.15675676,1
1506595945,22452925,46.26,7.45197704,0
1506595944,22452920,46.26,1.78424568,1
1506595835,22452658,46.25,46.35876051,0
1506595834,22452656,46.36,0.10806730,1
1506595832,22452650,46.42,33.53317219,1
1506595820,22452634,46.38,10.04118378,1
1506595782,22452569,46.53,14.85000000,0
1506595763,22452546,46.50,2.00000000,0
1506595753,22452514,46.38,30.97000000,0
1506595751,22452508,46.38,14.03000000,1
1506595730,22452457,46.36,4.86718732,0
1506595730,22452456,46.37,5.34464907,0
1506595728,22452454,46.59,0.89000000,1
1506595727,22452452,46.59,0.11000000,0
1506595678,22452370,46.59,0.11000000,0
1506595678,22452369,46.52,0.11000000,0
1506595678,22452366,46.49,0.11000000,0
1506595658,22452319,46.47,0.11000000,0
1506595657,22452318,46.47,0.00000007,0
1506595651,22452305,46.47,5.34464900,0
1506595651,22452304,46.39,0.11000000,0
1506595608,22452253,46.47,2.14654615,0
1506595604,22452241,46.47,45.27557874,0
1506595604,22452240,46.47,1.76456083,1
1506595530,22452150,46.75,0.50000000,1
1506595514,22452128,46.74,0.50000000,0
1506595450,22452041,46.77,0.50000000,1
1506595425,22451988,46.48,0.54743000,1
1506595411,22451981,46.75,0.50000000,1
1506595408,22451977,46.76,0.50000000,0
1506595334,22451803,46.84,0.50000000,0
1506595331,22451797,46.90,0.50000000,0
1506595315,22451788,46.88,2.82504426,1
1506595308,22451784,46.88,19.33681073,0
1506595291,22451770,46.88,0.50000000,0
1506595279,22451761,46.89,1.42987852,1
1506595213,22451699,46.90,1.07364179,1
1506595115,22451585,47.09,2.40934184,0
1506595106,22451530,47.10,0.78212314,0
1506595105,22451527,47.09,0.11000000,0
1506595105,22451524,47.06,3.20000000,0
1506595105,22451520,46.99,0.11000000,0
1506595102,22451510,46.98,18.67703500,0
1506595098,22451492,46.98,15.99000000,0
1506595045,22451416,47.04,1.53078556,0
1506595005,22451335,47.10,1.27133757,0
1506594999,22451322,47.10,1.27091295,0
1506594997,22451318,46.92,30.71999994,0
1506594997,22451317,46.92,27.66400900,0
1506594997,22451316,46.92,7.19993600,0
1506594997,22451315,46.92,29.24416300,0
1506594996,22451314,46.92,54.32133500,0
1506594996,22451313,46.91,30.72000000,0
1506594995,22451311,46.91,1.94094745,0
1506594994,22451310,46.92,10.00000000,1
1506594994,22451309,46.94,14.10100000,1
1506594989,22451299,47.10,1.16070063,0
1506594989,22451297,47.09,0.11000000,0
1506594915,22451139,46.90,25.36454467,1
1506594915,22451137,47.00,133.00000000,1
1506594913,22451131,47.09,1.64317579,1
1506594911,22451122,47.10,2.11783439,0
1506594892,22451092,47.09,0.11000000,0
1506594885,22451082,47.03,0.11000574,0
1506594761,22450993,46.90,8.67391304,1
1506594758,22450981,46.91,30.58362134,1
1506594758,22450980,46.97,13.41637866,1
1506594739,22450962,46.97,10.00000000,1
1506594738,22450959,46.97,9.58362134,1
1506594678,22450920,46.91,4.23000000,1
1506594629,22450874,47.00,0.75799070,0
1506594629,22450872,47.00,18.13094547,0
1506594623,22450865,46.92,24.83777774,0
1506594616,22450853,46.92,24.37497190,1
1506594560,22450691,47.03,1.64685300,0
1506594559,22450690,46.99,0.11000000,0
1506594516,22450614,46.93,16.51000000,0
1506594512,22450605,46.89,0.11000000,1
1506594502,22450576,46.96,1.75707930,1
1506594495,22450562,46.89,0.11000000,0
1506594495,22450561,46.79,0.11000000,0
1506594492,22450557,46.69,0.11000000,0
1506594492,22450556,46.55,1.77870437,0
1506594491,22450551,46.49,26.83830700,0
1506594491,22450550,46.49,28.36169300,0
1506594490,22450545,46.26,14.66723736,1
1506594490,22450543,46.26,1.77870437,0
1506594489,22450542,46.26,65.03300000,0
1506594489,22450539,46.27,167.52105827,0
1506594489,22450538,46.27,0.04994173,0
1506594488,22450532,46.39,1.95005827,0
1506594487,22450530,46.86,1.29000000,1
1506594486,22450527,46.26,21.67771746,1
1506594485,22450526,46.48,120.00000000,0
1506594485,22450525,46.49,2.30000000,1
1506594485,22450523,46.50,3.00000000,1
1506594484,22450521,46.50,1.00000000,1
1506594484,22450520,46.52,0.75000000,1
1506594484,22450517,46.55,110.00000000,1
1506594484,22450514,46.55,45.00000000,1
1506594484,22450513,46.55,0.50000000,0
1506594483,22450512,46.63,126.00000000,1
1506594483,22450510,46.69,95.93608632,1
1506594482,22450508,46.77,126.00000000,1
1506594482,22450507,46.84,119.00000000,1
1506594481,22450498,46.85,0.53000000,1
1506594438,22450465,46.69,1.00000000,1
1506594428,22450447,46.88,0.39000000,0
1506594428,22450445,46.79,0.11000000,0
1506594424,22450435,46.69,13.95391368,1
1506594418,22450418,46.69,0.11000000,1
1506594414,22450413,46.70,15.98314658,0
1506594413,22450410,46.70,5.99900000,0
1506594409,22450408,46.70,1.28000000,0
1506594408,22450407,46.70,1.99001170,1
1506594408,22450406,46.70,5.71958686,1
1506594407,22450405,46.70,0.97821095,1
1506594361,22450271,46.88,0.50000000,0
1506594344,22450234,46.70,4.74156914,0
1506594342,22450227,46.70,0.97619281,0
1506594341,22450223,46.70,2.15809000,0
1506594341,22450222,46.70,1.28000000,0
1506594339,22450215,46.70,1.28000000,0
1506594337,22450213,46.70,14.50000000,0
1506594337,22450210,46.77,5.06414805,1
1506594335,22450201,46.77,5.82295906,1
1506594331,22450190,46.64,24.59483048,0
1506594331,22450189,46.69,110.00000000,1
1506594331,22450187,46.70,16.66000000,1
1506594330,22450183,46.75,1.00000000,1
1506594330,22450182,46.76,1.75685874,1
1506594328,22450176,46.77,46.36110085,0
1506594319,22450155,46.99,2.99727700,0
1506594318,22450154,46.99,2.12470800,0
1506594318,22450153,46.99,2.84427300,0
1506594314,22450151,46.76,1.99000000,0
1506594314,22450150,46.76,84.82032697,0
1506594313,22450149,46.76,2.40000000,1
1506594313,22450147,46.82,2.91701519,1
1506594312,22450145,46.95,58.86265784,1
1506594312,22450144,46.95,2.49000000,1
1506594312,22450143,46.95,6.62000000,1
1506594312,22450142,46.95,2.80000000,1
1506594311,22450139,47.04,10.68000000,1
1506594311,22450138,47.04,5.98000000,1
1506594307,22450099,46.96,18.73200910,0
1506594306,22450097,47.00,5.46778563,1
1506594306,22450096,47.00,10.61200000,1
1506594306,22450095,47.00,1.18820527,1
1506594306,22450094,47.00,1.00000000,1
1506594298,22450072,47.20,1.00000000,0
1506594298,22450069,47.20,16.66000000,1
1506594298,22450068,47.20,3.00000000,1
1506594296,22450067,47.25,1.00000000,1
1506594277,22449996,47.30,0.97200000,1
1506594276,22449995,47.31,1.99664689,1
1506594275,22449994,47.31,28.70213700,1
1506594272,22449983,47.31,8.80000000,1
1506594244,22449933,47.31,5.00000000,1
1506594244,22449931,47.31,37.88710000,1
1506594239,22449915,47.31,2.68000000,1
1506594222,22449890,47.32,2.00000000,1
1506594111,22449636,47.38,3.68425496,0
1506594073,22449572,47.38,3.75875300,0
1506594021,22449481,47.31,10.00000000,1
1506594017,22449480,47.31,4.93411611,1
1506594017,22449479,47.31,9.00374307,1
1506594017,22449478,47.32,1.74214082,0
1506594016,22449477,47.32,16.66000000,0
1506594015,22449476,47.32,16.66000000,1
1506594003,22449467,47.31,0.99625693,1
1506593993,22449460,47.39,13.28485516,1
1506593993,22449459,47.40,3.00000000,1
1506593992,22449458,47.42,41.85000000,1
1506593992,22449456,47.43,5.21514484,1
1506593986,22449448,47.43,2.00000000,1
1506593981,22449436,47.51,50.00000000,1
1506593870,22449363,47.60,32.61092279,1
1506593827,22449339,47.60,200.00000000,1
1506593812,22449314,47.62,0.21041500,1
1506593766,22449291,47.65,151.91348245,1
1506593754,22449280,47.72,7.11956428,0
1506593704,22449244,47.73,0.50000000,0
1506593556,22449057,47.68,63.10594200,0
1506593551,22449053,47.67,0.50000000,0
1506593546,22449039,47.68,0.30254400,0
1506593543,22449030,47.65,3.23414300,1
1506593538,22449023,47.65,17.32037498,1
1506593538,22449022,47.65,21.34123200,1
1506593528,22449001,47.65,57.90583000,1
1506593527,22449000,47.65,14.47165000,1
1506593527,22448999,47.65,17.32037480,1
1506593524,22448989,47.65,14.44268900,1
1506593524,22448988,47.65,17.32037545,1
1506593517,22448959,47.65,9.81708500,1
1506593514,22448953,47.65,3.64768000,1
1506593513,22448948,47.68,8.89467245,0
1506593513,22448947,47.68,1.38213255,1
1506593501,22448918,47.68,0.34700000,1
1506593500,22448917,47.69,0.39000000,1
1506593404,22448745,47.80,0.39000000,0
1506593404,22448744,47.79,0.11000000,0
1506593351,22448660,47.87,0.39000000,1
1506593350,22448658,47.79,0.11000000,0
1506593339,22448647,47.88,0.50000000,0
1506593299,22448584,47.75,2.89000000,0
1506593295,22448573,47.75,49.69000000,1
1506593295,22448572,47.76,46.62000000,1
1506593295,22448571,47.86,0.54847473,1
1506593268,22448532,47.95,0.77891227,0
1506593164,22448475,47.99,19.89000000,1
1506593154,22448466,48.00,8.43000000,1
1506592777,22448186,48.12,45.33000000,0
1506592777,22448185,48.12,20.66000000,0
1506592777,22448184,48.09,104.00000000,0
1506592777,22448183,48.08,10.01000000,0
1506592754,22448171,48.08,7.55206860,0
1506592754,22448169,48.08,6.08479440,0
1506592753,22448168,48.08,1.00023000,0
1506592615,22448133,48.11,10.25680939,0
1506592613,22448130,48.09,0.11000000,0
1506592580,22448121,47.99,0.11000000,0
1506592430,22448049,47.98,9.78546853,0
1506592347,22448016,47.98,1.66340142,0
1506592334,22447977,47.89,0.11000000,0
1506591966,22447724,47.98,38.55113005,0
1506591748,22447553,47.98,16.66000000,1
1506591609,22447441,48.07,0.11000000,1
1506591609,22447440,48.07,0.11000000,1
1506591608,22447439,48.07,0.11000000,1
1506591608,22447437,48.07,0.11000000,1
1506591608,22447435,48.07,0.11000000,1
1506591608,22447434,48.07,0.11000000,1
1506591608,22447432,48.07,0.11000000,1
1506591608,22447430,48.07,0.11000000,1
1506591585,22447320,47.99,0.11000000,0
1506591433,22447107,47.93,16.66000000,1
1506590881,22446791,47.87,0.21897162,1
1506590729,22446612,47.87,4.00000000,1
1506590729,22446610,47.87,1.00000000,1
1506590633,22446551,47.99,11.38174600,0
1506590247,22446299,47.90,15.00000000,1
1506590222,22446287,47.95,5.00000000,1
1506590222,22446285,47.95,1.78708359,1
1506590184,22446262,48.07,0.19318625,0
1506590182,22446261,47.99,0.11000000,0
1506590057,22446086,48.06,51.25537661,1
1506590056,22446085,47.99,0.11000000,0
1506589951,22446009,48.06,0.00018738,1
1506589950,22446006,48.06,7.53111798,1
1506589949,22446005,48.06,42.34000000,0
1506589948,22446004,48.05,13.62000000,0
1506589890,22445983,48.05,0.89023000,0
1506589889,22445979,47.99,0.11000000,0
1506589826,22445950,47.95,1.54565200,1
1506589731,22445872,48.00,0.62374741,1
1506589731,22445871,48.00,1.00000000,1
1506589731,22445870,48.00,10.71709843,1
1506589730,22445867,48.01,54.57000000,0
1506589608,22445781,48.06,50.00000000,1
1506589608,22445779,48.08,5.00000000,1
1506589608,22445778,48.09,0.99750468,1
1506589491,22445614,48.09,13.89273100,1
1506589376,22445556,48.10,20.17901235,1
1506589339,22445499,48.09,0.11000000,0
1506589329,22445495,48.29,11.44987051,0
1506589329,22445494,48.29,0.11000000,0
1506589328,22445491,48.19,0.11000000,0
1506589327,22445490,48.18,3.98000000,0
1506589183,22445256,48.22,10.34321858,0
1506589129,22445229,48.07,3.98000000,1
1506589124,22445222,48.27,61.89525378,1
1506589123,22445219,48.27,41.43000000,0
1506588993,22445065,48.22,50.00000000,0
1506588870,22444896,48.27,8.00000000,0
1506588734,22444805,48.21,19.89023000,0
1506588732,22444804,48.19,0.11000000,0
1506588563,22444669,48.26,1.03336096,1
1506588552,22444665,48.24,0.64514925,1
1506588496,22444626,48.08,24.80000000,0
1506588470,22444608,48.30,24.21000000,1
1506588456,22444604,48.30,0.18000000,1
1506588437,22444589,48.29,0.11000000,0
1506588270,22444468,48.20,0.11000000,1
1506588267,22444467,48.34,0.99069093,0
1506588266,22444466,48.29,0.11000000,0
1506588266,22444463,48.24,0.85492400,0
1506588264,22444462,48.23,0.11000000,0
1506588236,22444448,48.20,4.38408800,0
1506588210,22444433,48.20,15.61591200,0
1506588210,22444432,48.19,0.11000000,0
1506588038,22444339,48.03,7.00000000,0
1506588013,22444333,48.09,0.11000000,0
1506587703,22444004,47.95,2.90855792,1
1506587703,22444002,47.95,13.50723353,1
1506587703,22444001,48.00,0.58400000,1
1506587501,22443795,48.00,20.25600000,1
1506587488,22443786,47.99,0.11000000,0
1506587393,22443633,48.05,2.76276500,0
1506587091,22443425,48.12,0.55340814,0
1506587090,22443424,48.09,0.11000000,0
1506586955,22443366,48.11,0.57617959,0
1506586870,22443258,48.12,5.00023000,0
1506586689,22443167,48.10,0.44406036,1
1506586681,22443161,48.10,1.78907120,0
1506586647,22443143,48.11,4.03679068,1
1506586645,22443138,48.09,0.11000000,0
1506586424,22442867,48.11,3.65953024,0
1506586423,22442866,48.09,0.37748199,0
1506586423,22442865,48.09,0.11000000,0
1506585979,22442557,48.04,1.61619683,0
1506585979,22442556,47.99,0.11000000,0
1506585977,22442549,47.90,0.31349659,0
1506585951,22442533,47.89,19.29819159,0
1506585738,22442401,47.90,150.00023000,0
1506585730,22442378,47.80,5.12000000,1
1506585659,22442280,47.90,4.16492693,0
1506585631,22442244,47.89,2.08289831,0
1506585627,22442234,47.90,70.57774600,0
1506585625,22442233,47.89,6.38000000,0
1506585625,22442232,47.89,0.11000000,0
1506585199,22441978,47.96,3.93553744,0
1506585197,22441977,47.89,0.11000000,0
1506585161,22441953,47.89,4.47028816,1
1506584986,22441816,47.89,5.00000000,1
1506584984,22441812,48.00,2.17583333,1
1506584982,22441808,47.99,0.11000000,0
1506584964,22441793,47.89,5.00000000,1
1506584935,22441775,47.89,0.11000000,0
1506584816,22441653,47.88,1.59406000,0
1506584816,22441651,47.88,1.96171900,0
1506584816,22441650,47.88,10.84024700,0
1506584747,22441610,47.81,2.00000000,1
1506584530,22441412,47.97,0.49906191,0
1506584451,22441355,47.88,0.00000020,1
1506584449,22441354,47.89,5.40000000,1
1506584353,22441265,47.89,5.29770934,1
1506584352,22441260,47.88,49.99999980,1
1506584180,22441084,48.03,5.04788673,0
1506584080,22441035,48.01,14.64068424,0
1506584079,22441034,48.01,0.00016850,1
1506584017,22440993,48.01,9.99983150,1
1506583959,22440952,48.00,0.00012507,1
1506583956,22440948,48.01,14.62039500,0
1506583942,22440940,48.01,14.60479630,0
1506583771,22440809,48.00,5.92191313,1
1506583769,22440805,48.00,14.58179750,1
1506583767,22440803,48.00,0.99860096,0
1506583709,22440695,48.00,0.00069952,1
1506583704,22440670,48.00,0.99930048,1
1506583459,22440483,48.09,20.63235808,1
1506583457,22440481,48.09,0.11000000,0
1506583325,22440379,47.94,14.60220401,1
1506583218,22440348,47.92,3.45005000,1
1506582756,22439959,48.09,0.00016309,1
1506582695,22439910,48.19,2.06993152,0
1506582555,22439814,48.19,0.29857523,1
1506582555,22439813,48.19,0.11000000,0
1506582554,22439810,48.18,19.67458080,0
1506582496,22439772,48.09,2.01402800,1
1506582486,22439759,48.09,0.11000000,0
1506582358,22439677,48.16,8.07570337,0
1506582355,22439669,48.15,4.03750012,0
1506582351,22439657,48.21,2.01592812,0
1506582351,22439656,48.21,8.90917513,0
1506582350,22439654,48.19,0.11000000,0
1506582350,22439652,48.17,8.24000000,0
1506582350,22439651,48.14,1.65000000,0
1506582349,22439650,48.10,0.87105487,0
1506582349,22439648,48.09,0.11000000,0
1506582347,22439636,47.99,0.11000000,0
1506582343,22439625,47.91,11.99023000,0
1506582343,22439624,47.91,3.01000000,0
1506582341,22439620,47.91,13.85617000,0
1506582340,22439618,47.91,3.01383000,1
1506582340,22439616,47.91,6.36000000,0
1506582340,22439615,47.91,10.50860000,0
1506582274,22439561,47.91,6.36140000,0
1506582274,22439560,47.90,31.00000000,0
1506582273,22439559,47.89,0.11000000,0
1506582119,22439464,48.09,1.96444167,1
1506582118,22439462,47.99,0.11000000,0
1506582014,22439359,48.00,1.00000000,1
1506581860,22439314,48.09,0.21875650,0
1506581854,22439310,48.09,0.26000000,0
1506581853,22439309,48.09,0.11000000,0
1506581752,22439278,48.08,0.90000000,1
1506581445,22439020,48.01,4.43389319,1
1506580714,22438654,48.09,1.00000000,0
1506580650,22438628,48.09,0.11000000,0
1506580519,22438556,47.99,18.62000000,1
1506580508,22438548,47.99,0.11000000,0
1506580360,22438385,47.93,2.31004400,0
1506580353,22438365,47.93,5.14627000,1
1506580353,22438364,47.93,14.46373000,1
1506580272,22438288,47.89,0.62246000,1
1506580271,22438287,47.91,18.86400000,0
1506580271,22438286,47.91,2.41600000,0
1506580271,22438285,47.89,9.26754000,1
1506580156,22438212,47.89,0.11000000,0
1506580015,22438046,47.80,23.23000000,0
1506580015,22438045,47.80,2.83268000,0
1506580014,22438043,47.79,0.11000000,0
1506579792,22437872,47.70,2.68688624,0
1506579791,22437871,47.74,0.04160376,1
1506579715,22437769,48.07,1.71629981,0
1506579713,22437768,48.06,8.80857261,0
1506579713,22437766,48.05,3.52000000,0
1506579713,22437764,48.01,6.70866500,1
1506579711,22437763,48.01,1.72749629,0
1506579673,22437714,47.74,0.06333968,1
1506579672,22437713,47.75,1.72749629,1
1506579672,22437712,47.88,0.10463659,1
1506579670,22437709,47.93,0.10452744,1
1506579402,22437632,47.93,0.20343455,1
1506579401,22437631,47.79,16.66656545,0
1506579400,22437630,47.79,15.55523856,1
1506579378,22437620,47.79,1.31476144,0
1506579360,22437616,47.79,0.18872810,1
1506579305,22437592,47.94,7.63000000,0
1506579305,22437590,47.94,9.24000000,0
1506579201,22437450,47.99,2.00000000,1
1506579177,22437445,48.00,6.69304927,1
1506579151,22437432,48.00,2.29395100,1
1506579149,22437427,48.00,5.01300000,1
1506579141,22437408,48.00,2.36940700,1
1506579136,22437404,48.00,1.44020813,1
1506579134,22437396,48.01,24.70000000,0
1506579134,22437395,48.00,16.00000000,1
1506579116,22437384,48.05,29.90837707,1
1506579116,22437383,48.05,0.00067601,1
1506579113,22437378,48.05,4.16774194,1
1506579111,22437373,48.05,23.38792925,1
1506579110,22437372,48.05,5.97000000,1
1506579110,22437371,48.05,5.47365280,0
1506579097,22437358,48.01,5.97665900,0
1506579054,22437307,48.00,400.00000000,1
1506579052,22437306,48.00,2.22429000,1
1506579051,22437305,48.00,5.97665900,1
1506579051,22437304,48.10,9.12894513,0
1506579051,22437303,48.09,0.11000000,0
1506579051,22437302,48.04,0.76105487,0
1506579021,22437295,48.00,0.75000000,1
1506579008,22437288,48.00,2.25000000,1
1506578802,22437190,48.00,1.24999980,1
1506578778,22437167,48.00,0.50000000,1
1506578746,22437132,48.09,0.11000000,0
1506578737,22437129,48.00,0.50000000,1
1506578666,22437089,48.00,29.99999980,1
1506578582,22437053,48.00,1.45125000,1
1506578555,22437048,48.00,1.45125000,1
1506578529,22437043,48.00,1.45125000,1
1506578399,22437013,48.00,18.38568600,1
1506577348,22436350,48.24,4.73259481,0
1506577053,22436169,48.30,0.89000000,0
1506577053,22436168,48.29,0.11000000,0
1506577026,22436146,48.24,0.50000000,0
1506576978,22436117,48.26,0.39000000,0
1506576976,22436115,48.19,0.11000000,0
1506576756,22435975,48.31,2.05816601,0
1506576325,22435705,48.26,0.39432242,0
1506576197,22435661,48.31,0.50000000,0
1506575901,22435561,48.32,0.56829470,0
1506575900,22435560,48.31,34.44000000,0
1506575900,22435559,48.30,12.04000000,0
1506575900,22435558,48.30,8.00000000,0
1506575899,22435557,48.29,0.11000000,0
1506575899,22435556,48.26,1.41014304,0
1506575899,22435555,48.19,0.11000000,0
1506575897,22435553,48.09,0.11000000,0
1506575483,22435379,48.19,1.75223400,1
1506575479,22435378,48.19,4.66300000,1
1506575465,22435366,48.23,1.60166792,1
1506575463,22435365,48.23,0.11000000,0
1506575457,22435358,48.19,16.87000000,1
1506575448,22435353,48.19,0.11000000,0
1506575448,22435352,48.19,1.33254374,0
1506575448,22435351,48.09,0.11000000,0
1506575350,22435250,48.19,0.39000000,0
1506575349,22435249,48.09,0.11000000,0
1506575305,22435223,48.08,1.45006000,0
1506575210,22435145,48.08,2.21131448,0
1506575194,22435131,48.08,16.28036600,0
1506575015,22434992,48.01,2.00000000,1
1506574534,22434492,48.17,0.95325123,1
1506574533,22434491,48.17,0.76000000,0
1506574526,22434476,48.18,11.68208310,1
1506574526,22434475,48.18,1.72280984,0
1506574526,22434473,48.17,0.78000000,0
1506574526,22434472,48.13,0.11000000,0
1506574525,22434471,48.11,1.61530706,0
1506574525,22434470,48.11,0.11000000,0
1506574510,22434447,48.10,1.02922920,0
1506574477,22434426,48.10,0.00636169,1
1506574476,22434425,48.05,9.08102831,0
1506574432,22434356,48.05,3.12806000,0
1506574416,22434349,48.05,0.00218000,1
1506574323,22434292,48.00,0.11000000,0
1506574323,22434291,48.00,3.00000000,0
1506574150,22434130,47.99,0.54261304,0
1506573976,22433923,47.90,0.11000000,0
1506573974,22433919,47.89,10.47578201,0
1506573970,22433915,47.89,1.76028398,0
1506573923,22433835,47.89,1.72254374,0
1506573919,22433827,47.83,0.38551230,0
1506573918,22433826,47.83,1.34997400,0
1506573567,22433523,47.60,10.00000000,0
1506573185,22433306,47.58,4.74000000,0
1506573185,22433305,47.58,5.52752100,0
1506573164,22433288,47.50,152.79026526,1
1506572828,22433186,47.57,1.50000000,1
1506572816,22433176,47.55,12.93827524,1
1506572816,22433175,47.58,1.33172524,1
1506572815,22433174,47.58,4.97901952,1
1506572349,22432915,47.77,17.52219351,0
1506572275,22432886,47.82,1.61530706,0
1506572275,22432885,47.82,0.11000000,0
1506572273,22432884,47.73,0.11000000,0
1506572133,22432800,47.72,1.10000000,1
1506571989,22432717,47.70,9.17087790,0
1506571849,22432608,47.62,0.11000000,0
1506571847,22432604,47.53,0.11000000,0
1506571847,22432603,47.48,0.11000000,0
1506571403,22432359,47.37,8.57000000,0
1506571401,22432356,47.36,24.10563998,1
1506571331,22432309,47.46,10.18000000,0
1506571266,22432259,47.42,14.95414800,1
1506571251,22432254,47.42,10.18000000,0
1506571226,22432244,47.40,12.10000000,0
1506570651,22431845,47.40,2.96772152,0
1506570365,22431644,47.14,4.96000000,0
1506570364,22431643,47.19,1.04000000,1
1506570242,22431594,47.31,10.37347843,0
1506570241,22431593,47.31,18.13094547,0
1506569607,22431295,47.32,1.12795000,0
1506569606,22431294,47.32,1.12796000,0
1506569597,22431272,47.31,1.12590000,0
1506569596,22431271,47.31,1.12590000,0
1506569595,22431268,47.31,1.12590000,0
1506567007,22430608,47.55,8.71000000,0
1506566940,22430580,47.51,1.00000000,0
1506566654,22430520,47.47,3.62586897,0
1506565141,22429844,47.50,4.85993000,0
1506565138,22429842,47.50,0.53003500,0
1506565134,22429840,47.45,9.11473400,0
1506565122,22429832,47.50,1.02835000,0
1506564749,22429756,47.65,1.01498000,0
1506564703,22429714,47.46,7.03000000,0
1506564684,22429698,47.53,2.71985000,1
1506564244,22429515,47.39,12.74446650,0
1506564243,22429513,47.40,1.48000000,1
1506564243,22429512,47.43,7.40000000,1
1506564242,22429511,47.44,1.04000000,0
1506564241,22429510,47.44,1.25853350,1
1506564241,22429509,47.44,24.97700000,1
1506564096,22429445,47.54,1.03887700,0
1506564021,22429413,47.42,2.00000000,1
1506564021,22429412,47.42,2.92000000,1
1506564021,22429411,47.43,42.08000000,1
1506564021,22429410,47.43,10.00000000,1
1506564019,22429409,47.14,2.36920412,0
1506564019,22429408,47.15,71.81655548,0
1506564018,22429407,47.33,3.00000000,1
1506564018,22429406,47.37,0.18872810,1
1506564018,22429405,47.41,1.88000000,1
1506564017,22429404,47.50,1.00000000,1
1506564017,22429403,47.51,9.36000000,1
1506564017,22429402,47.53,0.38551230,1
1506562513,22428851,47.81,0.41727672,0
1506561569,22428593,47.77,11.00000000,1
1506561543,22428589,47.80,2.67173000,0
1506561003,22428452,47.80,0.51380753,0
1506560558,22428323,47.53,1.34997400,0
1506560556,22428322,47.53,7.37000000,1
1506560335,22428290,47.74,8.76000000,1
1506560334,22428289,47.74,1.24000000,0
1506559954,22428157,47.63,15.46295005,1
1506559126,22427654,47.92,1.72280984,0
1506558610,22427501,47.73,10.00000000,1
1506557562,22427066,48.04,1.00000000,0
1506557559,22427064,48.04,0.84435717,0
1506556996,22426814,47.90,0.00043505,0
