date,tid,price,amount,type
1506642984,22490248,54.94,14.58067304,0
1506642455,22490088,54.90,12.71985428,0
1506642308,22490038,55.01,0.09280000,0
1506642235,22490028,54.66,1.38697801,1
1506642235,22490027,54.73,14.42000000,1
1506642233,22490026,54.94,5.83302199,1
1506642220,22490017,54.94,15.99981799,1
1506642216,22490013,54.94,2.99981799,1
1506642211,22490010,54.94,66.94190000,1
1506642210,22490008,54.94,9.99981799,1
1506642184,22490004,54.94,0.14481800,1
1506642182,22490003,54.94,3.63730000,1
1506641951,22489962,54.94,21.43845780,1
1506641528,22489810,54.98,5.63350598,1
1506641329,22489775,54.81,27.54519308,1
1506641329,22489774,54.88,106.00000000,1
1506641305,22489769,54.90,1.01221563,0
1506641230,22489744,54.82,18.70000000,0
1506641229,22489743,54.82,21.30000000,1
1506641225,22489742,54.83,3.00350000,1
1506641132,22489732,54.89,18.64570000,1
1506641117,22489730,54.82,66.94190000,1
1506641094,22489727,54.96,3.35900965,0
1506641065,22489717,54.74,30.97960692,1
1506641065,22489716,54.74,16.79000000,1
1506641065,22489715,54.97,19.17229308,1
1506641059,22489714,54.97,14.37290000,1
1506641058,22489713,54.97,50.00000000,1
1506641057,22489712,54.97,50.00000000,1
1506641004,22489670,54.80,66.94190000,1
1506640887,22489605,54.70,186.94000000,0
1506640885,22489604,54.70,18.56000000,1
1506640756,22489585,54.69,18.00229093,0
1506640686,22489557,54.72,20.49000000,0
1506640678,22489554,54.73,1.50770907,1
1506640490,22489523,54.75,33.50000000,1
1506640299,22489451,54.77,0.15049300,1
1506640127,22489428,54.86,1.50486780,0
1506640121,22489427,55.15,137.61813236,1
1506640120,22489426,55.10,10.00000000,0
1506640119,22489425,55.07,102.00000000,0
1506640119,22489424,55.07,1.78000000,1
1506640119,22489423,55.05,1.50792531,0
1506640119,22489422,54.99,114.00000000,0
1506640118,22489421,54.99,3.59079000,1
1506640118,22489420,54.98,8.91000000,1
1506640118,22489419,54.96,6.89582379,1
1506640118,22489418,54.96,24.98000000,1
1506640117,22489417,54.93,24.98000000,1
1506640117,22489416,54.93,99.00000000,1
1506640117,22489415,54.83,5.07530671,0
1506640115,22489414,54.82,50.00000000,0
1506639785,22489316,55.03,0.25000000,0
1506639743,22489302,55.03,2.08230800,1
1506639743,22489301,55.03,15.81869200,1
1506639741,22489300,55.01,2.34900000,0
1506639728,22489296,55.01,33.25000000,0
1506639717,22489294,55.00,1.00000000,0
1506639707,22489293,55.01,26.25000000,0
1506639694,22489290,55.02,6.50000000,0
1506639681,22489287,55.04,35.00000000,0
1506639673,22489282,55.04,0.25000000,0
1506639647,22489270,55.04,3.25000000,0
1506639634,22489264,55.04,33.25000000,0
1506639622,22489260,55.04,17.00000000,0
1506639612,22489255,55.04,8.03000000,0
1506639612,22489254,55.03,24.47000000,0
1506639603,22489253,55.01,34.75000000,0
1506639582,22489250,54.98,1.50000000,0
1506639573,22489249,55.00,0.25000000,0
1506639558,22489245,54.81,5.03042895,0
1506639556,22489244,54.92,1.50250346,1
1506639553,22489243,55.00,35.00000000,0
1506639540,22489241,55.00,37.25000000,0
1506639520,22489240,55.04,1.50000000,0
1506639501,22489236,55.04,0.75000000,0
1506639480,22489230,54.97,0.00284027,0
1506639463,22489224,55.03,4.05957973,1
1506639461,22489223,55.00,0.19042027,0
1506639448,22489217,55.00,0.80957973,0
1506639448,22489216,55.00,1.00000000,0
1506639448,22489215,55.00,1.50936045,0
1506639448,22489213,55.00,0.68105982,0
1506639434,22489202,55.00,0.50000000,0
1506639425,22489199,55.00,0.09812415,0
1506639422,22489196,55.00,0.23017648,0
1506639422,22489194,54.99,0.00000003,0
1506639422,22489193,54.99,0.01982349,0
1506639408,22489183,54.99,0.25000000,0
1506639354,22489169,54.93,1.21826000,1
1506639353,22489168,54.93,0.99578400,1
1506639331,22489163,54.92,6.50000000,1
1506639295,22489142,54.99,1.23981251,0
1506639295,22489141,54.97,0.26018749,0
1506639289,22489139,54.89,0.01490000,1
1506639289,22489138,54.93,21.32000000,1
1506639278,22489135,54.97,1.25000000,0
1506639261,22489124,54.90,0.07069364,0
1506639201,22489087,54.90,0.75000000,0
1506639192,22489082,54.90,0.25000000,0
1506639182,22489079,54.90,14.75000000,0
1506639173,22489077,54.90,12.00000000,0
1506639170,22489075,54.78,2.90490000,1
1506639169,22489073,54.78,0.00445000,1
1506639169,22489072,54.79,6.36000000,1
1506639160,22489064,54.82,3.98860000,1
1506639160,22489063,54.82,16.00000000,1
1506639153,22489055,54.77,0.00490000,0
1506639153,22489054,54.82,7.00000000,1
1506639135,22489051,54.86,36.25000000,1
1506639129,22489050,54.66,40.00000000,1
1506639084,22489040,54.73,17.28213000,1
1506639083,22489039,54.73,22.71787000,1
1506638985,22489013,54.73,1.90319000,1
1506638958,22489009,54.73,40.00000000,1
1506638893,22489004,54.66,1.07173521,1
1506638320,22488818,54.80,0.17696740,1
1506638126,22488741,54.80,0.99926000,0
1506637762,22488645,54.78,0.10000000,0
1506637716,22488627,54.79,6.36825801,0
1506636245,22488096,54.52,11.06429870,0
1506636243,22488093,54.52,1.66000000,0
1506636242,22488092,54.52,14.27189000,0
1506636232,22488084,54.52,0.79328800,0
1506636133,22488060,54.52,8.41820000,0
1506636111,22488053,54.52,0.66539665,0
1506636106,22488050,54.52,0.66539665,0
1506636042,22488030,54.52,2.00000000,0
1506636016,22488027,54.70,5.48371247,1
1506635989,22488011,54.70,0.46153000,1
1506635861,22487956,54.70,13.68369452,1
1506635860,22487955,54.72,23.16000000,1
1506635842,22487945,54.71,0.46153000,0
1506635439,22487777,54.95,3.16633303,1
1506635438,22487776,54.95,2.31737944,0
1506635294,22487651,54.72,17.18141749,0
1506635097,22487573,54.71,17.38855606,0
1506635049,22487554,54.82,38.60871945,0
1506635029,22487543,54.83,1.50481743,0
1506635026,22487540,54.95,2.31749042,1
1506635025,22487538,54.95,1.04950000,1
1506635025,22487536,54.95,8.79840300,1
1506635025,22487535,54.95,7.36235500,1
1506635025,22487533,54.95,10.77564500,1
1506635025,22487531,54.95,1.10000000,1
1506635024,22487530,54.95,1.06329700,1
1506635024,22487529,54.95,22.32283896,1
1506635022,22487527,54.92,1.51129163,0
1506635022,22487526,54.90,15.67000000,0
1506635022,22487525,54.83,1.51401012,0
1506635022,22487524,54.78,1.51516887,0
1506634990,22487512,54.77,50.00000000,0
1506634835,22487355,54.75,50.00000000,1
1506634823,22487333,54.77,0.98000000,0
1506634682,22487212,54.57,2.31271574,0
1506634682,22487211,54.56,34.13786704,0
1506634682,22487210,54.49,50.00000000,0
1506634251,22487052,54.48,0.25702834,0
1506634011,22486940,54.27,3.85075595,0
1506633916,22486893,54.27,5.14924405,1
1506633848,22486853,54.27,10.00000000,1
1506633595,22486744,54.24,4.02483113,0
1506633593,22486743,54.46,1.51516887,1
1506633484,22486690,54.57,2.00000000,1
1506633417,22486623,54.66,0.00000003,1
1506633350,22486600,54.66,1.50963600,1
1506633245,22486550,54.77,21.52830000,1
1506633214,22486540,54.76,11.76954537,1
1506633213,22486539,54.73,1.51655842,0
1506633213,22486538,54.73,1.33068442,0
1506633213,22486537,54.73,0.17871179,0
1506633212,22486536,54.71,42.65000000,0
1506633208,22486535,54.73,0.00716221,0
1506633208,22486533,54.71,10.26523779,0
1506632673,22486256,54.68,0.44600547,0
1506632610,22486228,54.65,23.62240000,1
1506632610,22486227,54.66,49.80000000,1
1506632609,22486226,54.66,0.20000000,1
1506632597,22486218,54.70,9.11882998,0
1506632588,22486214,54.64,50.00000000,0
1506632486,22486135,54.50,6.00000000,1
1506632393,22486050,54.59,50.00000000,1
1506632387,22486045,54.57,24.95000000,1
1506632299,22485994,54.53,5.85806336,0
1506632295,22485990,54.49,5.02683000,1
1506631954,22485820,54.36,1.00000000,1
1506631772,22485750,54.35,1.94300423,0
1506631658,22485693,54.31,0.99510000,1
1506631654,22485691,54.52,1.51401012,1
1506631651,22485686,54.53,2.93333664,0
1506631651,22485685,54.42,1.51949297,0
1506631649,22485684,54.38,5.93559291,0
1506631573,22485627,54.38,1.19287600,0
1506631280,22485500,54.38,3.12103480,0
1506631259,22485482,54.38,8.41820000,0
1506631239,22485476,54.38,6.78913299,0
1506631171,22485441,54.39,8.41820000,1
1506631119,22485417,54.38,8.41820000,1
1506630946,22485314,54.39,1.94300423,1
1506630889,22485286,54.30,8.41820000,0
1506630857,22485277,54.11,13.84490575,1
1506630857,22485276,54.11,6.93901312,1
1506630507,22485126,54.10,1.00000000,1
1506630289,22485052,54.31,8.41820000,0
1506630274,22485048,54.17,40.00000000,0
1506630079,22484920,54.18,0.51603658,1
1506630079,22484919,54.20,9.00000000,1
1506630079,22484918,54.21,1.05546342,1
1506629940,22484871,54.39,0.27780842,0
1506629457,22484523,54.18,156.01558827,0
1506629449,22484522,54.18,8.41820000,0
1506629316,22484459,54.11,20.00000000,1
1506629244,22484424,54.17,4.00000000,1
1506629175,22484390,54.17,4.47649500,1
1506629170,22484386,54.17,24.65731500,1
1506628829,22484152,54.17,40.00000000,1
1506628715,22484085,54.17,10.00000000,1
1506628493,22483997,54.16,3.16690000,1
1506628041,22483789,54.09,4.00000000,1
1506627996,22483771,54.29,6.89883200,1
1506627980,22483757,54.29,1.10000000,0
1506627967,22483752,54.11,1.04778613,0
1506627966,22483750,54.11,10.03180000,0
1506627964,22483749,54.11,10.10000000,0
1506627963,22483746,54.11,4.36000000,0
1506627962,22483745,54.17,10.09000000,1
1506627962,22483744,54.17,4.37041387,1
1506627923,22483725,54.17,10.08958613,1
1506627664,22483584,54.32,4.91041387,1
1506627194,22483361,54.32,3.69519000,1
1506626857,22483001,54.26,3.34629561,0
1506626549,22482772,54.01,20.00000000,0
1506626418,22482675,54.01,85.00000000,1
1506626418,22482674,54.01,115.00000000,1
1506626411,22482665,54.02,3.00000000,1
1506626404,22482660,54.04,5.00000000,1
1506626353,22482635,54.17,1.00350682,0
1506626331,22482623,54.05,4.24850000,0
1506626263,22482565,54.05,20.00000000,0
1506626234,22482546,54.08,36.84369452,1
1506626185,22482519,54.09,19.13100000,1
1506626118,22482502,54.14,8.60325083,0
1506626030,22482474,54.08,16.88639900,0
1506625828,22482349,54.25,50.01271655,0
1506625751,22482322,54.03,0.18691600,1
1506625748,22482321,54.03,0.18691600,1
1506625730,22482312,54.03,6.34077200,1
1506625603,22482251,54.03,5.75118225,1
1506625478,22482155,54.06,1.51949297,1
1506625475,22482154,54.07,4.83197300,1
1506625409,22482128,54.07,20.00000000,1
1506625401,22482124,54.13,0.15000000,1
1506625401,22482123,54.13,1.11466294,1
1506625361,22482111,54.13,0.18691600,1
1506625359,22482110,54.13,0.18691600,1
1506625358,22482109,54.13,0.18691600,1
1506625356,22482108,54.13,0.18691600,1
1506625354,22482107,54.13,0.18691600,1
1506625354,22482106,54.13,0.18691500,1
1506625352,22482105,54.13,0.18691600,1
1506625350,22482104,54.13,0.76074800,1
1506625348,22482100,54.13,0.18691600,1
1506625346,22482097,54.13,0.18691600,1
1506625345,22482094,54.13,0.18691600,1
1506625344,22482093,54.13,0.18691600,1
1506625343,22482092,54.13,0.18691600,1
1506625341,22482091,54.13,0.18691500,1
1506625303,22482072,54.14,0.15000000,1
1506625269,22482012,54.13,86.15271600,1
1506625269,22482011,54.14,0.15000000,1
1506625196,22481965,54.51,18.70942078,1
1506625195,22481964,54.51,108.00000000,0
1506625195,22481963,54.51,1.69179000,1
1506625195,22481962,54.50,3.00000000,0
1506625195,22481961,54.50,71.04480131,1
1506625195,22481960,54.50,1.49665000,1
1506625194,22481959,54.44,2.00000000,0
1506625194,22481958,54.44,2.40952057,1
1506625194,22481957,54.34,169.88100000,0
1506625194,22481956,54.34,8.40000000,1
1506625193,22481955,54.34,8.89239000,1
1506625193,22481954,54.33,15.01000000,0
1506625192,22481953,54.32,50.00000000,1
1506625191,22481951,54.32,50.00000000,0
1506624850,22481742,54.19,1.52276000,0
1506624794,22481660,54.20,1.52247000,0
1506624692,22481567,54.30,1.00000000,1
1506624649,22481552,54.31,18.91861400,0
1506624644,22481545,54.33,8.03995000,1
1506624642,22481543,54.33,8.17067000,1
1506624640,22481537,54.33,2.15292000,1
1506624638,22481533,54.33,4.97401000,1
1506624637,22481532,54.33,9.53591000,1
1506624586,22481500,54.34,1.08138600,0
1506624576,22481487,54.53,1.08138618,1
1506624576,22481486,54.53,14.97520000,1
1506624575,22481484,54.53,0.20000000,1
1506624575,22481483,54.53,89.21031200,1
1506624567,22481480,54.53,205.00000000,1
1506624565,22481478,54.53,0.16306000,1
1506624557,22481470,54.53,7.73934000,1
1506624556,22481466,54.53,11.00000000,1
1506624555,22481465,54.53,14.70350000,1
1506624553,22481459,54.53,14.70350000,1
1506624545,22481449,54.53,233.00000000,1
1506624381,22481378,54.67,0.32258987,1
1506624340,22481360,54.67,5.69255800,1
1506624337,22481359,54.67,0.32259000,1
1506624317,22481353,54.67,0.32259000,1
1506623758,22481058,54.64,0.49919869,1
1506623757,22481057,54.63,3.20893131,0
1506623756,22481056,54.63,3.70813000,0
1506623696,22481013,54.67,18.17944027,1
1506623694,22481011,54.50,0.08686112,0
1506623038,22480666,54.32,20.85473024,0
1506623038,22480665,54.32,28.43000000,0
1506623037,22480664,54.33,35.81061817,1
1506623037,22480663,54.34,6.30160800,1
1506622830,22480589,54.33,82.45921672,1
1506622830,22480587,54.34,6.30160800,0
1506622828,22480584,54.40,2.23917528,1
1506622560,22480447,54.49,50.00000000,0
1506622512,22480439,54.50,12.00000000,1
1506622410,22480402,54.53,36.46500500,1
1506622380,22480376,54.53,65.59946600,1
1506622272,22480288,54.53,0.18552900,1
1506622013,22480114,54.54,17.79763100,0
1506621996,22480110,54.54,0.18518519,1
1506621994,22480109,54.55,0.15000000,0
1506621993,22480108,54.55,0.15000000,0
1506621992,22480106,54.55,0.15000000,1
1506621921,22480077,54.55,0.55836710,1
1506621915,22480073,54.55,0.18518519,1
1506621912,22480072,54.55,0.18518519,1
1506621912,22480071,54.55,0.18518519,1
1506621912,22480070,54.55,0.18518519,1
1506621911,22480069,54.55,0.18518519,1
1506621911,22480068,54.55,0.18518519,1
1506621910,22480067,54.55,0.10000000,1
1506621910,22480066,54.55,0.18518519,1
1506621909,22480060,54.55,0.18518519,1
1506621900,22480046,54.55,0.18518519,1
1506621705,22479961,54.71,0.02076221,0
1506621705,22479960,54.71,0.77408800,0
1506621694,22479955,54.71,0.81800000,0
1506621693,22479954,54.71,2.67897600,0
1506621633,22479922,54.71,0.45400100,0
1506621632,22479921,54.71,5.27493500,0
1506621610,22479906,54.55,3.50000000,1
1506621589,22479863,54.54,10.00000000,1
1506621571,22479834,54.54,5.00000000,1
1506621552,22479824,54.53,20.75000000,1
1506621538,22479815,54.55,16.00000000,1
1506621524,22479813,54.53,4.33104144,1
1506621524,22479812,54.54,6.91895856,1
1506621515,22479810,54.54,66.50000000,1
1506621469,22479796,54.69,9.95600000,0
1506621459,22479791,54.57,0.75000000,1
1506621449,22479787,54.57,9.29400000,0
1506621446,22479784,54.57,0.35600000,0
1506621445,22479783,54.57,0.35000000,0
1506621442,22479777,54.47,25.00000000,0
1506621408,22479748,54.53,2.00000000,0
1506621387,22479738,54.56,14.75000000,1
1506621374,22479733,54.54,1.00000000,1
1506621373,22479731,54.54,2.21300000,1
1506621360,22479719,54.41,2.00000000,1
1506621352,22479717,54.52,20.00000000,1
1506621327,22479676,54.33,0.37105700,1
1506621325,22479674,54.33,13.00000000,1
1506621324,22479672,54.33,21.61449300,1
1506621323,22479670,54.33,178.74461511,1
1506621323,22479669,54.34,27.71000000,1
1506621322,22479668,54.42,10.00000000,1
1506621318,22479665,54.43,20.00000000,0
1506621318,22479664,54.42,4.86677000,0
1506621315,22479663,54.42,5.13323000,0
1506621313,22479662,54.33,1.00000000,1
1506621304,22479653,54.34,15.00000000,1
1506621295,22479639,54.31,14.00000000,1
1506621280,22479629,54.41,0.18587384,1
1506621255,22479612,54.41,2.81412616,1
1506621255,22479611,54.41,1.51655842,1
1506621255,22479610,54.41,1.33068442,1
1506621250,22479609,54.41,0.18587400,1
1506621248,22479608,54.55,15.02759121,1
1506621247,22479607,54.55,19.44203304,1
1506621246,22479606,54.55,0.18621974,1
1506621246,22479605,54.55,0.18587361,1
1506621245,22479604,54.55,0.18587361,1
1506621241,22479599,54.55,0.25000000,1
1506621241,22479598,54.55,16.00000000,1
1506621239,22479593,54.55,11.64747938,1
1506621217,22479544,54.46,7.72283800,1
1506621217,22479541,54.62,24.30000000,1
1506621217,22479539,54.60,8.45000000,0
1506621216,22479537,54.45,37.32823928,1
1506621216,22479536,54.46,1.25600000,1
1506621216,22479535,54.50,58.65858972,1
1506621215,22479533,54.53,155.94852000,1
1506621215,22479529,54.53,20.00000000,1
1506621210,22479516,54.53,57.05148000,1
1506621205,22479511,54.50,41.25000000,1
1506621123,22479460,54.51,5.00000000,1
1506621115,22479457,54.53,123.00000000,1
1506621112,22479454,54.55,2.37847995,1
1506621110,22479450,54.55,10.75000000,1
1506621105,22479439,54.55,4.08205280,1
1506621105,22479433,54.55,42.63299300,1
1506621103,22479419,54.55,11.64359029,1
1506621102,22479417,54.55,15.73000000,0
1506621102,22479416,54.54,14.77000000,0
1506621055,22479371,54.53,73.65467800,1
1506621055,22479370,54.53,5.00000000,1
1506621044,22479363,54.53,180.75000000,1
1506620865,22479250,54.53,73.59532200,1
1506620864,22479249,54.54,1.53000000,1
1506620784,22479207,54.60,1.51129163,1
1506620783,22479206,54.63,39.58905482,1
1506620781,22479204,54.63,12.10420300,1
1506620781,22479203,54.63,35.90959910,1
1506620781,22479202,54.64,39.58905490,1
1506620719,22479168,54.63,231.00000000,1
1506620717,22479166,54.63,14.39714308,0
1506620687,22479131,54.64,1.51018749,1
1506620685,22479130,54.65,0.00000043,1
1506620685,22479129,54.65,157.63864300,1
1506620681,22479126,54.67,1.50936045,1
1506620681,22479124,54.67,1.50936045,1
1506620672,22479122,54.68,5.20700000,1
1506620650,22479106,54.73,15.83181600,1
1506620649,22479074,54.73,20.00000000,1
1506620644,22479069,54.74,1.50792531,1
1506620642,22479065,54.73,64.16818400,1
1506620641,22479063,54.74,2.63000000,1
1506620586,22479005,54.79,5.00000000,1
1506620585,22479003,54.81,26.85000000,1
1506620585,22479001,54.81,5.00000000,1
1506620584,22478999,54.89,7.25755000,1
1506620582,22478992,54.89,0.00245000,1
1506620582,22478991,54.91,1.00000000,1
1506620582,22478990,54.91,2.50000000,1
1506620542,22478979,54.92,1.77617567,1
1506619910,22478665,54.90,4.62300000,1
1506619903,22478655,55.07,14.28000000,0
1506619873,22478614,55.00,1.91390937,1
1506619872,22478613,55.00,1.49553884,1
1506619765,22478507,55.21,1.49462699,1
1506619765,22478506,55.21,1.49462699,1
1506619760,22478502,55.23,1.65000000,1
1506619737,22478483,55.36,1.49058528,1
1506619726,22478460,55.40,0.15000000,1
1506619691,22478433,55.43,0.15000000,1
1506619627,22478387,55.45,8.45000000,1
1506619486,22478276,55.58,15.34304100,1
1506619459,22478267,55.64,6.74450600,0
1506619447,22478256,55.57,9.46000000,0
1506619414,22478226,55.58,2.00000000,1
1506619340,22478166,55.57,5.95526000,0
1506619321,22478145,55.62,1.64302379,1
1506619306,22478122,55.50,3.00000000,1
1506619274,22478059,55.61,1.79549400,1
1506619257,22478043,55.62,4.65695900,1
1506619240,22478018,55.42,7.23161147,0
1506619240,22478017,55.42,1.10185853,0
1506619217,22478007,55.42,0.83146000,0
1506619205,22477985,55.42,0.75586317,0
1506619200,22477980,55.42,0.75586317,0
1506619198,22477972,55.42,2.89558000,0
1506619196,22477969,55.42,2.18401000,0
1506619084,22477844,55.59,1.49327732,0
1506619084,22477843,55.55,1.49428595,0
1506619084,22477842,55.54,1.00000000,0
1506619084,22477841,55.53,1.48657580,0
1506619083,22477840,55.53,0.00825642,0
1506619083,22477834,55.52,1.51409266,0
1506619051,22477802,55.52,1.48590734,0
1506619048,22477797,55.38,8.86581765,1
1506619048,22477796,55.42,1.48948235,1
1506619042,22477786,55.42,0.39727957,0
1506619042,22477785,55.42,1.10042943,0
1506619038,22477779,55.38,0.00811949,0
1506619038,22477777,55.37,23.16000000,1
1506619037,22477775,55.37,56.64000000,1
1506619037,22477773,55.37,20.00000000,1
1506619026,22477733,55.35,1.01114246,0
1506619021,22477714,55.32,9.40620000,1
1506619018,22477691,55.35,0.48845535,0
1506619018,22477690,55.32,1.01040265,0
1506619017,22477689,55.32,0.49019200,0
1506619017,22477688,55.19,1.00940600,0
1506619017,22477685,55.19,1.50059400,0
1506619011,22477668,55.13,12.57000000,1
1506619010,22477662,55.13,8.53859097,1
1506619010,22477661,55.20,23.77563213,1
1506619010,22477659,55.20,1.00000000,1
1506619009,22477658,55.20,1.50386987,0
1506618665,22477404,54.91,2.53799000,0
1506618663,22477402,54.92,2.53799000,0
1506618663,22477401,54.92,2.53799000,0
1506618661,22477400,54.86,2.53799000,0
1506618638,22477375,54.69,20.00000000,1
1506618628,22477372,54.84,1.10297558,1
1506618627,22477370,54.84,0.34000000,1
1506618619,22477358,54.88,0.00000004,1
1506618616,22477325,54.88,17.05951200,1
1506618611,22477309,54.88,3.73551046,1
1506618609,22477308,54.88,10.20000000,1
1506618606,22477306,54.88,3.63570000,1
1506618605,22477304,54.88,8.90000000,1
1506618603,22477300,54.88,8.90000000,1
1506618590,22477272,54.88,0.20000000,0
1506618589,22477270,54.88,17.11340000,1
1506618589,22477268,54.88,8.69940535,1
1506618589,22477267,54.99,1.50059465,1
1506618588,22477265,55.00,18.51342420,1
1506618588,22477264,55.12,1.48657580,1
1506618576,22477223,55.16,1.49428595,0
1506618570,22477218,55.09,25.00000000,1
1506618563,22477198,55.09,1.50667345,0
1506618559,22477195,55.08,20.00000000,1
1506618533,22477169,55.08,27.54339494,1
1506618533,22477168,55.08,20.12010506,1
1506618532,22477167,55.08,1.50715941,0
1506618532,22477166,55.08,0.00830233,0
1506618529,22477160,55.03,0.13827918,0
1506618527,22477157,55.03,1.37017500,0
1506618523,22477150,54.99,19.92346820,0
1506618522,22477148,54.99,3.29800000,0
1506618509,22477118,54.99,3.15259800,0
1506618501,22477108,54.99,1.00000000,0
1506618499,22477104,54.99,34.53751500,0
1506618432,22476988,54.99,11.72234640,0
1506618430,22476981,54.99,6.73305940,0
1506618429,22476980,54.99,17.34551200,0
1506618420,22476961,54.99,2.28750100,0
1506618331,22476828,54.88,3.55811000,1
1506618279,22476803,54.88,18.19836215,1
1506618252,22476788,54.98,6.69268417,0
1506618129,22476650,54.84,2.19488000,1
1506618124,22476633,54.85,3.22808000,1
1506618072,22476589,54.98,3.12934983,0
1506617988,22476542,54.84,8.47475400,0
1506617598,22475947,54.95,1.76847270,0
1506617371,22475777,54.86,13.76538826,1
1506617370,22475776,54.86,91.00000000,1
1506617370,22475775,54.86,50.00000000,1
1506617369,22475774,54.86,27.28000000,0
1506617305,22475728,54.75,1.50715941,1
1506616771,22475513,54.98,48.00000000,0
1506616521,22475348,54.98,5.75118225,0
1506616493,22475334,54.98,49.48763400,0
1506616493,22475333,54.97,1.00000000,0
1506616493,22475332,54.95,103.00000000,0
1506616491,22475331,54.94,58.44751783,0
1506616212,22475213,54.77,9.22777392,0
1506616212,22475212,54.77,95.66729413,1
1506616113,22475194,54.78,14.83750800,1
1506615887,22475086,54.86,37.13014367,1
1506615856,22475030,54.79,11.36083226,0
1506615854,22475029,54.76,9.42169866,0
1506615804,22474991,54.86,4.63685000,1
1506615802,22474977,54.86,0.32351000,0
1506615800,22474965,54.86,8.67649000,1
1506615795,22474958,54.76,8.67649000,0
1506615666,22474819,54.77,7.09445351,0
1506615664,22474818,54.87,1.50386987,1
1506615487,22474732,54.88,3.47398546,1
1506615414,22474638,54.96,72.16314000,0
1506615409,22474634,54.95,7.19000000,0
1506615377,22474612,54.98,5.68221800,0
1506615372,22474603,54.98,13.73778200,0
1506615372,22474602,54.98,8.55000000,0
1506615371,22474600,54.97,5.00000000,0
1506615368,22474599,54.91,46.70000000,0
1506615278,22474546,54.98,2.00000000,0
1506615232,22474502,54.95,0.00000500,0
1506615232,22474501,54.87,0.00000008,0
1506615221,22474478,54.85,4.09195863,0
1506615208,22474467,54.86,0.90804137,1
1506615114,22474349,54.87,1.51267400,0
1506615006,22474259,54.86,1.00000000,0
1506614958,22474220,54.84,1.91900000,0
1506614958,22474219,54.84,0.08150000,0
1506614936,22474205,54.82,0.40553642,1
1506614935,22474204,54.82,1.10042943,0
1506614925,22474197,54.82,5.89957057,0
1506614924,22474196,54.81,1.51443940,0
1506614924,22474194,54.80,0.00000003,0
1506614901,22474181,54.80,1.51461373,0
1506614901,22474180,54.79,1.51489127,0
1506614869,22474153,54.78,1.65125633,1
1506614860,22474151,54.76,1.51572439,0
1506614857,22474150,54.75,1.51600230,0
1506614841,22474141,54.70,49.25852864,0
1506614793,22474109,54.70,1.21860000,0
1506614787,22474107,54.70,8.81511346,0
1506614765,22474102,54.70,1.50845418,0
1506614763,22474099,54.70,39.19930372,0
1506614763,22474098,54.62,0.00000026,0
1506614755,22474096,54.62,0.64450156,0
1506614755,22474095,54.62,0.87512261,0
1506614755,22474094,54.61,1.51982783,0
1506614746,22474085,54.51,0.50639847,0
1506614476,22473927,54.51,1.01630439,0
1506614475,22473926,54.49,0.52326391,0
1506614475,22473925,54.49,1.00000000,0
1506614475,22473924,54.48,2.61896870,0
1506614398,22473836,54.29,0.10000000,1
1506614393,22473832,54.29,11.30318660,1
1506614055,22473703,54.44,5.43786541,1
1506613964,22473626,54.29,0.55490000,1
1506613795,22473469,54.25,0.37131817,1
1506613795,22473468,54.26,15.00000000,1
1506613794,22473467,54.30,19.21580000,1
1506613773,22473436,54.43,19.21580000,0
1506613533,22473187,54.16,100.00000000,0
1506613492,22473153,54.15,22.75700000,1
1506613492,22473152,54.19,19.24300000,1
1506613293,22473035,54.11,7.09000000,0
1506613292,22473034,54.11,15.00000000,1
1506613237,22473002,54.19,1.00000000,1
1506613224,22473000,54.20,12.05100000,1
1506613223,22472999,54.20,4.00000000,1
1506613061,22472918,54.39,2.22265122,0
1506612811,22472723,54.11,0.61880000,1
1506612758,22472686,54.10,13.97200000,1
1506612682,22472615,54.10,14.46000000,1
1506612473,22472310,54.15,13.51715200,0
1506612437,22472267,54.08,3.23626100,0
1506612429,22472262,54.08,16.76373900,0
1506612397,22472225,54.09,7.82437900,0
1506612380,22472207,54.00,0.77696704,0
1506612380,22472206,54.00,18.83942900,0
1506612380,22472205,54.00,1.00000000,0
1506612378,22472203,54.00,29.38360396,0
1506612358,22472181,53.99,2.16880336,0
1506612357,22472179,53.99,0.46193740,1
1506612357,22472178,54.00,0.36925924,1
1506612340,22472148,54.15,2.44666700,0
1506612339,22472146,54.15,17.29792700,0
1506612338,22472145,54.15,2.73825400,0
1506612337,22472144,54.00,17.00000000,1
1506612324,22472131,54.10,13.00000000,1
1506612311,22472121,54.10,0.25000000,1
1506612298,22472093,54.10,0.23320000,1
1506612297,22472087,54.11,0.01680000,1
1506612278,22472071,54.12,15.00000000,1
1506612245,22472032,54.11,13.50000000,1
1506612214,22472003,54.29,7.27145600,0
1506612206,22471983,54.14,0.50000000,0
1506612195,22471966,54.14,0.50000000,0
1506612195,22471964,54.10,20.00000000,1
1506612195,22471962,54.00,9.47330083,0
1506612195,22471960,54.00,4.04352400,0
1506612194,22471957,54.00,64.84242300,0
1506612193,22471953,54.00,114.83456584,0
1506612192,22471952,54.00,157.97500000,0
1506612192,22471951,54.00,15.00000000,0
1506612191,22471950,54.01,1.00000000,1
1506612191,22471949,54.01,20.00000000,1
1506612191,22471948,54.02,15.00000000,1
1506612191,22471947,54.03,58.20000000,1
1506612191,22471945,54.17,0.52326391,1
1506612172,22471928,54.17,1.00000000,1
1506612142,22471907,54.19,1.52270286,1
1506612142,22471906,54.29,33.84598467,1
1506612094,22471871,54.20,6.15401533,0
1506612088,22471868,54.20,2.75453900,0
1506612084,22471865,54.21,100.00000000,1
1506612084,22471864,54.22,72.98778240,1
1506612007,22471797,54.32,23.72000000,0
1506612007,22471795,54.31,16.28000000,0
1506611993,22471782,54.30,0.64450182,1
1506611989,22471781,54.30,0.87512261,1
1506611989,22471780,54.30,10.60504956,1
1506611989,22471779,54.31,1.51982783,1
1506611982,22471775,54.35,1.10000000,1
1506611982,22471774,54.35,12.00000000,1
1506611955,22471752,54.40,17.74289097,1
1506611838,22471672,54.40,12.25678715,0
1506611816,22471647,54.40,3.61974604,0
1506611798,22471635,54.39,31.00000000,1
1506611795,22471630,54.39,57.82000000,0
1506611766,22471603,54.40,17.46633861,0
1506611662,22471513,54.48,3.50065000,0
1506611660,22471511,54.48,1.93150000,0
1506611594,22471452,54.50,71.39060734,1
1506611489,22471330,54.50,90.20000000,1
1506611214,22471121,54.51,6.57755000,0
1506611193,22471094,54.51,29.41000000,1
1506611184,22471091,54.51,4.01219548,0
1506611094,22471047,54.62,2.03512000,0
1506610996,22470919,54.50,1.00000000,0
1506610845,22470734,54.40,0.71324572,1
1506610845,22470733,54.43,4.28675428,1
1506610762,22470654,54.43,1.00000000,1
1506610643,22470611,54.46,12.74612237,0
1506610637,22470605,54.46,17.23649800,0
1506610585,22470501,54.56,2.49871700,0
1506610585,22470500,54.54,1.00000000,0
1506610584,22470499,54.51,1.00000000,0
1506610577,22470491,54.43,0.44880000,1
1506610554,22470478,54.43,1.00000000,1
1506610553,22470472,54.44,1.00000000,1
1506610551,22470471,54.43,1.00000000,1
1506610388,22470352,54.30,17.21564408,1
1506610388,22470351,54.32,32.35000000,1
1506610388,22470349,54.34,1.00000000,1
1506610388,22470347,54.37,1.00000000,1
1506610388,22470345,54.43,1.51600230,1
1506610388,22470343,54.44,1.51572439,1
1506610388,22470341,54.55,1.51267408,1
1506610344,22470284,54.56,18.15145861,1
1506610220,22470184,54.59,2.41842200,1
1506610220,22470183,54.66,0.15000000,1
1506610110,22469990,54.78,1.50667345,0
1506610107,22469988,54.66,1.51858793,0
1506609864,22469817,54.65,39.99994077,0
1506609864,22469816,54.55,0.00005923,0
1506609781,22469729,54.54,30.00000000,1
1506609712,22469623,54.55,43.50994077,0
1506609709,22469620,54.55,29.50000000,0
1506609704,22469613,54.55,26.99000000,0
1506609644,22469494,54.50,30.70055357,0
1506609638,22469484,54.50,3.50000000,0
1506609628,22469457,54.50,37.94148336,0
1506609622,22469450,54.50,52.89323745,0
1506609620,22469446,54.50,34.16164600,0
1506609618,22469441,54.50,31.99000000,0
1506609477,22469286,54.50,0.82925743,0
1506609463,22469280,54.50,9.85793541,0
1506609437,22469266,54.35,4.48000000,1
1506609312,22469159,54.46,3.16452795,0
1506609312,22469158,54.46,11.29300662,0
1506609284,22469136,54.39,6.70000000,1
1506609121,22468953,54.49,11.29546705,1
1506609118,22468945,54.50,3.52046958,0
1506609117,22468944,54.49,6.90000000,0
1506609117,22468942,54.48,14.46000000,0
1506608956,22468689,54.61,9.41650060,1
1506608955,22468685,54.61,8.17533240,0
1506608705,22468245,54.55,17.11819600,0
1506608698,22468235,54.52,1.38325055,0
1506608697,22468234,54.51,1.00000000,0
1506608697,22468233,54.47,0.00000038,0
1506608680,22468216,54.47,1.52382500,0
1506608676,22468214,54.43,4.62000000,0
1506608662,22468204,54.42,5.06900000,0
1506608659,22468201,54.36,22.88180400,0
1506608656,22468200,54.36,19.52700000,0
1506608655,22468199,54.36,3.06811500,0
1506608653,22468195,54.36,12.45848100,0
1506608652,22468191,54.36,4.60123849,0
1506608652,22468190,54.35,0.01876151,0
1506608651,22468189,54.35,0.98123849,1
1506608648,22468187,54.40,1.00000000,0
1506608627,22468158,54.33,2.38325093,0
1506608624,22468147,54.33,7.61674907,0
1506608601,22468109,54.29,19.47252800,0
1506608601,22468108,54.28,8.52747200,0
1506608598,22468106,54.28,3.36252800,0
1506608584,22468086,54.29,1.40252160,0
1506608584,22468085,54.28,14.12000000,0
1506608576,22468068,54.29,0.09785891,0
1506608569,22468055,54.34,16.78000000,0
1506608553,22468036,54.37,3.85101398,0
1506608545,22467989,54.34,2.01524400,0
1506608541,22467980,54.35,1.67232376,1
1506608540,22467979,54.26,4.64100000,0
1506608486,22467910,54.43,1.80624000,1
1506608485,22467908,54.40,1.00000000,0
1506608445,22467810,54.30,2.10746681,0
1506608440,22467803,54.30,2.01600000,0
1506608424,22467762,54.43,38.80377000,0
1506608424,22467761,54.32,21.27000000,0
1506608421,22467754,54.36,1.51858793,1
1506608420,22467753,54.37,3.43150900,0
1506608420,22467752,54.37,17.53165900,0
1506608415,22467716,54.43,35.04042160,0
1506608415,22467714,54.32,1.52806940,0
1506608412,22467686,54.00,19.60000000,0
1506608412,22467685,54.00,14.94110006,0
1506608411,22467680,54.00,103.62330018,0
1506608410,22467666,54.00,238.00000000,0
1506608410,22467661,54.00,0.20000000,0
1506608409,22467658,54.00,1.52806940,0
1506608409,22467656,54.00,0.75752398,0
1506608409,22467650,54.00,7.61903840,0
1506608408,22467643,54.00,111.00000000,0
1506608407,22467640,54.00,3.19226800,0
1506608407,22467634,54.00,34.55445629,1
1506608407,22467631,54.00,104.89506805,1
1506608407,22467627,54.00,0.10000000,1
1506608407,22467624,54.00,10.00000000,1
1506608406,22467622,54.00,13.19424200,1
1506608406,22467619,54.00,40.00000000,1
1506608406,22467617,54.00,22.70550138,1
1506608406,22467614,54.01,124.00000000,1
1506608406,22467612,54.02,1.00000000,1
1506608406,22467609,54.02,3.00000000,1
1506608406,22467606,54.04,1.00000000,1
1506608406,22467603,54.08,124.00000000,1
1506608405,22467601,54.15,1.52382538,1
1506608405,22467599,54.16,115.00000000,1
1506608405,22467597,54.22,3.00000000,1
1506608405,22467595,54.24,111.00000000,1
1506608405,22467593,54.26,2.71175820,1
1506608405,22467591,54.26,4.64681947,1
1506608386,22467403,54.24,15.72750064,1
1506608386,22467400,54.24,9.27249936,1
1506608386,22467398,54.24,52.10410864,1
1506608386,22467393,54.26,8.09589136,0
1506608385,22467387,54.26,20.90410864,0
1506608385,22467381,54.25,6.63379266,1
1506608383,22467365,54.26,7.45399000,0
1506608382,22467353,54.25,17.30716900,1
1506608381,22467351,54.24,38.62339200,1
1506608381,22467348,54.26,7.30171036,1
1506608380,22467346,54.26,3.19226800,1
1506608380,22467345,54.26,96.50602164,1
1506608380,22467344,54.35,9.49397836,1
1506608380,22467341,54.35,17.17442700,1
1506608379,22467340,54.35,8.55960800,1
1506608379,22467336,54.35,33.25208400,1
1506608379,22467333,54.35,9.64725900,1
1506608378,22467329,54.35,22.87264364,1
1506608378,22467324,54.42,1.00000000,1
1506608377,22467321,54.42,3.00000000,1
1506608377,22467319,54.47,1.51489127,1
1506608377,22467316,54.48,1.51461376,1
1506608377,22467313,54.50,0.00000033,1
1506608376,22467304,54.50,25.69029800,1
1506608375,22467303,54.50,24.30970167,1
1506608375,22467302,54.50,0.39404633,1
1506608366,22467215,54.51,1.51443940,0
1506608364,22467202,54.51,31.85011564,1
1506608353,22467132,54.70,83.20180912,1
1506608352,22467125,54.70,1.26481200,1
1506608351,22467120,54.70,3.44772900,1
1506608351,22467115,54.70,20.00000000,1
1506608350,22467112,54.70,8.81000000,1
1506608350,22467111,54.70,1.31684183,1
1506608346,22467094,54.70,2.60640000,1
1506608333,22467055,54.76,1.00000000,1
1506608327,22467051,54.77,25.70000000,1
1506608325,22467045,54.78,1.78422783,1
1506608314,22467014,54.75,0.31684183,0
1506608314,22467012,54.75,70.68315817,1
1506608276,22466928,54.75,1.72680000,1
1506608276,22466926,54.76,0.15000000,1
1506608208,22466787,54.75,6.15232600,1
1506608205,22466776,54.75,27.02594090,1
1506608205,22466775,54.75,1.50715941,1
1506608205,22466774,54.76,7.41057227,1
1506608202,22466772,54.77,24.07357773,1
1506608188,22466728,54.76,7.41057227,0
1506608174,22466695,54.76,35.04000000,0
1506608168,22466677,54.76,9.36600000,1
1506608114,22466559,54.82,2.50000000,1
1506608009,22466366,54.82,2.00000000,1
1506607991,22466338,54.82,2.50000000,1
1506607922,22466274,54.84,1.91850000,1
1506607834,22466163,54.85,18.59000000,0
1506607824,22466147,54.94,14.66190000,0
1506607764,22466025,54.95,9.99999500,0
1506607721,22465980,54.94,3.90225200,0
1506607673,22465867,54.99,1.61000000,0
1506607671,22465865,54.98,2.83724200,0
1506607669,22465863,54.92,99.99800000,0
1506607640,22465836,55.00,8.54642600,0
1506607636,22465832,55.00,149.81441800,0
1506607628,22465806,55.00,17.49552600,0
1506607628,22465804,55.00,13.66797300,0
1506607627,22465803,55.00,30.57994600,0
1506607624,22465800,54.99,1.00000000,0
1506607623,22465799,54.99,31.82329600,0
1506607623,22465798,54.99,1.00000000,0
1506607621,22465796,54.99,12.25370400,0
1506607620,22465794,54.99,16.66008139,0
1506607619,22465791,54.99,1.49959781,0
1506607618,22465790,55.00,1.00000000,1
1506607617,22465789,55.00,215.14000000,1
1506607617,22465788,55.00,5.00000000,1
1506607617,22465787,55.03,1.00000000,1
1506607617,22465786,55.08,57.81000000,1
1506607617,22465785,55.09,28.46000000,1
1506607477,22465675,55.19,20.00000000,0
1506607407,22465623,55.11,40.81910000,1
1506607407,22465622,55.12,9.03090000,1
1506607318,22465521,55.23,2.75000000,1
1506607295,22465505,55.24,0.15000000,0
1506607198,22465419,55.23,14.17000000,1
1506607173,22465404,55.10,33.97164498,0
1506607173,22465403,55.25,4.00000000,1
1506607172,22465402,55.26,0.15632193,1
1506607172,22465401,55.26,1.49327732,1
1506607170,22465400,55.33,1.49139187,1
1506607165,22465398,55.36,1.00000000,1
1506607080,22465358,55.37,8.96910912,1
1506607080,22465356,55.37,7.62089088,1
1506607064,22465328,55.37,6.54910912,1
1506607064,22465327,55.37,1.48644268,1
1506607022,22465309,55.38,1.04601878,1
1506606983,22465292,55.50,168.54943279,1
1506606972,22465285,55.55,0.00690000,1
1506606847,22465217,55.59,9.03090000,0
1506606814,22465192,55.60,22.92847000,0
1506606734,22465154,55.60,2.24113000,0
1506606732,22465150,55.60,9.58861819,1
1506606700,22465111,55.67,17.12319128,0
1506606576,22465028,55.60,4.58035202,1
1506606575,22465027,55.65,0.97221798,1
1506606545,22465016,55.65,38.07915145,1
1506606545,22465015,55.73,94.97123355,1
1506606492,22464964,55.73,5.02876645,0
1506606456,22464954,55.65,23.16176471,1
1506606180,22464812,55.65,1.80610000,1
1506606179,22464811,55.66,0.00030000,1
1506606169,22464806,55.66,0.14970000,1
1506605954,22464684,55.66,13.74850000,1
1506605925,22464659,55.62,0.99800000,1
1506605915,22464657,55.64,0.99800000,1
1506605891,22464627,55.63,0.99800000,1
1506605879,22464613,55.64,0.93220000,1
1506605873,22464608,55.70,1.35680000,0
1506605865,22464600,55.63,3.99110000,1
1506605855,22464594,55.62,0.54700000,1
1506605715,22464458,55.59,3.25036469,1
1506605715,22464457,55.60,42.28000000,1
1506605715,22464456,55.61,63.47028240,1
1506605701,22464448,55.60,12.02200000,1
1506605344,22464169,55.59,12.70496625,1
1506605343,22464167,55.59,0.22635900,1
1506605308,22464156,55.59,0.65370000,1
1506605303,22464154,55.59,0.65450000,1
1506605283,22464145,55.59,18.42189993,1
1506605176,22464096,55.70,3.11429682,0
1506605176,22464095,55.65,27.29287123,0
1506605033,22464023,55.70,24.18220000,0
1506604999,22464004,55.68,14.32144538,0
1506604999,22464003,55.60,1.00000000,0
1506604997,22464000,55.49,9.85710000,0
1506604985,22463993,55.49,10.51750000,1
1506604976,22463986,55.46,6.66397482,1
1506604936,22463963,55.70,16.31793673,0
1506604909,22463942,55.59,0.10000000,1
1506604907,22463941,55.59,0.10000000,1
1506604906,22463940,55.59,0.10000000,1
1506604903,22463939,55.59,0.10000000,1
1506604901,22463938,55.59,0.10000000,1
1506604899,22463937,55.59,0.10000000,1
1506604898,22463935,55.59,0.10000000,1
1506604896,22463933,55.59,0.10000000,1
1506604893,22463932,55.59,0.10000000,1
1506604891,22463931,55.59,0.10000000,1
1506604673,22463793,55.73,1.45285208,0
1506604646,22463739,55.75,39.99957238,0
1506604633,22463728,55.69,62.62610534,1
1506604626,22463724,55.69,0.30000000,1
1506604620,22463720,55.69,8.79910000,1
1506604605,22463714,55.83,16.59608998,0
1506604605,22463713,55.82,23.40348240,0
1506604523,22463610,55.82,35.25460139,0
1506604523,22463609,55.76,4.74497099,0
1506604493,22463589,55.69,0.64595000,1
1506604483,22463580,55.69,1.65751716,1
1506604480,22463575,55.69,24.69060000,1
1506604474,22463569,55.82,24.73982181,1
1506604473,22463567,55.75,15.26000000,0
1506604444,22463544,55.82,9.24785692,1
1506604392,22463507,55.69,1.28072750,1
1506604271,22463385,55.70,5.25000000,1
1506604251,22463363,55.69,11.30940000,1
1506604214,22463325,55.68,49.08170000,1
1506604205,22463296,55.92,0.15000000,0
1506604198,22463283,55.70,7.96810000,1
1506604182,22463266,55.68,7.96810000,1
1506604171,22463258,55.66,6.77260000,1
1506604170,22463257,55.67,48.86000000,1
1506604161,22463253,55.66,11.30940000,1
1506604137,22463240,55.66,57.05570000,1
1506604117,22463233,55.74,58.97390000,1
1506604106,22463220,55.97,31.26913000,0
1506604106,22463219,55.94,1.96409000,0
1506604106,22463218,55.93,2.92908000,0
1506604106,22463217,55.89,3.83770000,0
1506604101,22463209,55.66,7.96810000,1
1506604097,22463204,55.99,17.50880909,1
1506604096,22463203,55.99,9.37000000,1
1506604094,22463201,55.98,9.37000000,0
1506604094,22463200,55.96,1.00000000,0
1506604094,22463199,55.94,1.00000000,0
1506604094,22463198,55.94,0.75119091,0
1506604094,22463197,55.91,1.00000000,0
1506604067,22463158,55.90,0.01546044,0
1506604066,22463157,55.90,2.44327656,0
1506604066,22463156,55.89,37.54126300,0
1506604028,22463053,55.89,1.47687026,0
1506604025,22463049,55.90,10.91672344,0
1506604025,22463048,55.89,11.14000000,0
1506604025,22463045,55.88,1.41242357,0
1506604025,22463044,55.88,0.07315757,0
1506604025,22463042,55.86,1.48477956,0
1506604025,22463041,55.85,1.46008690,0
1506604024,22463040,55.85,0.02611821,0
1506604024,22463038,55.83,0.39799924,0
1506604024,22463037,55.83,1.08871151,0
1506604024,22463035,55.80,10.00000000,0
1506604024,22463033,55.76,2.00000000,0
1506603929,22462885,55.71,40.00000000,0
1506603880,22462823,55.57,1.41242357,1
1506603869,22462798,55.57,0.07315757,0
1506603859,22462791,55.43,41.24181310,1
1506603859,22462789,55.44,24.09000000,1
1506603859,22462787,55.45,0.15000000,1
1506603859,22462785,55.54,1.46008690,1
1506603857,22462782,55.70,104.95484243,1
1506603854,22462781,55.70,45.44000000,1
1506603854,22462779,55.70,1.00000000,0
1506603854,22462778,55.69,140.11400000,0
1506603853,22462777,55.67,1.00000000,0
1506603853,22462776,55.67,0.49115757,0
1506603853,22462775,55.67,1.00000000,0
1506603848,22462764,55.54,0.02611821,0
1506603837,22462727,55.65,37.30098179,1
1506603834,22462723,55.62,0.19182799,0
1506603833,22462722,55.62,1.30067680,0
1506603833,22462721,55.52,0.02802200,0
1506603789,22462655,55.60,39.97207800,1
1506603787,22462645,55.58,0.02792200,0
1506603783,22462626,55.58,1.46562506,0
1506603783,22462622,55.52,0.02792200,0
1506603708,22462480,55.57,39.90337800,1
1506603705,22462479,55.48,0.09662200,0
1506603520,22462254,55.53,0.39799924,1
1506603490,22462232,55.53,0.40618571,0
1506603490,22462230,55.52,1.49505700,0
1506603451,22462180,55.42,0.00000018,0
1506603279,22462029,55.38,7.11174400,0
1506603271,22462018,55.42,1.49787600,0
1506603206,22461951,55.36,6.27384200,1
1506603150,22461872,55.37,4.65501700,1
1506603140,22461869,55.37,0.10989000,0
1506603113,22461838,55.37,14.17000000,1
1506603112,22461834,55.36,14.17000000,1
1506603042,22461764,55.36,5.20383000,1
1506602978,22461706,55.26,2.27159500,1
1506602944,22461675,55.26,0.50000000,1
1506602856,22461625,55.29,0.00000012,0
1506602856,22461624,55.29,0.38275994,0
1506602854,22461623,55.29,1.00000000,0
1506602808,22461566,55.21,6.38365600,1
1506602782,22461499,55.21,5.03004909,1
1506602723,22461439,55.19,9.74200000,0
1506602722,22461437,55.22,5.02870772,1
1506602710,22461409,55.20,2.66186033,0
1506602684,22461345,55.21,3.39490292,0
1506602664,22461325,55.21,17.22528801,0
1506602650,22461308,55.19,8.95310000,1
1506602630,22461217,55.10,10.22660000,1
1506602533,22461108,55.01,1.00000000,0
1506602507,22461099,54.95,3.60280000,1
1506602500,22461095,55.00,4.52602422,0
1506602487,22461087,55.10,9.98765880,0
1506602430,22461036,54.92,4.06190000,1
1506602365,22460971,54.84,5.28150000,1
1506602363,22460970,54.99,5.29157454,1
1506602359,22460969,54.85,54.70842546,0
1506602296,22460930,54.85,10.64948200,0
1506602216,22460881,54.85,23.56900000,0
1506602200,22460835,54.85,53.21593100,0
1506602136,22460804,54.85,1.00000000,0
1506602135,22460803,54.85,1.00000000,0
1506602133,22460802,54.85,1.00000000,0
1506602123,22460795,54.85,10.19617500,0
1506602090,22460777,54.85,14.51096500,0
1506602055,22460768,54.85,2.47166900,0
1506601952,22460695,54.85,1.78505400,0
1506601823,22460601,54.84,16.75550000,1
1506601803,22460564,54.85,26.53561000,0
1506601803,22460561,54.85,33.55579700,0
1506601775,22460551,54.84,8.58340193,1
1506601759,22460536,54.85,5.00000000,0
1506601719,22460514,54.84,39.98988123,1
1506601710,22460511,54.84,23.90510000,1
1506601677,22460491,54.85,1.54970000,0
1506601635,22460457,54.85,31.59873222,0
1506601628,22460453,54.85,8.30240000,0
1506601585,22460433,54.85,9.33536701,0
1506601564,22460425,54.85,13.98120000,0
1506601553,22460415,54.85,3.86324402,0
1506601533,22460405,54.85,14.62191204,1
1506601411,22460339,54.86,14.62191200,1
1506601206,22460171,54.85,1.00000000,1
1506601115,22460130,54.85,18.79916900,1
1506601108,22460123,54.85,13.54997000,1
1506601093,22460110,54.85,26.45609296,1
1506601087,22460108,54.90,0.05437123,1
1506601002,22460087,54.90,27.23850000,1
1506600784,22459972,54.90,4.07664779,1
1506600759,22459960,54.90,4.48618500,1
1506600757,22459959,54.96,33.00000000,0
1506600757,22459958,54.91,1.00000000,0
1506600752,22459953,54.90,1.00000000,1
1506600722,22459930,54.90,2.48000000,1
1506600670,22459900,54.85,63.92465900,1
1506600645,22459887,55.00,7.15886950,1
1506600623,22459864,54.98,1.00000000,0
1506600543,22459813,54.90,1.93055150,1
1506600452,22459711,54.88,0.10966440,1
1506600395,22459679,54.92,0.69860000,1
1506600385,22459675,54.99,0.99399982,1
1506600385,22459674,55.00,0.00400018,1
1506600375,22459669,55.06,0.99800000,1
1506600359,22459660,55.00,1.99599982,1
1506600359,22459659,55.09,0.00000018,1
1506600311,22459630,55.09,1.49787600,1
1506600280,22459595,55.18,1.00000000,1
1506600277,22459586,55.26,1.01085776,0
1506600079,22459467,55.27,4.90881129,0
1506599887,22459283,55.28,4.51103473,0
1506599749,22459197,55.29,0.11865206,0
1506599638,22459162,55.25,60.17039600,1
1506599629,22459155,55.25,177.70000000,1
1506599626,22459153,55.24,164.37200000,0
1506599626,22459151,55.23,11.90000000,0
1506599626,22459150,55.23,0.43992738,0
1506599626,22459148,55.22,57.14000000,0
1506599626,22459147,55.21,73.98778240,0
1506599605,22459132,55.21,14.09735900,1
1506599597,22459126,55.21,22.76249228,1
1506599597,22459125,55.21,2.61043075,1
1506599543,22459098,55.21,22.41276300,1
1506599530,22459093,55.21,21.21206300,1
1506599522,22459084,55.21,3.96988263,1
1506599520,22459078,55.21,22.41255878,1
1506599518,22459077,55.21,5.95997066,1
1506599490,22459055,55.21,22.41234342,1
1506599482,22459053,55.20,7.08007211,1
1506599465,22459038,55.20,7.18999500,1
1506599460,22459025,55.23,15.00000000,0
1506599399,22458995,55.20,8.40999500,1
1506599386,22458975,55.20,9.99999964,1
1506599377,22458973,55.21,4.35573400,1
1506599370,22458971,55.20,1.53433000,1
1506599365,22458966,55.20,81.41149800,1
1506599351,22458960,55.20,10.05434747,1
1506599347,22458955,55.20,11.05978225,1
1506599339,22458946,55.20,1.24497000,1
1506599338,22458945,55.20,2.41832000,1
1506599333,22458940,55.20,8.88107591,1
1506599332,22458937,55.20,28.72989095,1
1506599320,22458929,55.21,13.04740247,1
1506599314,22458926,55.21,4.79874400,1
1506599309,22458922,55.21,2.75041696,1
1506599308,22458919,55.21,2.75041696,1
1506599307,22458917,55.21,2.75041696,1
1506599301,22458912,55.20,27.74629500,1
1506599299,22458909,55.20,8.87369910,1
1506599298,22458905,55.20,8.22277519,1
1506599295,22458900,55.20,12.76941993,1
1506599295,22458898,55.21,15.44000000,1
1506599288,22458890,55.21,0.23395274,1
1506599286,22458888,55.26,22.08921462,0
1506599284,22458885,55.21,3.13105700,1
1506599282,22458881,55.21,3.13027894,1
1506599281,22458879,55.21,0.25057000,1
1506599280,22458877,55.21,3.13027894,1
1506599278,22458871,55.21,3.13027894,1
1506599267,22458865,55.21,5.65014545,1
1506599265,22458859,55.21,12.76980421,1
1506599252,22458857,55.20,2.41963500,1
1506599240,22458852,55.20,7.17234928,1
1506599240,22458850,55.21,5.27445172,1
1506599239,22458847,55.21,12.44554828,1
1506599237,22458844,55.21,6.45555190,1
1506599226,22458810,55.21,12.44425666,1
1506599215,22458800,55.20,13.80996341,1
1506599203,22458789,55.20,3.92717374,1
1506599201,22458787,55.21,6.99777938,1
1506599199,22458782,55.21,12.44222062,1
1506599188,22458774,55.20,3.71141700,1
1506599187,22458770,55.20,89.56041600,1
1506599187,22458769,55.21,7.73886198,1
1506599186,22458767,55.21,12.44113802,1
1506599179,22458763,55.20,4.98749964,1
1506599175,22458756,55.20,8.49257229,1
1506599161,22458736,55.20,12.19847178,1
1506599161,22458734,55.21,0.00013475,1
1506599159,22458729,55.21,20.87986525,1
1506599152,22458725,55.20,47.00935900,1
1506599149,22458722,55.20,110.78308884,1
1506599148,22458719,55.20,14.35996359,1
1506599145,22458716,55.20,15.26584800,1
1506599144,22458713,55.20,220.99993879,1
1506599144,22458712,55.21,0.00006121,1
1506599133,22458692,55.21,22.92993879,1
1506599120,22458677,55.21,24.63495291,1
1506599110,22458670,55.21,9.64472900,1
1506599109,22458666,55.21,8.81810400,1
1506599107,22458660,55.21,8.81716700,1
1506599102,22458652,55.20,10.77999500,1
1506599097,22458647,55.22,1.49505700,0
1506599095,22458646,55.20,148.01221760,1
1506599095,22458645,55.21,73.98778240,1
1506599093,22458644,55.20,10.78000000,1
1506599092,22458643,55.17,1.50456344,0
1506599092,22458642,55.16,1.00000000,0
1506599092,22458641,55.15,0.50523876,0
1506599092,22458640,55.15,1.00000000,0
1506599092,22458639,55.15,105.61791300,0
1506599092,22458638,55.13,1.00000000,0
1506599092,22458637,55.11,106.84615311,0
1506599092,22458636,55.10,1.00000000,0
1506599091,22458635,55.04,1.37626168,0
1506599091,22458634,55.04,0.13199745,0
1506599047,22458536,55.00,0.79226000,0
1506598974,22458446,54.86,2.50000000,1
1506598949,22458419,54.86,1.54949088,0
1506598894,22458379,54.84,1.59060000,0
1506598894,22458377,54.80,50.05759700,0
1506598835,22458340,54.80,1.52137800,0
1506598831,22458339,54.80,1.00652200,0
1506598813,22458328,54.80,0.52225200,0
1506598804,22458321,54.80,0.52225100,0
1506598757,22458286,54.71,0.00001606,0
1506598757,22458285,54.71,1.50798394,0
1506598757,22458284,54.71,1.37447000,0
1506598756,22458283,54.69,0.00004606,0
1506598747,22458276,54.69,28.62960000,0
1506598730,22458263,54.69,1.00000000,0
1506598645,22458217,54.70,48.06000000,1
1506598587,22458160,54.71,0.00153000,0
1506598587,22458159,54.68,2.17910000,0
1506598576,22458155,54.68,0.89690000,0
1506598563,22458148,54.70,2.80887977,0
1506598562,22458147,54.71,1.37626168,1
1506598544,22458115,54.71,0.13199745,1
1506598475,22458002,54.80,0.99955321,0
1506598475,22458001,54.80,0.49476124,0
1506598471,22457999,54.82,0.50523876,1
1506598469,22457998,54.82,1.00000000,1
1506598128,22457724,54.86,0.61010000,0
1506598123,22457722,54.86,3.00000000,1
1506598021,22457685,54.87,1.50456344,0
1506598020,22457682,54.87,25.52200000,1
1506598019,22457681,54.89,57.14000000,1
1506598019,22457680,54.90,1.00000000,1
1506597955,22457628,54.96,0.00000012,1
1506597943,22457617,54.96,1.50141200,1
1506597925,22457587,55.00,1.00000000,1
1506597924,22457586,55.00,1.00000000,1
1506597810,22457060,55.00,4.00000000,1
1506597742,22457020,55.06,10.00000000,1
1506597688,22456960,55.15,20.38208700,0
1506597434,22456765,55.22,0.86045038,0
1506597428,22456747,55.23,11.29356249,0
1506597428,22456746,55.22,3.14141051,0
1506597424,22456739,55.22,0.85858949,0
1506597406,22456710,55.25,0.00000008,1
1506597403,22456708,55.25,4.81090700,1
1506597273,22456393,55.40,2.70072202,0
1506597260,22456377,55.25,5.08049292,0
1506597237,22456346,55.25,4.81094000,0
1506597236,22456345,55.25,5.18906000,0
1506597234,22456338,55.25,4.81094000,0
1506597233,22456334,55.25,1.00000000,0
1506597203,22456268,55.25,108.77297600,0
1506597203,22456267,55.25,177.70000000,0
1506597201,22456263,55.25,4.36054500,0
1506597174,22456197,55.25,5.49212669,0
1506597174,22456194,55.25,2.00000000,0
1506597170,22456178,55.25,19.54802244,0
1506597169,22456176,55.24,50.83840256,0
1506597166,22456164,55.24,5.48995500,0
1506597164,22456155,55.24,10.55666400,0
1506597164,22456153,55.24,16.58972400,0
1506597142,22456094,55.25,16.68343891,0
1506597138,22456072,55.25,39.12667160,0
1506597138,22456071,55.24,7.62000000,0
1506597138,22456070,55.24,40.46510840,0
1506597136,22456065,55.24,3.12708300,0
1506597096,22455976,55.36,10.39559100,0
1506597079,22455951,55.24,1.20525300,0
1506597067,22455939,55.22,1.49474638,0
1506596963,22455567,55.23,20.00000000,1
1506596956,22455549,55.03,59.44318687,0
1506596953,22455544,55.05,1.00000000,1
1506596953,22455543,55.06,15.00000000,1
1506596909,22455433,55.07,8.82537840,1
1506596909,22455432,55.08,69.67972438,1
1506596909,22455430,55.20,1.49489722,1
1506596870,22455283,55.31,0.19182799,1
1506596860,22455260,55.35,0.49115757,1
1506596857,22455251,55.35,1.00000000,0
1506596851,22455226,55.27,1.00000000,0
1506596851,22455225,55.18,1.50431938,0
1506596849,22455215,55.04,0.50991214,0
1506596847,22455207,55.04,0.99834699,0
1506596847,22455206,55.03,0.00165301,0
1506596814,22455097,55.03,1.50688129,0
1506596813,22455094,54.98,1.50991171,0
1506596806,22455072,54.97,1.00000000,0
1506596805,22455068,54.97,14.68854000,0
1506596805,22455065,54.97,1.50991200,0
1506596796,22455038,54.87,5.16000000,1
1506596793,22455036,54.88,1.50431938,0
1506596793,22455035,54.88,28.02720700,0
1506596790,22455033,54.87,12.81000000,1
1506596786,22455024,54.88,10.99999961,0
1506596786,22455023,54.88,2.32362239,0
1506596776,22455007,54.88,1.76146511,0
1506596774,22455005,54.88,1.00000000,0
1506596772,22455002,54.88,1.00000000,0
1506596766,22454979,54.88,4.91491250,0
1506596766,22454978,54.88,4.77229450,0
1506596735,22454921,54.87,22.94974600,0
1506596733,22454916,54.88,3.88418613,0
1506596733,22454915,54.86,1.00000000,0
1506596733,22454913,54.86,1.51295087,0
1506596722,22454895,54.83,1.00000000,0
1506596720,22454885,54.82,4.57529888,0
1506596720,22454883,54.82,2.12470112,0
1506596718,22454875,54.81,10.99393700,0
1506596710,22454847,54.77,15.52838287,1
1506596710,22454846,54.77,13.47161713,1
1506596685,22454808,54.76,8.79294888,0
1506596661,22454776,54.76,26.45609296,0
1506596637,22454724,54.76,28.87620232,1
1506596637,22454722,54.74,1.00000000,0
1506596636,22454720,54.71,1.00000000,0
1506596636,22454718,54.60,1.82667068,0
1506596636,22454716,54.59,1.00000000,0
1506596631,22454705,54.60,4.33246900,0
1506596629,22454701,54.60,1.82667100,0
1506596576,22454588,54.60,1.58033000,0
1506596574,22454581,54.60,1.58033000,0
1506596533,22454521,54.60,0.20000000,0
1506596531,22454517,54.60,4.76895254,0
1506596478,22454476,54.60,24.01957678,1
1506596478,22454473,54.60,2.28900000,1
1506596474,22454464,54.60,1.58273000,1
1506596467,22454457,54.60,3.40000000,1
1506596464,22454453,54.60,8.84361700,1
1506596437,22454394,54.60,13.29088206,1
1506596436,22454393,54.60,75.00000000,1
1506596353,22454201,54.60,19.39197033,1
1506596346,22454184,54.60,8.18916414,1
1506596313,22454113,54.60,13.23551617,1
1506596308,22454080,54.60,13.23228908,1
1506596302,22454060,54.60,1.00000000,1
1506596300,22454051,54.69,0.00001600,0
1506596300,22454049,54.68,1.36498400,0
1506596231,22453768,54.67,1.00000000,0
1506596216,22453712,54.55,24.92670000,1
1506596216,22453710,54.55,2.53000000,1
1506596215,22453708,54.55,1.00000000,1
1506596215,22453706,54.63,4.00000000,1
1506596213,22453698,54.64,15.00000000,1
1506596162,22453478,54.78,2.52078600,0
1506596062,22453190,54.77,1.00000000,0
1506596044,22453130,54.50,4.96298623,1
1506596043,22453129,54.50,25.01962495,1
1506596043,22453128,54.50,2.00000000,1
1506596043,22453127,54.54,1.51295087,1
1506596043,22453126,54.56,15.44318687,1
1506596043,22453125,54.56,186.00000000,1
1506596043,22453124,54.57,20.00000000,1
1506596043,22453123,54.57,14.88000000,1
1506596043,22453122,54.58,0.75119091,1
1506596042,22453120,54.62,3.00000000,1
1506596042,22453119,54.65,1.50991171,1
1506596042,22453118,54.70,1.50853430,1
1506596042,22453117,54.71,1.50825913,1
1506596042,22453115,54.73,0.31265173,1
1506596042,22453113,54.73,0.70332769,1
1506596041,22453112,54.73,0.87070988,1
1506596041,22453111,54.76,14.40000000,1
1506596041,22453110,54.77,4.61666573,1
1506596029,22453098,54.77,10.38333427,1
1506596029,22453097,54.78,0.58672197,1
1506596021,22453088,54.78,12.68327803,1
1506596021,22453086,54.79,0.00000018,1
1506596021,22453083,54.79,14.99999982,1
1506596000,22453049,54.80,9.00000000,1
1506595995,22453043,54.80,0.20000000,0
1506595975,22453012,54.77,7.52034781,1
1506595975,22453011,54.78,0.00000819,1
1506595972,22453006,54.78,2.64399672,1
1506595970,22453003,54.78,12.56846934,1
1506595969,22452999,54.78,12.55895218,1
1506595964,22452992,54.78,1.68857357,0
1506595963,22452990,54.77,25.97651300,1
1506595962,22452986,54.78,30.47960300,1
1506595960,22452982,54.77,4.13493545,1
1506595960,22452981,54.77,0.20000000,0
1506595960,22452980,54.80,44.27720068,1
1506595959,22452977,54.81,30.91548170,0
1506595955,22452967,54.80,11.83284417,1
1506595955,22452964,54.82,3.00000000,1
1506595949,22452948,54.87,4.00000000,0
1506595945,22452922,54.87,16.00000000,1
1506595860,22452712,55.06,18.88561500,0
1506595850,22452694,55.02,1.00000000,1
1506595845,22452683,55.01,1.55013000,1
1506595830,22452639,55.06,13.88453700,1
1506595753,22452518,55.11,23.04982055,1
1506595737,22452464,55.15,10.30000000,1
1506595679,22452375,55.28,1.00000000,0
1506595672,22452361,55.29,68.64983925,1
1506595672,22452360,55.19,5.13794275,0
1506595662,22452325,55.19,0.20000000,0
1506595649,22452298,55.17,45.22000000,0
1506595649,22452297,55.16,15.00000000,0
1506595507,22452111,55.31,0.20000000,0
1506595492,22452069,55.30,0.20000000,1
1506595404,22451976,55.00,118.43920891,0
1506595403,22451975,55.00,1.50067680,0
1506595398,22451972,55.00,0.62800000,0
1506595393,22451968,55.22,7.57946277,1
1506595392,22451966,55.20,1.50103723,0
1506595366,22451915,54.87,1.00000000,1
1506595344,22451862,54.87,3.99000000,0
1506595343,22451860,54.87,236.40000000,0
1506595343,22451859,54.87,9.05755268,0
1506595343,22451858,54.87,1.50103723,0
1506595343,22451856,54.89,1.34141009,1
1506595339,22451838,54.88,8.00000000,1
1506595339,22451836,54.88,94.57225294,1
1506595339,22451835,54.88,1.00000000,0
1506595339,22451833,54.93,2.47000000,1
1506595338,22451830,54.98,3.14000000,1
1506595338,22451828,54.98,10.00000000,0
1506595338,22451826,55.00,225.00000000,1
1506595338,22451825,55.00,10.00000000,1
1506595338,22451824,55.00,1.00000000,1
1506595338,22451823,55.00,5.00000000,1
1506595337,22451820,55.01,15.71000000,1
1506595337,22451819,55.01,10.00000000,1
1506595337,22451818,55.01,1.00000000,0
1506595337,22451816,55.02,3.00000000,1
1506595336,22451813,55.09,1.00000000,1
1506595336,22451811,55.12,1.00000000,1
1506595336,22451809,55.20,4.61420000,1
1506595335,22451808,55.22,1.00000000,1
1506595335,22451807,55.22,3.00000000,1
1506595335,22451806,55.25,1.49354706,1
1506595334,22451805,55.27,5.00000000,1
1506595333,22451802,55.28,1.00000000,1
1506595236,22451722,55.50,8.84180405,1
1506595235,22451721,55.50,65.54063986,1
1506595223,22451707,55.50,3.88000000,1
1506595223,22451706,55.51,1.12000000,1
1506595173,22451665,55.50,8.84662500,1
1506595173,22451663,55.50,9.25337500,0
1506595173,22451662,55.51,1.90000000,1
1506595136,22451620,55.55,1.00000000,1
1506595075,22451459,55.74,13.95532151,0
1506594991,22451304,55.79,1.00000000,0
1506594976,22451268,55.78,10.00000000,0
1506594913,22451128,55.76,0.20000000,0
1506594850,22451055,55.51,11.25643382,1
1506594783,22450999,55.51,2.45500000,1
1506594694,22450929,55.56,1.00000000,0
1506594677,22450917,55.51,1.09000000,1
1506594677,22450916,55.54,1.00000000,1
1506594677,22450915,55.56,1.00000000,1
1506594653,22450904,55.80,3.56481724,0
1506594653,22450903,55.79,1.75685300,0
1506594650,22450902,55.50,13.29279300,0
1506594650,22450901,55.50,50.00000000,0
1506594644,22450898,55.50,0.31677800,0
1506594642,22450895,55.50,74.48239900,0
1506594639,22450892,55.50,4.00000000,1
1506594639,22450890,55.56,69.19000000,1
1506594639,22450888,55.57,71.28729740,1
1506594571,22450762,55.57,8.64083500,1
1506594558,22450677,55.75,5.32167024,0
1506594558,22450675,55.71,2.70048500,0
1506594552,22450666,55.70,214.00000000,1
1506594550,22450664,55.70,68.56926740,1
1506594532,22450640,55.69,5.37349614,0
1506594526,22450634,55.78,0.02167024,1
1506594525,22450633,55.72,1.00000000,0
1506594525,22450632,55.69,1.00000000,0
1506594525,22450631,55.68,3.30000000,0
1506594516,22450612,55.50,1.99961299,0
1506594508,22450599,55.52,1.00000000,0
1506594508,22450595,55.52,1.00000000,0
1506594507,22450594,55.52,3.32395400,0
1506594506,22450590,55.51,5.41851500,0
1506594505,22450589,55.52,9.04753100,0
1506594505,22450588,55.51,1.00000000,0
1506594505,22450586,55.50,1.00000000,0
1506594503,22450580,55.40,1.98915827,0
1506594503,22450578,55.40,1.31262330,0
1506594492,22450559,55.37,2.00000000,1
1506594489,22450541,55.36,2.00000000,1
1506594488,22450535,55.34,0.95005827,1
1506594488,22450533,55.34,1.00000000,1
1506594484,22450518,55.40,4.40513847,0
1506594484,22450515,55.40,0.39609153,0
1506594473,22450493,55.34,1.00000000,0
1506594473,22450491,55.31,1.00000000,0
1506594434,22450461,55.40,5.32167024,0
1506594396,22450379,55.29,13.90545700,1
1506594378,22450292,55.30,15.00000000,1
1506594365,22450281,55.38,50.00000000,0
1506594343,22450231,55.40,15.00000000,1
1506594340,22450219,55.40,35.00000000,1
1506594339,22450218,55.40,50.00000000,1
1506594339,22450217,55.40,47.00000000,1
1506594339,22450216,55.41,15.00000000,1
1506594336,22450208,55.38,3.00000000,0
1506594336,22450207,55.38,50.00000000,0
1506594336,22450206,55.38,50.00000000,0
1506594323,22450166,55.29,0.25500000,1
1506594322,22450159,55.46,15.00000000,0
1506594315,22450152,55.48,1.02000000,1
1506594313,22450148,55.49,15.00000000,1
1506594310,22450136,55.48,15.00000000,1
1506594274,22449993,55.36,33.14858347,1
1506594274,22449991,55.42,3.00000000,1
1506594274,22449990,55.50,2.00000000,1
1506594274,22449989,55.51,15.00000000,1
1506594274,22449988,55.52,2.57810167,1
1506594274,22449986,55.52,3.00000000,1
1506594267,22449973,55.61,14.39862800,1
1506594266,22449971,55.62,9.72765400,1
1506594262,22449958,55.62,5.27234600,1
1506594167,22449756,55.62,17.36000000,1
1506594137,22449677,55.62,22.56088300,1
1506594080,22449587,55.53,18.18662113,1
1506594080,22449585,55.55,1.48477956,1
1506594078,22449584,55.61,13.14859922,1
1506594078,22449583,55.61,1.02140078,1
1506594069,22449563,55.54,52.52480629,0
1506594068,22449562,55.62,3.00000000,1
1506594068,22449561,55.70,15.44077600,0
1506594068,22449560,55.70,54.03441771,0
1506594065,22449547,55.90,1.00000000,1
1506593981,22449432,55.97,1.47157528,1
1506593980,22449430,55.99,27.59717967,1
1506593956,22449403,56.02,7.43911700,1
1506593931,22449400,56.03,8.00000000,1
1506593929,22449398,56.04,26.43725341,0
1506593896,22449387,56.02,1.56088300,1
1506593742,22449271,56.25,5.04745457,0
1506593540,22449026,56.00,3.23414328,0
1506593537,22449021,56.00,38.66160714,0
1506593529,22449004,56.00,0.20000000,0
1506593526,22448998,56.00,31.79202498,0
1506593524,22448987,56.00,31.76306380,0
1506593523,22448986,56.00,57.96379000,0
1506593520,22448983,56.00,8.60369500,0
1506593520,22448981,56.00,10.10000000,0
1506593519,22448980,56.00,37.01210100,0
1506593518,22448979,56.00,88.64188900,0
1506593518,22448978,56.00,7.53915300,0
1506593518,22448977,55.99,2.89290900,0
1506593518,22448976,55.99,1.07709100,0
1506593517,22448969,56.00,169.25459300,0
1506593517,22448967,56.00,19.85166800,0
1506593517,22448963,56.00,98.35327200,0
1506593517,22448962,56.00,24.78070500,0
1506593517,22448961,56.00,24.12659700,0
1506593517,22448960,56.00,3.62948000,0
1506593516,22448955,56.00,80.09656259,0
1506593515,22448954,56.00,128.52280400,0
1506593514,22448950,56.00,202.00000000,0
1506593513,22448949,56.00,8.83000000,0
1506593512,22448946,56.00,74.40283570,0
1506593512,22448945,55.99,27.59716430,0
1506593511,22448944,56.00,56.68000000,0
1506593511,22448943,56.00,46.39061810,0
1506593511,22448940,56.00,100.00000000,1
1506593511,22448939,56.00,10.00000000,1
1506593511,22448938,56.01,1.00000000,1
1506593511,22448937,56.05,110.00000000,1
1506593510,22448936,56.09,1.00000000,1
1506593510,22448935,56.12,1.00000000,1
1506593510,22448934,56.12,109.00000000,1
1506593510,22448933,56.15,8.00000000,1
1506593510,22448932,56.16,102.00000000,1
1506593510,22448931,56.19,8.00000000,1
1506593510,22448929,56.26,1.00000000,1
1506593509,22448928,56.27,1.46521902,1
1506593304,22448595,56.36,20.12613587,1
1506593294,22448570,56.42,1.00000000,1
1506593277,22448539,56.45,0.00000020,1
1506593276,22448538,56.45,5.85896700,1
1506593057,22448416,56.59,31.20014290,1
1506593056,22448415,56.56,39.55000000,0
1506593000,22448379,56.66,0.11169652,0
1506592993,22448374,56.60,100.00000000,1
1506592495,22448078,56.45,9.14103280,1
1506592495,22448077,56.46,3.79000000,1
1506592495,22448076,56.58,0.76316720,1
1506592495,22448075,56.74,0.02830000,1
1506592494,22448074,56.76,13.75000000,1
1506592485,22448071,56.75,0.39000000,0
1506592484,22448070,56.75,14.14000000,0
1506592483,22448068,56.74,14.14170000,1
1506592475,22448064,56.74,14.17000000,1
1506592469,22448058,56.73,6.92320000,1
1506592325,22447969,56.58,1.00000000,1
1506591714,22447540,56.58,13.34000000,0
1506591711,22447539,56.58,0.83000000,1
1506591710,22447538,56.58,14.17000000,0
1506591685,22447518,56.57,3.99886400,1
1506590721,22446578,56.36,0.17570000,1
1506590713,22446577,56.59,2.76819078,1
1506590611,22446546,56.33,112.79030812,1
1506590611,22446545,56.34,5.72000000,1
1506590611,22446544,56.34,40.00000000,1
1506590596,22446541,56.35,10.00000000,1
1506590562,22446528,56.34,50.59564630,1
1506590561,22446527,56.34,33.93600000,1
1506590561,22446526,56.35,35.60891400,1
1506590559,22446525,56.59,1.02047500,1
1506590558,22446524,56.39,14.17000000,0
1506590546,22446518,56.48,14.17000000,0
1506590544,22446515,56.35,63.33221760,1
1506590544,22446514,56.35,6.50000000,1
1506590543,22446513,56.39,56.18000000,1
1506590543,22446512,56.40,73.98778240,1
1506590238,22446291,56.61,1.00000000,0
1506590159,22446250,56.47,34.95201300,0
1506590116,22446235,56.46,11.07781486,1
1506590116,22446234,56.46,3.97692614,1
1506590116,22446233,56.47,34.94525900,1
1506590105,22446166,56.62,3.48969188,0
1506590105,22446162,56.47,15.19730812,0
1506590074,22446099,56.47,9.55200000,0
1506590055,22446083,56.47,27.20140300,0
1506590027,22446064,56.47,1.41800000,0
1506590000,22446048,56.47,10.75682500,0
1506589951,22446008,56.47,7.53940145,0
1506589883,22445974,56.47,1.00000000,0
1506589806,22445917,56.47,1.00000000,0
1506589797,22445910,56.47,1.54565200,0
1506589599,22445749,56.80,26.40382610,1
1506589597,22445740,56.80,3.92310100,1
1506589578,22445727,56.80,8.76911900,1
1506589577,22445726,56.80,4.44503340,1
1506589548,22445667,56.80,44.09733700,1
1506589513,22445639,56.80,6.54640400,1
1506589489,22445611,56.80,5.63316100,1
1506589466,22445595,56.90,2.07311072,0
1506589446,22445586,56.90,2.61019332,0
1506589391,22445560,56.80,0.18201850,0
1506589256,22445415,56.85,55.72999965,0
1506589255,22445414,56.84,46.85592435,0
1506589090,22445162,56.66,1.00000000,0
1506589052,22445149,56.65,28.94000000,1
1506589052,22445148,56.65,1.00000000,1
1506588776,22444858,56.80,0.19417565,0
1506588776,22444857,56.80,0.15916942,0
1506588773,22444854,56.80,24.84083058,1
1506588766,22444841,56.80,13.58698600,1
1506588766,22444839,56.82,47.45670539,0
1506588765,22444836,56.80,1.50000000,1
1506588753,22444820,56.80,2.93450000,1
1506588744,22444816,56.80,1.85318100,1
1506588728,22444800,56.80,4.32457200,1
1506588688,22444782,56.80,45.27148631,1
1506588390,22444574,56.80,0.99800000,1
1506588350,22444526,56.80,7.72460000,1
1506588212,22444435,56.88,1.00000000,0
1506587967,22444265,56.67,31.74590000,1
1506587967,22444264,56.69,16.23000000,1
1506587957,22444259,56.70,1.63580000,1
1506587919,22444238,56.67,18.11010000,1
1506587919,22444237,56.69,55.73000000,1
1506587849,22444208,56.85,0.98600000,0
1506587451,22443737,56.46,10.34799698,1
1506587451,22443736,56.47,1.00000000,1
1506587451,22443735,56.51,1.51530302,1
1506587445,22443726,56.70,30.00000000,1
1506587395,22443644,56.70,0.01674777,1
1506587391,22443624,56.70,8.42920000,1
1506587385,22443613,56.70,7.05970000,1
1506587381,22443612,56.70,61.18540000,1
1506587374,22443607,56.70,144.00000000,0
1506587373,22443606,56.69,13.30895223,0
1506587373,22443605,56.67,1.00000000,0
1506587118,22443435,56.68,0.01038611,1
1506587002,22443399,56.68,5.26550000,1
1506586774,22443225,56.68,25.70000000,1
1506586774,22443224,56.68,1.00000000,1
1506586612,22443118,56.69,2.00000000,0
1506586525,22443023,56.69,46.73000000,0
1506586518,22443014,56.69,1.09038000,0
1506586505,22442996,56.69,2.95000000,0
1506586499,22442977,56.69,4.44503340,0
1506586491,22442945,56.69,48.33000000,0
1506586430,22442873,56.69,1.45573575,0
1506586428,22442872,56.69,3.68989862,0
1506586428,22442871,56.68,0.75513478,0
1506586396,22442836,56.67,21.35530000,1
1506586379,22442832,56.68,0.70527647,0
1506586365,22442830,56.62,139.55479114,0
1506586347,22442824,56.62,4.44520886,0
1506586311,22442782,56.60,38.29982694,0
1506586308,22442779,56.60,4.44520886,0
1506586279,22442766,56.52,13.51911092,0
1506586231,22442725,56.51,1.53432104,1
1506586231,22442724,56.51,2.96541353,1
1506586151,22442679,56.45,3.34820048,1
1506586147,22442676,56.52,5.01556130,0
1506586106,22442646,56.52,4.44520886,0
1506586087,22442622,56.52,6.17249700,0
1506586087,22442621,56.52,4.44520886,0
1506586053,22442597,56.52,29.20760000,0
1506586003,22442566,56.52,1.40353817,0
1506586003,22442565,56.51,3.04167069,0
1506585982,22442560,56.41,19.50359067,1
1506585918,22442519,56.39,1.00000000,1
1506585878,22442494,56.51,4.44615905,0
1506585789,22442425,56.51,1.74650000,0
1506585619,22442221,56.45,8.00000000,0
1506585619,22442219,56.45,192.00000000,0
1506585493,22442136,56.38,38.01456525,0
1506585472,22442122,56.38,4.44615905,0
1506585419,22442103,56.36,20.00000000,1
1506585341,22442036,56.35,18.82550548,1
1506585340,22442032,56.37,1.46041125,1
1506585311,22442022,56.38,40.00000000,1
1506585078,22441868,56.51,63.66850073,1
1506585071,22441864,56.50,36.33149927,0
1506584987,22441820,56.51,2.17642895,0
1506584917,22441770,56.51,2.64802690,0
1506584876,22441714,56.52,3.53007785,0
1506584860,22441697,56.50,5.29699115,0
1506584614,22441482,56.52,22.06086341,0
1506584553,22441440,56.52,3.32552300,0
1506584447,22441331,56.41,12.84991668,0
1506584439,22441320,56.41,5.40008332,0
1506584437,22441315,56.41,3.75000000,1
1506584354,22441268,56.41,1.54921979,0
1506584352,22441259,56.41,3.75000000,0
1506584352,22441258,56.41,49.99999980,0
1506584350,22441254,56.41,13.70078041,1
1506584223,22441136,56.52,34.14106000,0
1506584155,22441074,56.40,0.97061020,1
1506584155,22441073,56.44,0.02938980,1
1506584092,22441049,56.52,1.00000000,0
1506584078,22441033,56.45,175.16000000,0
1506584072,22441029,56.45,0.50000000,0
1506584050,22441016,56.45,36.34000000,0
1506584018,22440995,56.52,10.00813871,0
1506583957,22440950,56.52,14.63269639,0
1506583945,22440941,56.52,14.62031138,0
1506583929,22440936,56.45,0.66027000,1
1506583927,22440934,56.52,5.57728700,0
1506583771,22440812,56.52,5.92852087,0
1506583770,22440808,56.52,14.59819532,0
1506583747,22440753,56.52,1.25000000,0
1506583709,22440697,56.52,0.99930048,0
1506583703,22440669,56.52,0.99930048,0
1506583684,22440609,56.45,6.43420000,1
1506583673,22440584,56.44,14.58180000,1
1506583663,22440569,56.47,14.58180000,1
1506583638,22440555,56.40,13.02669809,0
1506583637,22440553,56.40,1.58715691,1
1506583549,22440522,56.52,14.21000000,0
1506583548,22440521,56.52,14.21000000,0
1506583529,22440508,56.52,2.50000000,1
1506583483,22440495,56.55,42.74503580,0
1506583459,22440484,56.55,4.43786369,0
1506583335,22440389,56.54,34.26943535,0
1506583287,22440365,56.54,1.02140078,0
1506582880,22440089,56.63,6.00000000,0
1506582595,22439852,56.77,28.98911361,1
1506582467,22439751,56.55,1.84931182,1
1506582273,22439558,56.54,65.00000000,1
1506582265,22439554,56.76,1.45037292,0
1506582263,22439552,56.87,67.28179084,0
1506582263,22439551,56.87,2.04000000,1
1506582263,22439549,56.83,1.46054807,0
1506582263,22439548,56.82,10.18000000,1
1506582262,22439547,56.78,113.00000000,0
1506582262,22439546,56.76,101.00000000,0
1506582262,22439545,56.75,174.85700000,1
1506582261,22439544,56.70,12.09000000,0
1506582261,22439543,56.60,173.58161940,0
1506582259,22439541,56.58,14.21000000,0
1506582239,22439523,56.54,14.21000000,1
1506582122,22439469,56.60,10.10053003,0
1506582031,22439372,56.54,4.99236100,1
1506582028,22439367,56.54,26.90774900,1
1506581711,22439264,56.54,14.39990878,1
1506581658,22439190,56.60,2.31785057,0
1506581606,22439162,56.60,40.00000000,0
1506581309,22438954,56.64,1.00000000,1
1506581104,22438890,56.54,0.53600000,1
1506580995,22438852,56.76,16.57453000,1
1506580989,22438847,56.76,51.52391000,1
1506580985,22438845,56.76,21.47700000,1
1506580983,22438841,56.76,21.11000000,1
1506580983,22438840,56.76,1.47504100,1
1506580981,22438838,56.76,20.00000000,1
1506580981,22438837,56.76,23.19517600,1
1506580953,22438825,56.76,16.21595400,1
1506580953,22438824,56.80,6.27345600,1
1506580948,22438820,56.80,6.25791200,1
1506580936,22438817,56.80,6.27345600,1
1506580923,22438805,56.80,11.34464600,1
1506580923,22438804,56.80,1.18672200,1
1506580915,22438800,56.80,10.00000000,1
1506580912,22438799,56.80,1.61863200,1
1506580905,22438796,56.80,7.18619200,1
1506580900,22438794,56.80,30.76944400,1
1506580896,22438788,56.80,3.38055600,1
1506580891,22438786,56.80,8.80482400,1
1506580883,22438780,56.80,80.00000000,1
1506580879,22438777,56.80,3.33087200,1
1506580851,22438743,56.80,79.34000000,1
1506580841,22438732,56.80,27.76159400,1
1506580834,22438728,56.80,16.47169400,1
1506580654,22438631,56.76,1.13755700,1
1506580650,22438629,56.76,2.55166800,1
1506580644,22438627,56.74,31.58803200,1
1506580588,22438596,56.76,0.50000000,0
1506580585,22438594,56.76,0.50000000,0
1506580517,22438553,56.70,4.23755127,0
1506580470,22438500,56.63,7.20427500,0
1506580470,22438499,56.63,19.91627521,0
1506580470,22438498,56.63,11.36980241,0
1506580059,22438108,56.53,12.77149800,1
1506580020,22438069,56.53,26.14651000,1
1506580015,22438044,56.53,5.97001900,1
1506579958,22438016,56.53,0.72927000,1
1506579957,22438015,56.53,0.85300400,1
1506579956,22438014,56.53,0.54567200,1
1506579921,22438002,56.53,0.20000000,1
1506579907,22437982,56.54,7.97000000,1
1506579898,22437969,56.54,27.88611873,1
1506579898,22437968,56.54,45.64811200,1
1506579896,22437964,56.54,10.22639700,1
1506579895,22437959,56.54,11.66056300,1
1506579895,22437958,56.54,3.11390500,1
1506579895,22437956,56.54,10.22639700,1
1506579895,22437955,56.54,73.41987500,1
1506579895,22437954,56.54,1.25145300,1
1506579873,22437947,56.53,0.20000000,1
1506579868,22437946,56.53,1.25145300,0
1506579868,22437945,56.53,3.59332000,0
1506579863,22437944,56.53,11.06159000,0
1506579863,22437943,56.53,5.74241000,0
1506579845,22437932,56.51,0.41958000,1
1506579818,22437909,56.51,32.91310000,1
1506579809,22437903,56.51,12.98780000,1
1506579766,22437826,56.51,1.12069000,1
1506579749,22437810,56.51,12.22922690,1
1506579749,22437809,56.53,0.31968310,1
1506579746,22437796,56.53,12.53739200,1
1506579713,22437767,56.53,8.85631500,1
1506579699,22437759,56.53,23.51122490,1
1506579699,22437758,56.53,30.98562800,1
1506579694,22437753,56.53,6.83260000,1
1506579693,22437751,56.53,49.49113000,1
1506579693,22437748,56.53,23.53054600,1
1506579692,22437746,56.53,6.81327900,1
1506579690,22437742,56.53,11.75073900,1
1506579690,22437741,56.53,6.81327900,1
1506579684,22437729,56.53,16.71371600,1
1506579684,22437728,56.53,1.84446800,1
1506579675,22437720,56.51,18.42441200,1
1506579675,22437719,56.51,5.10258300,1
1506579665,22437708,56.50,20.26888000,1
1506579656,22437701,56.50,6.83260500,1
1506579656,22437699,56.51,16.68784500,1
1506579640,22437691,56.50,12.19011740,1
1506579437,22437637,56.39,5.50000000,1
1506579311,22437597,56.54,6.94000000,1
1506579306,22437593,56.55,7.26000000,1
1506579305,22437591,56.36,0.27883145,1
1506579305,22437589,56.50,0.25000000,1
1506579304,22437587,56.54,6.93859113,0
1506579304,22437585,56.51,7.27140887,0
1506579283,22437545,56.51,1.46054807,1
1506579232,22437460,56.65,6.97271740,1
1506579224,22437459,56.65,6.51364130,1
1506579221,22437458,56.65,6.51364130,1
1506579205,22437453,56.52,17.50600000,1
1506579133,22437394,56.53,1.44015970,1
1506579067,22437334,56.53,11.94170351,1
1506578858,22437226,56.72,2.93688293,1
1506578822,22437217,56.56,1.00000000,1
1506578813,22437201,56.58,1.00000000,1
1506578800,22437185,56.57,1.25000000,1
1506578787,22437176,56.58,6.25000000,1
1506578787,22437174,56.58,1.00000000,1
1506578665,22437088,56.57,29.99999980,0
1506578607,22437064,56.75,30.00000000,1
1506578584,22437057,56.75,29.86000000,1
1506578584,22437056,56.75,52.10000000,1
1506578582,22437054,56.75,0.14000000,1
1506578559,22437049,56.76,30.00000000,0
1506578095,22436862,56.79,1.45244630,1
1506578095,22436861,56.80,2.00220470,1
1506578043,22436834,56.80,17.65016000,1
1506578031,22436824,56.80,21.00800000,1
1506577996,22436813,56.80,1.45244600,1
1506577995,22436812,56.80,4.74465600,1
1506577990,22436811,56.80,1.45244600,1
1506577988,22436810,56.80,40.66036500,1
1506577966,22436787,56.80,34.30900000,1
1506577961,22436778,56.80,13.66970600,1
1506577954,22436773,56.80,19.96000000,1
1506577952,22436771,56.80,34.64020700,1
1506577913,22436740,56.80,0.24900000,1
1506577794,22436691,56.80,1.02700000,0
1506577775,22436688,56.80,1.00000000,0
1506577768,22436686,56.80,57.97300000,0
1506577739,22436676,57.00,49.18793390,1
1506577735,22436673,57.00,13.49000000,1
1506577732,22436671,57.00,31.73979668,1
1506577722,22436668,57.00,16.03000000,1
1506577700,22436655,57.00,5.00000000,1
1506577699,22436654,57.00,63.08235000,1
1506577693,22436649,57.00,35.00000000,1
1506577683,22436636,57.00,0.75033000,1
1506577670,22436617,57.00,57.04728200,1
1506577663,22436609,57.00,5.00000000,1
1506577662,22436606,57.00,1.75315600,1
1506577659,22436604,57.00,80.45844100,1
1506577654,22436600,57.00,1.75315500,1
1506577646,22436595,57.00,0.71403600,1
1506577644,22436591,57.00,1.05412972,1
1506577635,22436588,57.00,1.75315568,1
1506577627,22436585,57.00,1.75315568,1
1506577623,22436577,57.00,1.00000000,1
1506577618,22436565,57.00,1.75315568,1
1506577611,22436562,57.00,3.45763200,1
1506577610,22436561,57.00,1.75315568,1
1506577598,22436553,57.00,1.75315568,1
1506577596,22436550,57.00,34.59700000,1
1506577595,22436549,57.00,64.60957200,1
1506577579,22436540,57.01,0.25000000,1
1506577568,22436535,57.00,60.29838500,1
1506577541,22436517,57.01,13.00884400,1
1506577532,22436510,57.00,11.57130300,1
1506577530,22436503,57.00,46.60453500,1
1506577522,22436496,57.01,1.04114800,1
1506577505,22436489,57.00,32.44938560,1
1506577505,22436488,57.01,20.19708840,1
1506577503,22436486,57.00,91.31600001,1
1506577444,22436460,57.01,53.79069400,1
1506577357,22436373,56.79,53.47492609,1
1506577357,22436372,56.81,34.69000000,1
1506577356,22436369,56.92,1.00000000,1
1506577356,22436368,56.95,1.00000000,1
1506577356,22436367,56.97,1.00000000,1
1506577355,22436366,57.00,1.00000000,0
1506577354,22436364,57.00,18.83507391,1
1506577352,22436362,57.00,2.06970100,1
1506577352,22436361,57.06,0.32000000,1
1506577200,22436252,57.15,7.17443420,0
1506577084,22436182,57.21,30.54101900,1
1506577084,22436181,57.21,112.74641900,1
1506577082,22436178,57.21,15.00000000,0
1506577044,22436166,57.26,1.44179266,0
1506577039,22436161,57.27,8.51353239,0
1506577038,22436160,57.25,12.52000000,0
1506577038,22436159,57.16,1.00000000,0
1506577038,22436158,57.16,1.44656379,0
1506577038,22436157,57.15,14.21000000,0
1506577037,22436156,57.14,73.98778240,0
1506576943,22436085,57.07,11.97634484,0
1506576869,22436036,57.07,0.21377256,0
1506576854,22436025,57.00,2.17879000,1
1506576673,22435911,57.15,10.00000000,0
1506576665,22435906,56.97,1.00000000,1
1506576640,22435902,57.13,2.98000000,1
1506576639,22435901,57.13,15.00000000,1
1506576638,22435900,57.13,15.00000000,0
1506576638,22435899,57.12,2.02000000,0
1506576558,22435851,57.08,8.50000000,0
1506576488,22435820,57.12,8.00000000,1
1506576485,22435819,57.09,1.00000000,0
1506576485,22435818,57.07,1.00000000,0
1506576469,22435813,56.87,17.60159871,0
1506576467,22435812,56.92,22.39840129,1
1506576308,22435697,56.95,1.00000000,1
1506576282,22435688,57.10,10.00000000,0
1506576166,22435655,57.00,16.99984996,1
1506576163,22435654,57.00,0.00015004,0
1506576163,22435653,56.98,1.00000000,0
1506576163,22435652,56.94,1.00000000,0
1506576163,22435651,56.92,1.00000000,0
1506575642,22435474,57.00,0.97018205,1
1506575634,22435468,57.00,1.75315568,1
1506575630,22435467,57.00,41.33856300,1
1506575630,22435466,57.00,2.72348800,1
1506575625,22435465,57.00,2.72348800,1
1506575622,22435464,57.00,1.75315568,1
1506575566,22435450,57.08,30.38225585,0
1506575566,22435449,57.04,1.00000000,0
1506575566,22435448,57.03,7.68186606,0
1506575553,22435434,56.85,51.58938111,0
1506575551,22435426,56.84,0.75346309,1
1506575551,22435425,56.86,1.00000000,1
1506575542,22435418,56.84,0.30689930,1
1506575542,22435417,56.85,1.44656379,1
1506575526,22435405,56.87,1.75346309,0
1506575436,22435349,57.20,35.79000000,0
1506575436,22435348,57.15,14.21000000,0
1506575436,22435346,57.14,15.00000000,0
1506575358,22435276,57.21,111.09683621,0
1506575358,22435275,57.13,1.45295755,0
1506575357,22435274,57.12,1.00000000,0
1506575357,22435272,57.09,1.00000000,0
1506575355,22435271,57.06,1.00000000,0
1506575336,22435233,57.12,1.44287582,0
1506575313,22435229,56.81,0.29743629,0
1506575294,22435210,56.82,1.45295755,1
1506575289,22435207,57.15,1.44448104,1
1506575287,22435206,56.82,1.75039384,0
1506575246,22435173,57.03,0.41848929,0
1506575128,22435080,57.23,1.44254845,0
1506575111,22435068,56.93,1.20380468,1
1506575105,22435066,57.03,0.00212000,0
1506575105,22435064,57.00,3.02980000,0
1506575097,22435058,57.00,36.97020000,0
1506574938,22434904,56.87,2.97420445,1
1506574929,22434896,57.19,1.44352851,0
1506574922,22434882,56.87,1.00000000,0
1506574919,22434875,56.87,1.00000000,0
1506574919,22434874,56.88,9.26000000,1
1506574919,22434873,56.98,1.00000000,1
1506574918,22434872,56.98,14.66000000,1
1506574918,22434871,56.98,10.10579555,1
1506574918,22434868,56.98,36.11420445,1
1506574917,22434865,57.01,1.00000000,1
1506574917,22434864,57.02,1.44280055,1
1506574917,22434863,57.05,1.44299500,1
1506574887,22434842,57.30,0.12624641,1
1506574886,22434838,57.30,15.00000000,1
1506574886,22434837,57.30,30.69755672,1
1506574884,22434836,57.30,3.82000000,1
1506574884,22434835,57.29,20.00000000,0
1506574883,22434834,57.28,0.35619687,0
1506574883,22434833,57.16,15.00000000,0
1506574843,22434799,57.21,97.00000000,0
1506574843,22434798,57.12,1.00000000,0
1506574843,22434797,57.10,1.00000000,0
1506574843,22434796,57.07,1.00000000,0
1506574808,22434783,57.22,1.44123156,0
1506574806,22434782,57.28,0.09287709,0
1506574806,22434781,57.28,1.00000000,0
1506574806,22434780,57.22,1.45076956,0
1506574806,22434779,57.22,1.45055076,0
1506574805,22434778,57.20,40.00000000,0
1506574805,22434776,57.17,1.45187731,0
1506574804,22434775,57.10,4.00000000,0
1506574804,22434774,57.05,0.45504197,0
1506574804,22434773,57.05,1.00000000,0
1506574804,22434772,57.05,0.00010386,0
1506574804,22434771,57.05,1.45452944,0
1506574802,22434766,57.00,2.93145000,1
1506574798,22434748,57.00,10.44733472,0
1506574798,22434746,57.00,1.09241368,0
1506574252,22434236,56.97,0.44907396,1
1506574018,22434006,56.97,1.00000000,0
1506574013,22433994,56.91,1.45845414,0
1506574013,22433993,56.90,3.54923044,0
1506573983,22433939,56.87,0.10989000,1
1506573979,22433929,56.90,1.45076956,0
1506573971,22433917,56.87,1.45969025,0
1506573971,22433916,56.86,1.76013348,0
1506573968,22433912,56.86,0.23978000,1
1506573966,22433909,56.86,1.76022000,0
1506573948,22433881,56.86,1.45187731,0
1506573943,22433871,56.83,0.01006042,0
1506573916,22433823,56.79,1.46152861,0
1506573911,22433797,56.70,2.66614343,1
1506573910,22433796,56.70,0.45504197,1
1506573874,22433715,56.70,1.00000000,0
1506573869,22433706,56.67,1.46480461,0
1506573859,22433699,56.65,26.64028060,0
1506573836,22433672,56.60,76.36001232,0
1506573603,22433547,56.57,7.80000000,0
1506573568,22433524,56.50,12.55554300,1
1506573566,22433521,56.50,9.99766372,1
1506573546,22433508,56.36,17.79594161,0
1506573508,22433492,56.36,1.00000000,0
1506573508,22433491,56.43,1.00000000,1
1506573185,22433308,56.50,0.00021451,1
1506573184,22433304,56.50,10.25978549,1
1506573182,22433303,56.41,4.74000000,0
1506573182,22433302,56.40,15.00000000,0
1506573151,22433276,56.50,27.98000000,0
1506573151,22433275,56.49,1.17000000,0
1506573151,22433273,56.41,5.85000000,0
1506573151,22433271,56.37,15.00000000,0
1506573120,22433257,56.42,38.04000000,0
1506573120,22433256,56.41,6.96000000,0
1506573120,22433255,56.40,15.00000000,0
1506572934,22433215,56.26,1.00000000,1
1506572749,22433155,56.40,1.33172524,1
1506572452,22432973,56.59,13.04506096,0
1506572389,22432939,56.59,1.00000000,0
1506572261,22432877,56.59,0.20000000,0
1506572243,22432863,56.60,0.20000000,0
1506572240,22432861,56.60,1.00000000,0
1506571997,22432730,56.60,21.11244131,0
1506571997,22432729,56.59,0.00007005,0
1506571990,22432718,56.59,9.17080785,1
1506571980,22432712,56.60,8.73813541,0
1506571979,22432711,56.60,35.77860362,0
1506571974,22432700,56.60,6.31245312,0
1506571950,22432669,56.60,0.49835422,0
1506571949,22432668,56.59,0.50164578,0
1506571943,22432663,56.59,1.45845414,0
1506571940,22432661,56.52,0.00811410,0
1506571847,22432601,56.51,0.22000000,1
1506571846,22432600,56.51,5.08772979,0
1506571831,22432595,56.51,44.05201160,1
1506571831,22432594,56.49,1.46945076,0
1506571741,22432500,56.47,18.38878065,1
1506571738,22432498,56.47,12.59641900,1
1506571736,22432490,56.47,15.00000000,1
1506571732,22432488,56.48,1.46152861,0
1506571723,22432486,56.48,2.33179886,1
1506571722,22432485,56.37,1.46820288,0
1506571676,22432471,56.36,1.77210704,1
1506571668,22432468,56.36,1.29985806,1
1506571579,22432436,56.36,1.77273533,1
1506571535,22432420,56.36,7.21000000,1
1506571530,22432419,56.26,1.96009992,0
1506571526,22432418,56.26,25.85000000,0
1506571410,22432361,56.20,8.56811815,0
1506571402,22432357,56.20,24.10563998,1
1506571360,22432333,56.26,8.63544259,0
1506571250,22432252,56.26,10.17981568,0
1506571225,22432243,56.23,12.09835480,1
1506570765,22431933,56.12,29.44434534,0
1506570304,22431627,55.95,0.52500000,1
1506570248,22431602,56.33,1.46480461,0
1506569795,22431410,55.89,14.09000000,1
1506569504,22431223,55.74,63.23531848,1
1506569503,22431222,55.74,28.11000000,1
1506569488,22431216,55.95,180.27143878,1
1506569485,22431214,55.95,7.67000000,1
1506569484,22431209,55.95,42.47000000,0
1506569484,22431208,55.95,15.00000000,0
1506569401,22431137,56.01,0.35618640,0
1506569230,22431076,56.08,31.70000000,0
1506569230,22431075,56.06,9.11000000,0
1506569230,22431074,56.05,15.00000000,0
1506569220,22431072,56.01,14.88859132,0
1506569124,22431031,56.18,59.75321760,0
1506569124,22431030,56.15,1.00000000,0
1506569124,22431029,56.15,165.43900000,0
1506569123,22431028,56.11,10.82000000,0
1506569123,22431027,56.05,15.00000000,0
1506569123,22431026,56.04,47.98778240,0
1506569089,22431009,56.04,26.00000000,0
1506568099,22430794,56.08,0.41191155,1
1506568050,22430792,55.89,0.80000000,1
1506567797,22430737,55.96,13.35971940,1
1506567797,22430736,56.05,26.64028060,1
1506567273,22430653,56.34,0.61780919,0
1506566804,22430545,55.88,13.96774248,1
1506566616,22430514,56.12,2.00000000,1
1506566553,22430510,56.18,1.46872528,0
1506566549,22430509,56.18,1.46945076,1
1506566547,22430508,56.04,1.48069574,0
1506565864,22430282,55.75,17.68000000,1
1506565862,22430279,55.76,1.00000000,1
1506565723,22430207,55.71,11.87378226,1
1506565723,22430206,55.73,1.48069574,1
1506565723,22430205,55.75,7.61552200,1
1506565721,22430204,55.78,1.00000000,1
1506565565,22430040,55.75,7.61552740,0
1506565565,22430039,55.75,19.02327160,0
1506565562,22430032,55.75,0.17699100,0
1506565562,22430031,55.75,8.18421000,0
1506565559,22430027,55.75,2.00000000,1
1506565558,22430026,55.82,3.00000000,1
1506565368,22429959,56.00,44.75702362,1
1506565368,22429958,56.00,18.61844800,1
1506565254,22429911,56.00,19.63196623,1
1506565252,22429910,56.00,20.36803377,1
1506565154,22429859,56.00,7.00000000,1
1506565150,22429854,56.00,2.53155338,1
1506565150,22429853,56.00,3.00000000,1
1506565150,22429852,56.00,4.70000000,1
1506565150,22429851,56.03,29.76844662,1
1506565133,22429838,56.04,38.53179712,0
1506565132,22429836,56.06,1.46820288,1
1506564904,22429796,56.05,1.00000000,1
1506564249,22429516,56.28,5.68753866,1
1506563462,22429221,56.19,15.00000000,1
1506563333,22429204,56.46,16.77014013,0
1506563184,22429154,56.43,51.00000000,0
1506563168,22429144,56.47,45.43000000,0
1506563168,22429143,56.44,4.57000000,0
1506563142,22429116,56.54,3.01221760,0
1506563142,22429115,56.47,46.98778240,0
1506563129,22429109,56.55,40.00000000,0
1506563129,22429108,56.50,10.00000000,0
1506563108,22429101,56.55,44.00000000,0
1506563108,22429100,56.54,6.00000000,0
1506563082,22429095,56.55,1.45969025,0
1506563080,22429094,56.55,11.09487664,0
1506563080,22429093,56.54,7.12000000,0
1506563080,22429092,56.52,1.46512336,0
1506563079,22429091,56.48,8.00000000,0
1506563079,22429090,56.47,22.32000000,0
1506563050,22429079,56.47,27.00000000,0
1506562680,22428875,56.46,21.97502657,0
1506561763,22428669,56.22,2.70854453,1
1506561503,22428583,56.48,5.00000000,0
1506560883,22428414,56.46,10.64220000,0
1506560754,22428388,56.25,6.24799900,0
1506560728,22428379,56.25,6.86126100,0
1506560728,22428378,56.25,13.09539600,0
1506560726,22428377,56.25,1.91560400,0
1506560702,22428372,56.25,11.87974000,0
1506560696,22428370,56.16,28.62018000,0
1506560695,22428369,56.16,13.85600000,0
1506560695,22428368,56.16,40.07000000,0
1506560695,22428367,56.19,17.45382000,1
1506560677,22428356,56.23,56.01601786,0
1506560670,22428354,56.24,70.87200000,1
1506560670,22428353,56.24,44.25587000,1
1506560592,22428331,56.30,9.28933300,0
1506560589,22428330,56.30,0.45275400,0
1506560501,22428309,56.25,7.45337550,0
1506560500,22428308,56.25,194.00000000,0
1506560486,22428303,56.25,9.17429300,0
1506560422,22428298,56.25,9.65410000,0
1506560394,22428294,56.25,87.21483866,0
1506560331,22428288,56.25,27.28888900,0
1506560314,22428285,56.25,175.39000000,0
1506560305,22428281,56.25,192.00000000,0
1506560300,22428278,56.24,7.39000000,0
1506560295,22428274,56.25,12.15322200,0
1506560287,22428272,56.24,8.78000000,0
1506560258,22428269,56.25,15.00000000,1
1506560124,22428243,56.34,4.53484800,0
1506560101,22428221,56.34,11.28000000,0
1506560094,22428212,56.34,13.41000000,0
1506560068,22428196,56.34,5.44905900,0
1506559955,22428159,56.34,15.46379125,1
1506559937,22428143,56.34,38.23337000,0
1506559844,22428017,56.34,6.02250000,0
1506559824,22428005,56.45,7.65010000,1
1506559666,22427948,56.26,3.34000000,0
1506559642,22427938,56.25,15.06739000,0
1506559565,22427888,56.29,12.76081103,1
1506559200,22427683,56.48,7.65010000,1
1506558379,22427411,56.11,14.59387664,0
1506558378,22427410,56.13,1.00000000,1
1506558378,22427406,56.16,1.00000000,1
1506558378,22427405,56.17,149.45100000,1
1506558377,22427403,56.18,1.46512336,0
1506558377,22427402,56.18,14.67000000,0
1506558377,22427400,56.18,0.33000000,0
1506558372,22427377,56.22,17.00000000,0
1506558372,22427376,56.22,15.00000000,1
1506558001,22427214,56.60,17.34452000,0
1506557741,22427126,56.73,8.90000000,0
1506557708,22427117,56.57,3.36845000,1
1506557640,22427096,56.55,7.15064489,1
1506557640,22427095,56.57,36.26000000,1
1506557640,22427094,56.58,73.98778240,1
1506557454,22427032,56.74,0.00010386,1
1506557252,22426968,56.74,1.45452944,1
1506557251,22426966,56.86,14.13000000,1
1506557142,22426884,56.89,29.69000000,0
