date,tid,price,amount,type
1506642747,22490186,0.00004792,42.00000000,1
1506642698,22490166,0.00004843,375.69791451,0
1506642586,22490138,0.00004787,158272.42364640,1
1506642586,22490137,0.00004787,1066.90234089,0
1506642586,22490136,0.00004800,3460.00000000,1
1506642586,22490135,0.00004801,16088.84983112,1
1506642585,22490134,0.00004808,213.36870805,1
1506642585,22490133,0.00004808,1067.12428854,1
1506642585,22490132,0.00004817,311.33118500,1
1506642581,22490131,0.00004817,1578.66881500,1
1506642230,22490023,0.00004856,551.82969522,0
1506641723,22489889,0.00004862,449.69292472,0
1506641448,22489805,0.00004863,615.36458976,0
1506641369,22489782,0.00004849,2691.91780146,1
1506641269,22489763,0.00004863,3071.04667900,0
1506641268,22489762,0.00004862,1272.47294437,0
1506641268,22489761,0.00004862,237.36116606,0
1506640777,22489589,0.00004869,1896.49599507,1
1506640776,22489588,0.00004869,1511.84904282,0
1506640776,22489587,0.00004869,19864.58100000,0
1506639682,22489288,0.00004841,450.00000000,1
1506639655,22489273,0.00004841,104.58016448,1
1506639655,22489272,0.00004841,145.41983552,1
1506639502,22489237,0.00004866,494.33538840,0
1506639310,22489151,0.00004861,181.67825550,0
1506638622,22488882,0.00004857,369.67490220,0
1506638001,22488719,0.00004875,613.74358974,0
1506637919,22488682,0.00004881,739.37697193,1
1506637919,22488681,0.00004880,141.52565998,0
1506637919,22488680,0.00004873,6044.77000000,0
1506637918,22488679,0.00004858,648.83111552,0
1506637619,22488561,0.00004858,2566.48826677,0
1506637616,22488555,0.00004858,2243.60148209,0
1506637438,22488513,0.00004849,646.79830892,0
1506636770,22488247,0.00004849,451.00000000,0
1506636715,22488230,0.00004853,969.89099526,0
1506636713,22488228,0.00004850,160.98647359,0
1506636665,22488210,0.00004828,150.00000000,1
1506636169,22488063,0.00004844,1333.68847300,0
1506636042,22488031,0.00004848,666.65016502,0
1506635531,22487808,0.00004850,172.01461181,1
1506635525,22487807,0.00004846,11178.56100000,0
1506635525,22487806,0.00004843,8417.20200000,0
1506635525,22487805,0.00004841,6675.04800000,0
1506635525,22487804,0.00004840,2055.22700416,0
1506635525,22487803,0.00004838,1868.30000000,0
1506635441,22487781,0.00004844,2022.33691164,0
1506635441,22487779,0.00004843,2441.85386633,0
1506635440,22487778,0.00004839,100.00000000,0
1506634541,22487161,0.00004841,103.02685396,0
1506634415,22487113,0.00004820,4139.00000000,1
1506634273,22487059,0.00004836,2646.81734200,0
1506634063,22486968,0.00004835,500.84239917,0
1506634062,22486967,0.00004834,1768.92731812,0
1506633416,22486621,0.00004836,180.00000000,0
1506633259,22486556,0.00004834,1450.80000000,1
1506633259,22486555,0.00004835,351.50177944,1
1506633258,22486554,0.00004835,3216.78000000,1
1506633042,22486452,0.00004851,512.94392908,1
1506633040,22486451,0.00004836,103.95140758,0
1506632993,22486413,0.00004836,1933.31022500,1
1506632717,22486277,0.00004834,1573.67232300,0
1506632583,22486211,0.00004855,250.66055613,0
1506632156,22485922,0.00004862,760.12176059,0
1506632155,22485921,0.00004861,2324.07928151,0
1506632155,22485920,0.00004861,5453.46197000,1
1506632155,22485919,0.00004860,6385.38900000,1
1506632153,22485918,0.00004858,8500.00000000,0
1506632017,22485855,0.00004840,1613.78880000,1
1506631984,22485827,0.00004858,4106.65376698,0
1506631824,22485769,0.00004860,1447.20740740,0
1506631821,22485767,0.00004841,1074.09527600,0
1506631820,22485766,0.00004841,2365.50000000,1
1506631758,22485743,0.00004861,2260.66550092,0
1506631655,22485692,0.00004847,1601.96619900,0
1506631314,22485554,0.00004855,180.00000000,0
1506631301,22485513,0.00004877,170.50789419,0
1506630972,22485341,0.00004874,2176.58658186,1
1506630971,22485339,0.00004874,1724.32307942,0
1506630971,22485338,0.00004874,1500.00000000,0
1506630916,22485298,0.00004846,1500.00000000,1
1506630655,22485201,0.00004863,1527.43573925,0
1506630644,22485197,0.00004863,260.00000000,0
1506630603,22485189,0.00004863,37.27020357,0
1506630385,22485088,0.00004863,4587.09870450,0
1506630149,22484982,0.00004863,246.89265885,0
1506630099,22484938,0.00004863,749.58523545,0
1506629874,22484842,0.00004869,2056.27438899,0
1506629809,22484795,0.00004882,1784.83039737,1
1506629809,22484793,0.00004881,4927.43186648,1
1506629808,22484792,0.00004850,3418.31779141,1
1506629807,22484791,0.00004850,1419.75511100,0
1506629806,22484789,0.00004850,1998.56268041,0
1506629413,22484498,0.00004859,5936.81827536,0
1506629342,22484468,0.00004864,251.85032894,0
1506629100,22484345,0.00004873,1129.94705520,1
1506628672,22484072,0.00004876,224.97949138,0
1506628641,22484058,0.00004876,4575.10049220,0
1506628226,22483877,0.00004870,546.14065708,0
1506628210,22483873,0.00004871,3726.14699240,0
1506628157,22483844,0.00004867,228.96405833,0
1506627908,22483719,0.00004862,2265.14603044,0
1506627447,22483482,0.00004860,2958.95864197,0
1506626349,22482633,0.00004859,61.57427984,0
1506626279,22482573,0.00004852,451.63613912,0
1506625945,22482384,0.00004849,1487.33883274,0
1506625492,22482160,0.00004835,1912.06524800,0
1506625094,22481914,0.00004870,1420.85852156,0
1506624773,22481630,0.00004861,888.77610898,1
1506624771,22481628,0.00004861,2804.93135862,0
1506624147,22481253,0.00004855,470.83295572,0
1506623865,22481123,0.00004854,1002.84919654,0
1506623775,22481066,0.00004849,411.42751083,0
1506623302,22480784,0.00004832,7383.23882450,0
1506623255,22480746,0.00004826,516.73539163,0
1506622826,22480583,0.00004837,522.05457928,0
1506622826,22480582,0.00004837,13957.66840737,0
1506622504,22480436,0.00004820,1000.00000000,1
1506622504,22480435,0.00004821,701.41878530,1
1506622455,22480417,0.00004824,16730.51787300,1
1506622412,22480403,0.00004824,3358.54729100,1
1506622391,22480391,0.00004824,24853.14081700,1
1506622382,22480379,0.00004825,185.67010400,1
1506622380,22480375,0.00004824,1987.81422400,1
1506622378,22480373,0.00004825,934.51089400,0
1506622377,22480371,0.00004825,12840.52471300,1
1506622351,22480349,0.00004832,838.72479507,1
1506622349,22480347,0.00004831,167.77392268,1
1506622349,22480345,0.00004833,2501.26551547,1
1506622349,22480344,0.00004833,838.55121792,1
1506622321,22480316,0.00004853,451.69771275,0
1506622283,22480299,0.00004831,1205.45407557,1
1506622283,22480297,0.00004831,731.44870723,1
1506622257,22480275,0.00004862,5128.95927601,0
1506622017,22480119,0.00004868,8735.56470829,1
1506621795,22479991,0.00004862,50.00000000,1
1506621727,22479967,0.00004882,3705.27775501,0
1506621618,22479915,0.00004864,450.13445723,0
1506621408,22479749,0.00004865,462.51223021,0
1506621260,22479615,0.00004867,1225.61886172,0
1506621217,22479540,0.00004876,491.20672682,0
1506621203,22479510,0.00004852,53.88572081,0
1506621203,22479509,0.00004851,1235.20000000,0
1506621203,22479508,0.00004851,11530.86282019,0
1506621010,22479340,0.00004856,935.91144975,0
1506621010,22479333,0.00004856,100.45819604,0
1506620956,22479292,0.00004871,102.39232191,0
1506620659,22479115,0.00004867,1871.57509759,0
1506620497,22478964,0.00004872,1120.08682266,0
1506620478,22478954,0.00004854,2355.29998169,1
1506620478,22478952,0.00004856,47.68307249,1
1506620308,22478878,0.00004880,201.54250956,0
1506620308,22478877,0.00004879,758.49320297,0
1506619836,22478560,0.00004878,1316.66202091,0
1506619746,22478489,0.00004894,444.33244790,0
1506619575,22478331,0.00004880,547.82565087,1
1506618937,22477587,0.00004870,4278.37371663,1
1506618853,22477540,0.00004870,2000.00000000,1
1506618822,22477521,0.00004870,230.00000000,1
1506618821,22477520,0.00004870,3476.27399600,1
1506618664,22477403,0.00004864,2355.00000000,0
1506618380,22476896,0.00004858,2892.90524276,1
1506618380,22476895,0.00004865,11453.99471824,1
1506618366,22476883,0.00004877,199.36369209,0
1506618362,22476874,0.00004865,815.34339815,1
1506618361,22476873,0.00004866,3191.56540185,1
1506618323,22476819,0.00004866,4269.13180000,1
1506618275,22476797,0.00004865,559.06299007,1
1506618267,22476795,0.00004865,1130.84604316,0
1506618161,22476717,0.00004882,452.43695826,1
1506618133,22476668,0.00004874,102.58514568,1
1506617943,22476486,0.00004880,475.45367935,1
1506617879,22476410,0.00004881,149.25212800,1
1506617851,22476376,0.00004877,1855.00000000,1
1506617851,22476374,0.00004879,883.59570713,1
1506617851,22476373,0.00004902,1419.13587737,1
1506617849,22476368,0.00004902,2983.00000000,1
1506617845,22476360,0.00005090,1101.03595284,1
1506617845,22476359,0.00005080,34464.64825968,0
1506617845,22476358,0.00005080,67957.33000000,1
1506617845,22476357,0.00005080,2451.72000000,1
1506617844,22476355,0.00005061,301.65241289,0
1506617844,22476354,0.00005061,6691.92700000,1
1506617844,22476351,0.00005061,372.41038781,1
1506617844,22476347,0.00004921,472.71168028,0
1506617843,22476346,0.00004921,2451.72000000,1
1506617843,22476345,0.00004920,60.33048258,0
1506617843,22476344,0.00004920,17132.94412600,1
1506617843,22476343,0.00004920,1499.11195200,1
1506617843,22476342,0.00004920,3355.41039000,1
1506617842,22476341,0.00004911,783.74305600,0
1506617842,22476339,0.00004910,69221.53000000,1
1506617840,22476338,0.00004901,1306.23842667,0
1506617808,22476300,0.00004900,6050.57474479,0
1506617808,22476299,0.00004871,9854.09609265,1
1506617808,22476298,0.00004872,473.94868635,1
1506617806,22476286,0.00005080,15680.60342519,0
1506617805,22476285,0.00005080,2543.62000000,1
1506617805,22476279,0.00005027,10757.22025100,0
1506617805,22476277,0.00005027,46492.39694000,1
1506617805,22476275,0.00005027,942.38214000,1
1506617804,22476274,0.00005027,1806.22393300,1
1506617804,22476273,0.00005027,2648.59000000,1
1506617803,22476269,0.00004944,10000.00000000,0
1506617803,22476268,0.00004944,14387.08542803,1
1506617803,22476267,0.00004944,1583.50900000,1
1506617803,22476266,0.00004944,340.20000000,1
1506617803,22476265,0.00004944,5160.34000000,1
1506617803,22476264,0.00004944,579.54400000,1
1506617802,22476263,0.00004943,51306.68166100,1
1506617802,22476262,0.00004943,803.00000000,1
1506617802,22476261,0.00004943,8724.28221600,1
1506617802,22476260,0.00004943,1489.88814900,1
1506617801,22476258,0.00004943,8450.15944800,1
1506617801,22476257,0.00004943,560.96600000,1
1506617800,22476255,0.00004927,1306.23842667,0
1506617800,22476254,0.00004907,157.06368910,0
1506617800,22476253,0.00004907,785.31844552,0
1506617800,22476251,0.00004907,10260.18514000,1
1506617799,22476250,0.00004903,10919.83100000,0
1506617799,22476248,0.00004902,52.36791252,1
1506617799,22476247,0.00004902,2621.44610423,0
1506617798,22476245,0.00004901,748.06170418,1
1506617798,22476243,0.00004901,73577.04200000,1
1506617793,22476241,0.00004870,609.86000000,1
1506617792,22476238,0.00004871,2669.12741400,1
1506617790,22476237,0.00004868,0.00000032,0
1506617752,22476203,0.00004868,2451.71999968,0
1506617751,22476201,0.00004867,4668.94000000,0
1506617751,22476199,0.00004864,2237.00402932,0
1506617742,22476185,0.00004894,1352.70767521,0
1506617742,22476184,0.00004866,2814.48000000,0
1506617741,22476181,0.00005100,22410.53941176,0
1506617741,22476180,0.00005100,3280.00000000,0
1506617741,22476178,0.00005100,100.00000000,0
1506617741,22476173,0.00005093,929.27853714,0
1506617740,22476169,0.00005027,1132.97308263,0
1506617740,22476168,0.00005027,493.76707272,0
1506617740,22476167,0.00005027,1000.00000000,0
1506617740,22476166,0.00005027,1099.68670980,0
1506617740,22476164,0.00005000,1100.00000000,0
1506617739,22476162,0.00005000,500.00000000,0
1506617739,22476161,0.00005000,62748.46700000,1
1506617739,22476159,0.00005000,2986.18718000,1
1506617739,22476157,0.00005000,2544.32000000,1
1506617739,22476155,0.00004999,46.72818930,0
1506617738,22476154,0.00004970,1834.93530000,0
1506617738,22476152,0.00004970,19121.69295749,1
1506617738,22476151,0.00004970,50000.00000000,1
1506617738,22476150,0.00004970,25444.76881000,1
1506617738,22476149,0.00004970,3000.00000000,1
1506617738,22476147,0.00004970,3429.77985900,1
1506617738,22476146,0.00004970,1165.04746900,1
1506617737,22476145,0.00004970,378.00000000,1
1506617737,22476144,0.00004970,7727.47382800,1
1506617737,22476143,0.00004970,3214.75900000,1
1506617736,22476141,0.00004938,10000.00000000,0
1506617736,22476140,0.00004937,92824.29389000,0
1506617736,22476139,0.00004937,6418.40960349,1
1506617735,22476138,0.00004916,74043.70400000,1
1506617735,22476136,0.00004876,552.34667391,0
1506617733,22476135,0.00004860,2761.73336954,0
1506617653,22476063,0.00004862,974.41311598,1
1506617639,22476054,0.00004862,1642.32350000,1
1506617635,22476053,0.00004859,1038.98570540,1
1506617634,22476052,0.00004861,5063.33333300,1
1506617634,22476051,0.00004861,1349.99964600,1
1506617626,22476043,0.00004859,472.66429460,1
1506617626,22476042,0.00004860,46.72818930,1
1506617626,22476041,0.00004861,992.25751610,1
1506617608,22476004,0.00004860,1360.48500000,1
1506617605,22476000,0.00005093,9333.23210817,1
1506617605,22475999,0.00005093,1596.99856100,1
1506617605,22475997,0.00005093,2994.10029500,1
1506617604,22475996,0.00005093,1000.00000000,1
1506617604,22475994,0.00005093,1651.63162300,1
1506617604,22475992,0.00005093,7492.03539800,1
1506617604,22475991,0.00005093,14975.81120900,1
1506617604,22475989,0.00005093,2604.27026500,1
1506617604,22475988,0.00005093,9564.95786000,1
1506617604,22475987,0.00005093,2639.27315600,1
1506617604,22475986,0.00005093,2206.60606100,1
1506617603,22475985,0.00005093,7090.44613800,1
1506617603,22475984,0.00005093,11296.59456800,1
1506617603,22475982,0.00005093,7329.59596000,1
1506617603,22475979,0.00005093,77777.00000000,1
1506617603,22475977,0.00005093,1186.00971500,1
1506617603,22475976,0.00005093,3347.84745000,1
1506617601,22475969,0.00005085,1100.14171891,0
1506617601,22475968,0.00005083,698.89298761,0
1506617601,22475967,0.00005083,3725.12000000,1
1506617601,22475966,0.00005083,605.02317353,1
1506617601,22475965,0.00005073,602.37411726,0
1506617600,22475963,0.00005063,980.00204148,0
1506617600,22475961,0.00005063,1152.89049500,1
1506617600,22475960,0.00005063,3726.97700000,1
1506617600,22475959,0.00005063,8842.58215200,1
1506617600,22475958,0.00005063,2058.69700000,1
1506617599,22475957,0.00005037,1100.14171891,0
1506617599,22475955,0.00005027,1511.65000000,0
1506617599,22475954,0.00005027,3025.11586765,1
1506617599,22475953,0.00005027,344.12140000,1
1506617598,22475949,0.00005005,50.00000000,0
1506617598,22475944,0.00005000,393.62073000,0
1506617598,22475942,0.00005000,1493.42891278,1
1506617597,22475939,0.00004999,45.83405394,0
1506617597,22475936,0.00004990,1100.14171891,0
1506617597,22475935,0.00004970,10500.00000000,0
1506617597,22475934,0.00004950,160.00000000,0
1506617596,22475933,0.00004943,12702.14183000,0
1506617596,22475932,0.00004942,1100.14171891,0
1506617595,22475931,0.00004935,10000.00000000,0
1506617595,22475930,0.00004935,19800.00000000,1
1506617595,22475929,0.00004909,189.81612565,0
1506617594,22475928,0.00004900,600.00000000,0
1506617594,22475927,0.00004895,1100.14171891,0
1506617594,22475926,0.00004894,172626.00000000,0
1506617593,22475925,0.00004879,160.00000000,0
1506617593,22475924,0.00004878,23211.42061129,0
1506617593,22475923,0.00004867,475.66829483,0
1506617593,22475922,0.00004866,746.94218954,0
1506617592,22475921,0.00004866,7968.92500000,1
1506617592,22475920,0.00004859,65393.33600000,0
1506617592,22475919,0.00004852,3734.71094771,0
1506617591,22475918,0.00004851,7116.19024379,1
1506617591,22475916,0.00004851,9174.30101276,0
1506617034,22475593,0.00004849,617.14126624,0
1506616932,22475571,0.00004832,9791.44227900,1
1506616876,22475551,0.00004855,4762.49062821,0
1506616059,22475169,0.00004852,141.43384171,0
1506615860,22475035,0.00004851,5023.88945330,0
1506615860,22475034,0.00004850,10474.63257023,0
1506615860,22475033,0.00004848,9715.70473384,0
1506615789,22474948,0.00004825,120.00000000,1
1506615776,22474932,0.00004846,75.73752577,0
1506615435,22474693,0.00004842,3230.32872187,0
1506615412,22474636,0.00004825,6111.55505662,1
1506615412,22474635,0.00004825,705.57632638,1
1506615372,22474601,0.00004826,700.00000000,1
1506615314,22474570,0.00004830,3373.43518634,1
1506615314,22474569,0.00004835,867.61992866,1
1506615260,22474525,0.00004845,1313.22980803,0
1506615246,22474514,0.00004855,579.99299691,0
1506615229,22474498,0.00004845,326.16087355,1
1506615194,22474457,0.00004845,422.22400000,1
1506615193,22474456,0.00004851,5497.63306534,0
1506614836,22474138,0.00004855,654.86696705,1
1506614589,22474017,0.00004855,131.48586566,1
1506614565,22473985,0.00004854,254.01992700,1
1506614150,22473741,0.00004830,500.00000000,1
1506613865,22473517,0.00004827,7290.00000000,1
1506613838,22473492,0.00004825,3872.59919700,1
1506613772,22473433,0.00004839,17170.22793965,0
1506613770,22473432,0.00004830,3275.69882389,0
1506613724,22473386,0.00004825,883.38700000,1
1506613724,22473384,0.00004825,760.97166800,1
1506613713,22473340,0.00004825,261.64201000,1
1506613697,22473322,0.00004827,703.37592852,1
1506613692,22473315,0.00004827,2148.82774543,1
1506613691,22473313,0.00004827,751.73275197,0
1506613687,22473306,0.00004825,1078.72606040,0
1506613686,22473304,0.00004825,1453.77308635,1
1506613681,22473293,0.00004825,2530.45422605,1
1506613674,22473288,0.00004825,2526.37397109,1
1506613491,22473150,0.00004827,751.73273439,1
1506613486,22473141,0.00004827,2523.96607107,1
1506613458,22473127,0.00004830,0.00003176,1
1506613394,22473078,0.00004845,22.15252837,0
1506613394,22473075,0.00004845,3587.33106295,0
1506613273,22473024,0.00004842,407.16790582,0
1506613127,22472945,0.00004842,1419.91656340,0
1506612956,22472814,0.00004841,456.77008882,0
1506612859,22472754,0.00004830,201.99996824,1
1506612859,22472752,0.00004830,925.54449400,1
1506612770,22472690,0.00004837,2484.33636551,0
1506612715,22472649,0.00004837,345.43518709,0
1506612666,22472605,0.00004830,182.00000000,1
1506612646,22472584,0.00004830,802.45550600,1
1506612539,22472406,0.00004838,571.40388590,1
1506612404,22472236,0.00004842,0.00003501,1
1506612372,22472192,0.00004854,2099.71157807,0
1506612326,22472137,0.00004842,941.78645616,1
1506612313,22472122,0.00004842,1341.52086177,0
1506612291,22472078,0.00004841,457.82586242,0
1506612248,22472041,0.00004842,1341.52090923,1
1506612242,22472023,0.00004842,659.00000000,1
1506611884,22471702,0.00004819,3171.38469690,1
1506611745,22471585,0.00004845,944.99112487,0
1506611733,22471573,0.00004845,5218.26976264,0
1506611425,22471300,0.00004823,460.33457000,0
1506611395,22471283,0.00004824,2310.19535981,0
1506611386,22471277,0.00004844,337.00000000,0
1506611159,22471075,0.00004844,283.03055326,0
1506610848,22470737,0.00004825,659.00000000,1
1506610347,22470287,0.00004817,1305.50000000,0
1506610211,22470153,0.00004814,280.65226422,0
1506610204,22470136,0.00004815,2290.74350986,1
1506610054,22469959,0.00004795,4961.70905100,1
1506609751,22469695,0.00004808,1305.48618107,1
1506609692,22469601,0.00004809,3324.99000000,1
1506609682,22469589,0.00004812,1102.28864189,0
1506609675,22469583,0.00004812,2081.17186062,0
1506609675,22469582,0.00004812,1499.56547738,0
1506609572,22469399,0.00004810,1773.08720098,0
1506609515,22469355,0.00004808,1142.96432200,0
1506609472,22469285,0.00004800,1022.00000000,1
1506609343,22469200,0.00004810,1049.12491659,0
1506609343,22469199,0.00004810,101.87508341,0
1506609171,22469033,0.00004810,379.43721413,0
1506609170,22469030,0.00004807,858.02213557,0
1506609108,22468917,0.00004808,1348.60774500,0
1506609089,22468877,0.00004806,480.51769646,0
1506609082,22468869,0.00004807,479.42423515,1
1506609067,22468830,0.00004812,5047.55973788,0
1506609067,22468829,0.00004811,3713.69499912,0
1506609062,22468822,0.00004811,562.36520473,0
1506609047,22468793,0.00004811,1311.11723134,0
1506609007,22468727,0.00004818,517.59339975,0
1506608967,22468693,0.00004833,939.43658183,1
1506608723,22468252,0.00004831,588.85075553,0
1506608512,22467947,0.00004803,4103.83599200,1
1506608301,22466994,0.00004822,1316.21920364,0
1506608121,22466577,0.00004819,7958.13654285,0
1506608119,22466570,0.00004818,2384.80000000,0
1506607957,22466304,0.00004818,41.40743047,0
1506607864,22466204,0.00004815,341.28265835,0
1506607376,22465601,0.00004819,476.91781952,1
1506607375,22465579,0.00004825,2232.00000000,1
1506606726,22465148,0.00004830,60.30000000,1
1506606349,22464900,0.00004836,649.29693961,0
1506606001,22464700,0.00004845,1125.46233230,0
1506605925,22464658,0.00004860,64.79794238,0
1506605911,22464655,0.00004843,1099.90419161,1
1506605896,22464645,0.00004843,600.00000000,1
1506605839,22464579,0.00004860,1301.70637860,0
1506605839,22464578,0.00004860,943.00000000,0
1506605755,22464491,0.00004843,5304.47625000,1
1506605669,22464429,0.00004866,12575.55429433,0
1506605657,22464402,0.00004868,338.31162695,0
1506605583,22464340,0.00004844,100.00000000,1
1506605517,22464296,0.00004851,128.65947611,0
1506605134,22464084,0.00004867,4541.43209369,0
1506604953,22463972,0.00004852,152.80920108,1
1506604856,22463899,0.00004869,2465.37625795,0
1506604854,22463895,0.00004868,2064.45870996,0
1506604710,22463819,0.00004868,528.74404272,0
1506604656,22463749,0.00004867,241.74352535,0
1506604644,22463737,0.00004868,930.86072308,0
1506604617,22463719,0.00004868,4475.93652424,0
1506604448,22463546,0.00004869,446.81454097,0
1506604216,22463334,0.00004867,544.97061845,0
1506604214,22463327,0.00004863,1690.00000000,0
1506604038,22463072,0.00004857,2072.23327157,0
1506603985,22462977,0.00004873,179.43238251,1
1506603983,22462972,0.00004849,498.53500000,0
1506603834,22462724,0.00004847,1100.14171891,0
1506603826,22462717,0.00004840,979.23984291,0
1506603808,22462692,0.00004842,2574.21424611,1
1506603599,22462287,0.00004817,2278.73323645,0
1506603597,22462286,0.00004815,633.00000000,0
1506603473,22462208,0.00004794,177.83108863,0
1506603458,22462186,0.00004804,534.67839300,1
1506603398,22462145,0.00004811,9810.00207856,0
1506603397,22462144,0.00004808,1119.91117539,0
1506603396,22462139,0.00004800,1100.14171891,0
1506603274,22462021,0.00004781,299.59694117,1
1506603266,22461981,0.00004787,1357.78787813,0
1506603244,22461970,0.00004786,2819.71283982,0
1506603167,22461887,0.00004798,2266.08274280,0
1506603064,22461773,0.00004792,495.40901502,0
1506603052,22461768,0.00004785,2697.75127700,0
1506602926,22461672,0.00004773,1690.00000000,0
1506602847,22461619,0.00004769,5743.33639700,0
1506602836,22461607,0.00004763,3286.48595846,0
1506602706,22461395,0.00004764,512.84068010,1
1506602481,22461075,0.00004758,12434.74102931,1
1506602481,22461074,0.00004773,1690.00000000,1
1506602460,22461049,0.00004773,1830.05028284,0
1506602426,22461035,0.00004762,602.23525757,0
1506602426,22461034,0.00004762,2358.19171993,1
1506602414,22461024,0.00004761,722.00000000,0
1506602408,22461017,0.00004777,109.69227548,0
1506602337,22460963,0.00004777,1147.52522503,0
1506602315,22460947,0.00004770,239.50368200,1
1506602313,22460946,0.00004770,1024.63380748,1
1506602214,22460878,0.00004761,1475.82500000,1
1506602196,22460828,0.00004760,2985.16084700,1
1506602165,22460819,0.00004772,444.90000000,0
1506602165,22460818,0.00004772,1845.10000000,0
1506602137,22460805,0.00004773,4641.87303582,0
1506601890,22460646,0.00004753,124.97276760,1
1506601841,22460613,0.00004744,354.00000000,1
1506601826,22460607,0.00004770,13875.19664570,0
1506601758,22460533,0.00004749,999.00000000,0
1506601657,22460482,0.00004752,3627.48546916,1
1506601652,22460474,0.00004751,1741.44252000,0
1506601507,22460391,0.00004752,2868.91275576,0
1506601274,22460208,0.00004732,1000.00000000,1
1506600499,22459793,0.00004755,444.99000000,0
1506600498,22459792,0.00004755,444.99000000,0
1506600484,22459784,0.00004753,2328.29605100,0
1506600461,22459734,0.00004745,2483.18537625,0
1506600455,22459719,0.00004754,2454.58931970,1
1506600371,22459663,0.00004757,1247.30440000,0
1506600313,22459632,0.00004780,2168.36919084,1
1506600311,22459631,0.00004780,1105.48498200,1
1506600297,22459621,0.00004784,542.01505016,0
1506600289,22459617,0.00004780,4652.17407500,1
1506600279,22459591,0.00004780,3273.85417300,1
1506600260,22459576,0.00004790,540.81607515,0
1506600254,22459571,0.00004780,1370.00000000,1
1506600252,22459567,0.00004780,840.18787158,1
1506600129,22459503,0.00004785,3335.52392894,0
1506600127,22459501,0.00004782,1270.17860000,0
1506600025,22459419,0.00004758,1633.29996977,1
1506599633,22459158,0.00004771,1074.51631700,1
1506599626,22459149,0.00004775,117.69633507,0
1506599581,22459113,0.00004764,1082.87485833,0
1506599455,22459024,0.00004759,545.11956293,0
1506599447,22459017,0.00004760,1092.26234423,1
1506599129,22458690,0.00004757,382.22200000,0
1506599067,22458608,0.00004760,1543.73960000,1
1506599063,22458596,0.00004762,8188.92309144,0
1506598780,22458303,0.00004749,761.66603495,0
1506598627,22458207,0.00004751,656.01258558,0
1506598626,22458206,0.00004751,3280.06292788,0
1506598625,22458203,0.00004744,1259.03410000,0
1506598501,22458011,0.00004756,209.64360600,0
1506598488,22458009,0.00004757,965.89238800,0
1506598416,22457979,0.00004762,347.86925500,0
1506598338,22457949,0.00004755,1364.70220820,0
1506598163,22457751,0.00004755,636.62680000,0
1506597918,22457580,0.00004732,1351.55638900,0
1506597906,22457562,0.00004730,1503.54973400,0
1506597898,22457534,0.00004730,918.59953356,1
1506597897,22457527,0.00004731,5306.31546900,0
1506597897,22457526,0.00004731,6194.05079100,0
1506597888,22457466,0.00004729,1785.33136740,1
1506597888,22457464,0.00004729,1544.71832000,1
1506597888,22457460,0.00004731,4588.52204679,0
1506597888,22457459,0.00004730,25751.78095321,0
1506597887,22457455,0.00004730,20836.75013594,1
1506597887,22457454,0.00004731,12466.06300000,1
1506597887,22457453,0.00004732,16049.96231085,1
1506597880,22457408,0.00004707,267.35218508,1
1506597873,22457338,0.00004728,390.24986305,0
1506597871,22457314,0.00004729,8943.68767705,0
1506597870,22457311,0.00004701,89.36615100,1
1506597870,22457310,0.00004720,65.00000000,1
1506597870,22457306,0.00004728,112.00000000,1
1506597869,22457296,0.00004730,124.58729000,0
1506597866,22457280,0.00004751,2125.60931611,1
1506597866,22457278,0.00004752,381.35076019,1
1506597864,22457263,0.00004751,265.59068389,1
1506597860,22457231,0.00004752,264.90066225,1
1506597852,22457182,0.00004759,264.60411154,1
1506597794,22457048,0.00004776,1146.55527638,0
1506597785,22457046,0.00004763,1180.54544400,0
1506597784,22457045,0.00004763,1083.60373700,0
1506597689,22456967,0.00004772,2751.05490360,0
1506597688,22456965,0.00004771,4368.24734169,0
1506597688,22456962,0.00004766,1235.96060887,0
1506597688,22456961,0.00004766,872.10000000,1
1506597686,22456952,0.00004764,1229.44140000,0
1506597521,22456824,0.00004752,92.24686400,0
1506597521,22456823,0.00004751,1235.84530000,0
1506597494,22456809,0.00004747,1229.74640000,0
1506597245,22456353,0.00004741,1255.78010000,0
1506597230,22456330,0.00004746,1345.06930765,0
1506597229,22456329,0.00004743,2400.30000000,0
1506597229,22456326,0.00004738,668.13692517,0
1506597226,22456312,0.00004738,568.97767483,0
1506597190,22456230,0.00004728,0.00000007,0
1506597160,22456139,0.00004728,858.33319900,0
1506597143,22456097,0.00004728,1800.54996500,0
1506597137,22456069,0.00004727,2756.26512900,1
1506597128,22456051,0.00004729,1730.12269494,1
1506597123,22456046,0.00004729,1295.45474267,1
1506596991,22455714,0.00004729,1248.06120000,0
1506596895,22455396,0.00004731,1253.55990000,0
1506596828,22455179,0.00004724,12786.29686600,0
1506596817,22455122,0.00004727,1265.28050000,0
1506596786,22455022,0.00004724,1452.60000000,0
1506596729,22454905,0.00004729,146.70000000,0
1506596701,22454832,0.00004728,1465.20000000,0
1506596696,22454825,0.00004730,539.20000000,1
1506596561,22454558,0.00004731,1772.89612900,1
1506596545,22454544,0.00004731,1304.75515310,1
1506596344,22454179,0.00004742,2400.30000000,1
1506596320,22454129,0.00004742,1036.24778317,1
1506596308,22454086,0.00004743,2067.13472545,1
1506596293,22454018,0.00004746,1877.44337374,1
1506596265,22453924,0.00004754,2924.78440800,1
1506596252,22453850,0.00004762,2690.10126148,1
1506596250,22453843,0.00004762,2522.65295717,1
1506596236,22453796,0.00004762,3891.54093100,0
1506596234,22453780,0.00004762,3099.64135260,1
1506596234,22453778,0.00004762,6943.27228400,1
1506596231,22453767,0.00004762,3060.15259800,1
1506596227,22453753,0.00004758,3891.54093066,1
1506596222,22453736,0.00004758,1873.71005000,1
1506596221,22453727,0.00004759,500.00000000,0
1506596054,22453156,0.00004759,1845.17346300,0
1506596012,22453064,0.00004735,215.21394135,0
1506596010,22453060,0.00004740,459.00000000,1
1506595982,22453026,0.00004750,2595.99822204,0
1506595982,22453025,0.00004750,8118.03847296,1
1506595981,22453021,0.00004750,2381.96152704,1
1506595980,22453020,0.00004751,137.06478884,1
1506595928,22452895,0.00004753,963.00000000,0
1506595889,22452794,0.00004765,11967.70000000,1
1506595889,22452791,0.00004766,1683.27772184,1
1506595869,22452739,0.00004766,1337.90000000,1
1506595798,22452602,0.00004771,4260.28934673,1
1506595376,22451923,0.00004778,3226.14000000,1
1506595375,22451920,0.00004779,2479.61376768,1
1506595302,22451776,0.00004784,678.51495459,0
1506595302,22451775,0.00004782,4553.86276597,0
1506595301,22451774,0.00004781,9791.44227944,0
1506595250,22451729,0.00004758,975.25800877,0
1506595225,22451713,0.00004758,2561.92078701,0
1506595225,22451712,0.00004758,1235.60689999,0
1506595214,22451700,0.00004758,2508.22127300,0
1506595099,22451496,0.00004755,347.86457700,0
1506595040,22451404,0.00004747,2090.82038637,1
1506595026,22451391,0.00004748,420.20084299,1
1506595024,22451390,0.00004758,1186.18623205,0
1506595024,22451388,0.00004757,2978.10697595,0
1506595013,22451380,0.00004745,499.72021972,1
1506595007,22451345,0.00004750,2631.25720660,0
1506595007,22451344,0.00004750,422.43720468,0
1506595007,22451343,0.00004750,422.43719248,0
1506595007,22451342,0.00004750,76.82682624,0
1506594989,22451298,0.00004743,1741.73545531,0
1506594946,22451213,0.00004750,422.37200000,1
1506594941,22451199,0.00004750,656.07919852,1
1506594935,22451190,0.00004750,491.48359680,1
1506594935,22451189,0.00004750,164.94582194,1
1506594934,22451187,0.00004750,2874.77507098,1
1506594934,22451186,0.00004751,1734.94582194,1
1506594926,22451164,0.00004750,654.00977835,1
1506594920,22451153,0.00004750,653.28315752,1
1506594915,22451138,0.00004755,2418.45483128,0
1506594914,22451135,0.00004750,652.98617121,1
1506594914,22451133,0.00004754,0.00001729,1
1506594897,22451102,0.00004755,776.61376163,1
1506594892,22451097,0.00004754,636.61375548,1
1506594892,22451095,0.00004760,140.00000000,1
1506594892,22451093,0.00004764,0.00002904,1
1506594882,22451080,0.00004768,4930.01441441,0
1506594882,22451079,0.00004766,6069.98558559,0
1506594489,22450536,0.00004764,616.67303365,1
1506594333,22450199,0.00004766,9791.44227900,0
1506594180,22449786,0.00004789,1284.09145959,0
1506593894,22449386,0.00004797,371.99728997,0
1506593880,22449374,0.00004766,20307.33462879,1
1506593879,22449369,0.00004780,1395.58418077,0
1506593878,22449368,0.00004780,2388.40000000,1
1506593742,22449270,0.00004799,3947.18966000,0
1506593693,22449229,0.00004800,1161.67500000,0
1506593693,22449228,0.00004800,1230.20000000,0
1506593609,22449160,0.00004784,5034.23084000,1
1506593546,22449038,0.00004781,871.76223300,1
1506593535,22449016,0.00004783,871.21544554,0
1506593535,22449014,0.00004783,1107.99757846,1
1506593470,22448852,0.00004802,137.11224489,1
1506593468,22448848,0.00004790,2375.82066806,0
1506593446,22448816,0.00004790,1124.17933194,0
1506593423,22448792,0.00004786,135.28338000,0
1506593077,22448429,0.00004783,2878.02341627,0
1506592948,22448350,0.00004774,959.08262285,1
1506592576,22448119,0.00004774,313.41830750,0
1506592569,22448116,0.00004774,710.70513103,1
1506592345,22448006,0.00004808,5800.41056572,0
1506592345,22448003,0.00004800,976.52449521,0
1506592343,22447997,0.00004783,9791.44227944,1
1506592343,22447994,0.00004783,4882.62247605,0
1506592203,22447928,0.00004790,401.41148225,0
1506592169,22447883,0.00004788,8607.94632414,0
1506592169,22447882,0.00004785,725.29432197,0
1506592167,22447880,0.00004784,646.65964029,0
1506592060,22447812,0.00004784,0.00000474,1
1506592059,22447808,0.00004784,646.65966000,1
1506591808,22447633,0.00004785,16.90529349,1
1506591804,22447615,0.00004785,725.29436216,1
1506591503,22447274,0.00004793,2389.59999983,1
1506591503,22447273,0.00004794,1475.02540217,1
1506591439,22447119,0.00004801,2177.29056463,0
1506591439,22447117,0.00004804,1475.02535674,1
1506590528,22446510,0.00004795,697.29115583,0
1506590528,22446509,0.00004801,500.00000000,1
1506590526,22446508,0.00004808,302.70884417,1
1506590333,22446384,0.00004829,434.28266721,0
1506590167,22446254,0.00004791,54.40696721,1
1506589977,22446033,0.00004797,100.00000000,1
1506589794,22445908,0.00004830,14900.12593840,0
1506589794,22445907,0.00004820,500.53818116,0
1506589126,22445224,0.00004784,441.47583988,1
1506589112,22445217,0.00004820,967.33430923,1
1506589107,22445215,0.00004820,1181.68372332,1
1506589106,22445213,0.00004820,253.49041600,1
1506589102,22445210,0.00004820,1227.39910645,1
1506589044,22445143,0.00004820,5980.09244500,1
1506589028,22445134,0.00004821,4852.67930200,1
1506588493,22444624,0.00004820,1555.00000000,1
1506588451,22444601,0.00004853,4827.99835153,0
1506588292,22444477,0.00004838,1237.08908640,0
1506588266,22444464,0.00004836,1498.67762614,0
1506588184,22444426,0.00004855,2604.20123583,0
1506588167,22444404,0.00004825,3501.77980000,0
1506588094,22444368,0.00004824,278.60696517,0
1506587803,22444157,0.00004870,27033.45379451,1
1506587802,22444156,0.00004870,262.47785253,1
1506587802,22444154,0.00004840,1027.29147067,0
1506587802,22444153,0.00004830,5136.45735334,0
1506587802,22444152,0.00004830,2374.60000000,0
1506587802,22444151,0.00004829,14165.71952895,0
1506587649,22443955,0.00004823,446.45511092,1
1506587480,22443781,0.00004811,4500.00000000,0
1506587474,22443776,0.00004813,1100.40000000,0
1506587353,22443591,0.00004795,35.35367135,1
1506587352,22443588,0.00004796,146.64632865,1
1506586618,22443122,0.00004809,1140.95050946,0
1506586547,22443050,0.00004801,697.48814000,0
1506586319,22442795,0.00004807,530.37570210,0
1506586100,22442644,0.00004780,424.62775892,1
1506586095,22442642,0.00004780,597.04942474,1
1506586090,22442632,0.00004780,529.78843701,1
1506585934,22442526,0.00004795,915.66385100,0
1506585913,22442513,0.00004794,121.63090000,0
1506585878,22442493,0.00004770,340.97325003,1
1506585857,22442474,0.00004769,2379.80000000,1
1506585460,22442118,0.00004781,464.14494875,0
1506585427,22442110,0.00004783,13731.96027597,0
1506585426,22442109,0.00004779,467.94370076,0
1506585151,22441938,0.00004768,467.94370076,0
1506585149,22441937,0.00004772,132.05629924,1
1506584963,22441792,0.00004784,490.44586120,0
1506584963,22441791,0.00004783,5906.49740538,0
1506584961,22441790,0.00004780,2379.40000000,0
1506584471,22441368,0.00004772,500.00000000,1
1506584471,22441367,0.00004772,1000.00000000,1
1506584211,22441126,0.00004782,3965.46219486,0
1506584211,22441125,0.00004775,0.00000314,0
1506584189,22441105,0.00004775,106.55369000,0
1506584185,22441092,0.00004775,1062.09458103,0
1506584159,22441076,0.00004775,1000.00000000,0
1506584097,22441052,0.00004775,120.00000000,1
1506584096,22441051,0.00004775,189.81612565,1
1506583785,22440819,0.00004800,2379.40000000,0
1506583755,22440787,0.00004777,4260.59807580,1
1506583754,22440785,0.00004800,162.00000000,1
1506583754,22440784,0.00004800,1000.00000000,1
1506583753,22440783,0.00004800,100.00000000,1
1506583692,22440640,0.00004800,400.00000000,1
1506583692,22440636,0.00004803,150.00000000,1
1506583692,22440633,0.00004810,364.86765384,1
1506583677,22440593,0.00004816,2248.32537375,0
1506583630,22440547,0.00004813,4927.28421011,1
1506583630,22440546,0.00004816,500.00000000,1
1506583156,22440334,0.00004830,31102.04161490,1
1506583156,22440333,0.00004830,3644.01522000,1
1506583111,22440312,0.00004837,2007.65164358,0
1506583109,22440309,0.00004836,5480.98503786,0
1506583005,22440237,0.00004830,11187.35695700,1
1506582941,22440164,0.00004830,212.84987500,1
1506582939,22440159,0.00004830,977.93000100,1
1506582922,22440134,0.00004830,743.53570600,1
1506582898,22440102,0.00004830,22957.87532600,1
1506582886,22440094,0.00004869,434.27808584,0
1506582608,22439859,0.00004860,2250.47901234,0
1506582495,22439771,0.00004830,41600.00000000,1
1506582415,22439716,0.00004830,280.92001500,1
1506582409,22439713,0.00004830,280.92001500,1
1506582368,22439683,0.00004831,69995.53133300,1
1506582350,22439653,0.00004831,40524.59068400,1
1506582348,22439643,0.00004831,8577.05413800,1
1506582347,22439640,0.00004831,421.45091935,1
1506582347,22439638,0.00004832,450.98526070,1
1506582347,22439635,0.00004835,83.83476530,1
1506582298,22439573,0.00004844,912.50000000,0
1506582298,22439572,0.00004843,1917.50000000,0
1506582283,22439569,0.00004830,67863.48128421,1
1506582283,22439568,0.00004830,3983.94463450,1
1506582282,22439567,0.00004831,465.85742029,1
1506582282,22439566,0.00004831,160.00000000,1
1506582161,22439497,0.00004844,450.86808422,0
1506582137,22439485,0.00004832,743.49000000,1
1506581932,22439326,0.00004838,1226.91835469,0
1506581913,22439323,0.00004839,231.79296900,0
1506581606,22439163,0.00004833,630.00000000,1
1506581391,22438988,0.00004833,4000.00000000,1
1506581139,22438901,0.00004845,445.69824561,0
1506580610,22438609,0.00004830,3016.05536550,1
1506580609,22438608,0.00004833,131.73161351,1
1506580609,22438607,0.00004833,658.80355029,1
1506580609,22438605,0.00004840,2095.91575242,1
1506580608,22438604,0.00004842,2363.20000000,1
1506580475,22438505,0.00004840,180.00000000,1
1506580297,22438320,0.00004840,7724.08424758,1
1506580296,22438319,0.00004841,640.95075242,1
1506580274,22438290,0.00004841,13087.70500000,1
1506580257,22438261,0.00004841,268.93248100,1
1506580197,22438223,0.00004860,1813.37448559,0
1506578928,22437257,0.00004850,0.00000001,0
1506578882,22437241,0.00004850,962.56124000,0
1506578864,22437231,0.00004850,744.49720000,0
1506578841,22437218,0.00004850,400.42177900,0
1506578819,22437212,0.00004850,12565.48900400,0
1506578807,22437193,0.00004850,869.20613000,0
1506578788,22437177,0.00004850,439.59462000,0
1506578352,22436996,0.00004850,444.45525773,0
1506578346,22436994,0.00004850,149.99999700,0
1506578258,22436967,0.00004850,2275.77477226,1
1506577932,22436758,0.00004850,1657.00000000,1
1506577847,22436711,0.00004868,481.84223500,0
1506577300,22436304,0.00004859,2359.90000000,0
1506577089,22436187,0.00004863,5.18430210,1
1506577052,22436167,0.00004863,46.65871890,1
1506577018,22436135,0.00004863,2848.15697900,1
1506576873,22436042,0.00004873,1449.65852657,0
1506576835,22436021,0.00004862,2359.90000000,1
1506576647,22435903,0.00004867,384.00000000,1
1506576611,22435871,0.00004884,441.82657657,0
1506576604,22435864,0.00004875,2478.57901677,1
1506576604,22435863,0.00004876,2185.52665720,1
1506575761,22435512,0.00004933,2185.52665720,0
1506575337,22435237,0.00004884,4690.10409144,1
1506575031,22435004,0.00004934,2004.19719000,1
1506574920,22434879,0.00004948,188.20715440,0
1506574920,22434877,0.00004947,255.73431612,0
1506574801,22434755,0.00004950,4760.17030303,0
1506574744,22434707,0.00004939,5101.33818800,1
1506574713,22434676,0.00004941,803.59623077,1
1506574699,22434669,0.00004936,3709.00328983,1
1506574699,22434668,0.00004934,187.15818068,1
1506574657,22434624,0.00004934,0.49033911,1
1506574657,22434623,0.00004938,700.93066089,1
1506574624,22434564,0.00004934,1908.00000000,0
1506574555,22434515,0.00004928,234.90000000,1
1506574391,22434338,0.00004911,1177.26896348,0
1506574381,22434332,0.00004910,406.31608961,0
1506574290,22434255,0.00004910,2599.54826883,0
1506574287,22434254,0.00004910,3650.00000000,0
1506574183,22434185,0.00004909,6082.43898961,1
1506574182,22434184,0.00004909,2898.95934077,0
1506574182,22434183,0.00004909,2341.80000000,0
1506573916,22433820,0.00004864,1992.39998847,1
1506573477,22433453,0.00004859,2295.19222062,0
1506573460,22433430,0.00004851,50.00000000,1
1506573320,22433387,0.00004859,135.39942711,0
1506573237,22433328,0.00004854,4455.36140392,1
1506573000,22433229,0.00004882,3699.30192544,1
1506572998,22433227,0.00004858,6591.15200000,0
1506572900,22433201,0.00004853,2883.00000000,1
1506572495,22433019,0.00004850,3354.95711550,1
1506572192,22432826,0.00004850,2464.26811237,1
1506572187,22432818,0.00004850,0.00999987,1
1506572186,22432817,0.00004850,247.99000000,1
1506572134,22432801,0.00004857,0.00000013,1
1506572089,22432766,0.00004870,148.27180095,0
1506571786,22432535,0.00004866,1191.10460337,1
1506571786,22432533,0.00004866,1223.12900000,0
1506571779,22432530,0.00004866,881.54851665,0
1506571663,22432464,0.00004873,989.09472484,0
1506571512,22432406,0.00004873,320.42478787,1
1506571451,22432381,0.00004861,1540.48105814,1
1506571114,22432203,0.00004864,3922.19243274,0
1506571041,22432161,0.00004857,2086.40463000,1
1506571032,22432160,0.00004857,16909.97326600,1
1506570936,22432107,0.00004857,2653.44675662,1
1506570921,22432093,0.00004857,3350.17534725,1
1506570920,22432091,0.00004857,45.83405394,1
1506570920,22432089,0.00004860,0.00004158,1
1506570790,22431996,0.00004860,1999.99995842,1
1506570790,22431995,0.00004861,2.44815059,1
1506570786,22431984,0.00004861,157.12878847,1
1506570525,22431751,0.00004900,2074.68489795,0
1506570514,22431746,0.00004900,0.00000023,1
1506570457,22431708,0.00004900,804.99999977,1
1506570457,22431706,0.00004901,315.85024123,1
1506570367,22431646,0.00004921,1609.13188376,0
1506570365,22431645,0.00004920,417.99264205,0
1506569847,22431446,0.00004932,4577.76155717,0
1506569845,22431436,0.00004931,15650.47261008,0
1506569483,22431204,0.00004950,3990.00000000,1
1506569483,22431203,0.00004951,1100.00000000,1
1506569165,22431043,0.00004969,38520.31788775,1
1506569155,22431039,0.00004969,6395.35742217,1
1506569155,22431038,0.00004970,2772.02680683,1
1506569152,22431037,0.00004970,4037.35788800,1
1506568760,22430917,0.00004986,1692.77376504,1
1506568760,22430916,0.00004986,1609.02335000,1
1506568711,22430910,0.00004987,5692.11228300,1
1506568683,22430906,0.00004997,454.80000000,0
1506568681,22430904,0.00004996,1845.20000000,0
1506568621,22430903,0.00004987,4857.99894400,1
1506568616,22430902,0.00004987,1607.11667400,1
1506568580,22430900,0.00004991,4449.89212500,1
1506568236,22430828,0.00005027,437.53829321,0
1506567959,22430769,0.00004981,2202.63365817,1
1506567959,22430768,0.00004990,2000.00000000,1
1506567958,22430767,0.00004992,550.61770000,1
1506567958,22430766,0.00004994,1003.51446878,1
1506567958,22430765,0.00005001,5012.82988800,1
1506567956,22430764,0.00005007,1444.80000000,1
1506567956,22430763,0.00005007,417.99264205,1
1506567359,22430671,0.00005019,478.78063359,1
1506567328,22430660,0.00005015,1445.48434695,0
1506567251,22430650,0.00005018,319.59645277,0
1506567048,22430618,0.00005012,10747.27374302,0
1506566983,22430585,0.00005015,2138.30787637,0
1506566981,22430584,0.00005014,4190.51891221,0
1506566876,22430560,0.00004996,4193.61258613,0
1506566807,22430547,0.00004996,1399.39996146,1
1506566733,22430537,0.00005022,11343.17602548,0
1506566733,22430536,0.00005019,11150.00800000,0
1506566732,22430534,0.00005015,1531.79328993,1
1506566732,22430531,0.00005015,2474.81307774,0
1506566436,22430466,0.00005017,1414.00000000,0
1506566273,22430380,0.00005026,4466.74604464,0
1506565845,22430265,0.00005020,95.21912350,0
1506565613,22430133,0.00005002,696.00000000,1
1506565600,22430085,0.00005002,48.00000000,1
1506565132,22429837,0.00005016,1358.58361571,0
1506565084,22429822,0.00005018,1104.76723794,0
1506565083,22429821,0.00005016,1718.67345726,0
1506564471,22429597,0.00005054,3272.33142066,0
1506564403,22429560,0.00005012,4991.50000000,1
1506564403,22429559,0.00005050,5534.44039603,1
1506564202,22429484,0.00005029,100.00000000,0
1506564074,22429429,0.00005014,966.20236189,0
1506564074,22429428,0.00005012,266.24922891,0
1506564074,22429427,0.00005012,5199.80741430,0
1506564073,22429426,0.00005010,325.00000000,0
1506564073,22429425,0.00005005,174.00000000,0
1506563381,22429215,0.00004996,2339.66839383,0
1506563381,22429214,0.00004995,1620.49505898,0
1506563313,22429199,0.00004998,339.45878351,0
1506563311,22429197,0.00004997,1323.07091260,0
1506563303,22429194,0.00005001,580.00000000,1
1506563064,22429088,0.00005007,298.78170561,0
1506562740,22428954,0.00004992,2676.12995768,0
1506562679,22428871,0.00004989,209.86169573,0
1506562512,22428849,0.00004979,538.00034000,1
1506561797,22428686,0.00004986,269.52286401,0
1506561000,22428449,0.00004976,140.01255000,1
1506559972,22428165,0.00005017,436.46302571,0
1506559924,22428120,0.00004978,998.64587304,1
1506559921,22428098,0.00004979,273.62641767,1
1506559611,22427910,0.00004979,147.54377000,1
1506559595,22427895,0.00005006,146.70335597,1
1506559593,22427893,0.00004993,291.00000000,0
1506558810,22427589,0.00005008,436.92831469,0
1506558768,22427540,0.00005003,49.57445532,0
1506558433,22427439,0.00005006,2285.40000000,0
1506558273,22427334,0.00005009,71.47135156,1
1506557697,22427110,0.00004997,2237.67960776,0
1506557339,22426984,0.00004967,2429.70242586,0
1506557339,22426983,0.00004967,50.00000000,1
1506557337,22426982,0.00004972,1827.29757414,1
1506557330,22426980,0.00004972,458.10242586,1
1506557330,22426979,0.00004972,500.00000000,1
1506557329,22426978,0.00004981,2797.71695044,0
1506557149,22426918,0.00004991,2408.13464235,0
