date,tid,price,amount,type
1506642799,22490208,0.17001,1789.84210400,1
1506642679,22490164,0.17013,10689.90125000,1
1506642679,22490163,0.17014,3168.53935000,1
1506642581,22490130,0.17050,4853.39145300,0
1506642580,22490129,0.17050,7527.34900000,1
1506642579,22490128,0.17060,50.00000000,1
1506641383,22489789,0.17175,205.79463722,1
1506640048,22489393,0.17196,116.01535240,0
1506639907,22489358,0.17196,397.37072575,0
1506639906,22489357,0.17192,1796.25629000,0
1506639905,22489355,0.17192,1809.76648000,0
1506639181,22489078,0.17175,1904.28834400,1
1506639161,22489067,0.17175,494.59600000,1
1506639085,22489041,0.17175,75.00000000,0
1506638545,22488863,0.17129,2612.05175100,0
1506638532,22488856,0.17127,165.00000000,0
1506638448,22488843,0.17129,906.75530000,1
1506638446,22488842,0.17139,2282.24470000,1
1506638118,22488740,0.17195,1220.69390000,0
1506638071,22488736,0.17195,102.59178500,0
1506637721,22488629,0.17195,94.00000000,0
1506637390,22488505,0.17188,1165.86000000,0
1506637387,22488499,0.17135,165.00000000,0
1506637290,22488428,0.17064,1200.00000000,1
1506637226,22488421,0.17088,800.00000000,1
1506637091,22488386,0.17195,400.00000000,0
1506636783,22488249,0.17181,58.05866946,0
1506636620,22488205,0.17195,600.00000000,0
1506636296,22488137,0.17127,165.00000000,0
1506635726,22487899,0.17118,105.39223000,0
1506635273,22487644,0.17039,2977.60722947,0
1506635247,22487627,0.17035,45.00000000,0
1506634879,22487457,0.17039,500.00000000,1
1506634876,22487455,0.17039,4091.75580000,1
1506634673,22487205,0.17186,1433.43611352,0
1506634672,22487204,0.17185,5361.27063000,0
1506634672,22487203,0.17146,586.26047000,0
1506634672,22487202,0.17146,2931.30234000,0
1506634670,22487201,0.17100,1310.95901960,0
1506634490,22487152,0.17100,17376.04098040,0
1506634490,22487151,0.17100,2477.00091786,1
1506634489,22487150,0.17088,3482.73546000,0
1506633923,22486896,0.16999,71.40949407,1
1506633799,22486823,0.17099,43.00000000,0
1506633623,22486758,0.17099,246.77554242,0
1506633621,22486757,0.17053,45.00000000,0
1506633445,22486636,0.17087,9800.00000000,0
1506633093,22486482,0.16999,2129.11042147,0
1506633080,22486474,0.16999,3968.54186000,0
1506633065,22486473,0.16999,1885.00000000,0
1506633049,22486458,0.16999,585.94493200,0
1506633046,22486456,0.16999,2827.55404953,0
1506633027,22486432,0.16999,3968.45170000,0
1506633014,22486427,0.16999,3308.14578000,0
1506633001,22486420,0.16999,2757.70738000,0
1506632987,22486409,0.16999,2757.70738000,0
1506632974,22486403,0.16999,270.00000000,0
1506632948,22486397,0.16999,270.00000000,0
1506632923,22486385,0.16999,2500.00000000,0
1506632919,22486384,0.16999,3214.53000000,0
1506632918,22486383,0.16999,29363.62515700,0
1506632918,22486382,0.16999,3214.53000000,0
1506632915,22486381,0.16999,2030.67434000,1
1506632881,22486366,0.16999,553.39000000,0
1506632850,22486357,0.16999,274.33854500,0
1506632814,22486348,0.17000,516.46474100,0
1506632809,22486346,0.17000,2902.21035200,0
1506632809,22486345,0.16999,2790.23742000,0
1506632791,22486342,0.17000,3517.46150000,0
1506632781,22486337,0.17000,11572.33999000,1
1506632718,22486281,0.17100,789.25699005,1
1506632718,22486279,0.17099,1752.10000000,0
1506632717,22486276,0.17097,3315.13357000,0
1506632717,22486275,0.17083,4000.00000000,0
1506632715,22486274,0.17060,1819.09196506,0
1506632705,22486270,0.17060,1656.40055808,0
1506632705,22486269,0.17060,875.82206918,0
1506632703,22486267,0.17025,4730.53961629,0
1506632496,22486148,0.17025,45.00000000,0
1506632182,22485953,0.17059,2230.18617000,0
1506631879,22485794,0.17057,268.58733880,0
1506631307,22485527,0.17060,584.70105509,0
1506631304,22485517,0.17060,5202.35187573,0
1506631302,22485514,0.17018,66.00000000,0
1506631050,22485365,0.17060,837.12500000,0
1506630789,22485249,0.17054,5849.10419843,0
1506630706,22485226,0.17057,2817.02532888,1
1506630705,22485225,0.17053,2212.94483000,0
1506630680,22485221,0.17057,292.37263293,0
1506630673,22485215,0.17054,91.00000000,0
1506630177,22485004,0.17062,521.16831000,0
1506630145,22484968,0.16989,4952.19254000,1
1506630145,22484967,0.16990,5393.60746000,1
1506630128,22484960,0.17090,226.00503218,0
1506630127,22484958,0.17039,66.00000000,0
1506630082,22484922,0.16980,1297.47938900,1
1506630080,22484921,0.17046,602.52061100,1
1506629630,22484660,0.17077,580.00000000,0
1506629627,22484659,0.17074,146.04773060,0
1506629626,22484658,0.17076,1500.00000000,0
1506629263,22484426,0.17046,1321.30960900,1
1506629072,22484336,0.17130,2039.04788196,1
1506629072,22484335,0.17122,935.07181977,1
1506629070,22484333,0.17090,66.00000000,0
1506629036,22484314,0.17045,4170.47658000,0
1506628726,22484092,0.17037,2751.54254321,1
1506628541,22484007,0.17115,801.24323692,1
1506628539,22484006,0.17061,120.00000000,0
1506628284,22483906,0.17117,2913.78810539,0
1506628200,22483864,0.17174,1934.14213346,0
1506627966,22483751,0.16990,5291.00000000,1
1506627844,22483698,0.17184,580.48184357,0
1506627643,22483569,0.16993,1775.78261330,1
1506627643,22483568,0.16993,3273.09580000,1
1506627539,22483517,0.17189,954.47309965,1
1506627537,22483516,0.17082,4112.95984000,0
1506627505,22483509,0.17086,1324.67610910,0
1506627463,22483491,0.17087,116.75613039,0
1506627336,22483403,0.17038,310.29363775,0
1506627217,22483369,0.17134,10521.03174974,0
1506627192,22483357,0.16933,1342.00000000,1
1506627020,22483217,0.16933,50.00000000,1
1506626952,22483082,0.16933,2599.97530900,1
1506626945,22483070,0.16933,7396.08564200,1
1506626940,22483065,0.17117,116.55079745,0
1506626932,22483056,0.16933,1153.02768100,1
1506626454,22482711,0.17043,192.84996772,0
1506626452,22482709,0.17042,1563.10559000,0
1506625943,22482382,0.16940,1403.82076900,1
1506625722,22482307,0.17046,207.18015956,0
1506625721,22482306,0.17043,378.00000000,0
1506625687,22482296,0.16941,362.17375405,1
1506625416,22482131,0.17068,2863.81867705,0
1506625397,22482122,0.17071,6836.63692812,0
1506625370,22482119,0.17078,591.19000000,0
1506625323,22482086,0.17083,875.87619271,0
1506625214,22481985,0.16933,32.00000000,1
1506625112,22481919,0.17084,29.19415828,0
1506625018,22481860,0.17065,11691.83410489,0
1506624490,22481418,0.17011,250.00000000,1
1506624368,22481368,0.17122,1213.52645718,0
1506624139,22481241,0.16974,280.00000000,1
1506624106,22481229,0.17195,2566.74794998,0
1506624105,22481228,0.17128,789.28178000,1
1506624105,22481227,0.17128,789.28178000,0
1506624104,22481226,0.17127,3946.40891000,0
1506624081,22481216,0.17131,1367.78752203,0
1506624081,22481215,0.17073,0.52000000,0
1506624079,22481211,0.17058,113.00000000,0
1506623989,22481168,0.16967,280.00000000,1
1506623981,22481163,0.17070,584.35852372,0
1506623919,22481153,0.16946,67.92376282,1
1506623919,22481152,0.16965,4058.46916553,1
1506623919,22481151,0.17047,956.77374000,1
1506623596,22480931,0.16933,255.00000000,1
1506623524,22480897,0.16933,1490.33390500,0
1506623524,22480895,0.16933,6126.92771000,0
1506623512,22480894,0.16933,16882.90000000,0
1506623511,22480893,0.16933,5130.07536000,0
1506623511,22480891,0.16932,4069.44845000,1
1506623510,22480890,0.16933,5031.91000000,0
1506623507,22480888,0.16933,10520.76042000,1
1506623370,22480811,0.17042,1090.07049689,0
1506623166,22480710,0.16994,113.00000000,0
1506623133,22480696,0.16933,4728.98367860,1
1506623131,22480695,0.16990,431.86047000,1
1506622653,22480483,0.17042,2926.59312287,0
1506622595,22480469,0.16990,400.00000000,1
1506622392,22480392,0.16990,168.13953000,1
1506622390,22480390,0.17000,352.86047000,1
1506622353,22480352,0.17000,147.13953000,1
1506622353,22480351,0.17001,1444.71040000,1
1506622353,22480350,0.17053,7208.15007000,1
1506622349,22480342,0.17090,293.00000000,1
1506622348,22480341,0.17090,450.00000000,1
1506622313,22480309,0.17100,1399.97040935,0
1506622142,22480229,0.17100,3.05997000,0
1506622142,22480228,0.17099,4372.81003000,0
1506622137,22480227,0.17100,2994.59114800,0
1506622136,22480226,0.17099,4369.10638000,0
1506622133,22480225,0.17099,4.40037000,0
1506622133,22480224,0.17098,6285.42963000,0
1506622121,22480219,0.17099,1191.56347800,0
1506622119,22480216,0.17100,2275.86000000,0
1506622116,22480215,0.17100,2284.49435000,0
1506622116,22480214,0.17099,5196.24565000,0
1506622093,22480205,0.17096,891.92881500,0
1506622092,22480204,0.17098,2271.25960300,0
1506622091,22480203,0.17098,1467.46000000,0
1506622074,22480190,0.17099,1549.81000000,0
1506622072,22480188,0.17100,1217.22400000,1
1506622072,22480187,0.17100,255.05442432,1
1506622072,22480186,0.17100,975.83076725,1
1506622049,22480166,0.17149,1454.17546213,0
1506621965,22480099,0.17100,3709.99254300,1
1506621965,22480098,0.17101,7804.67977000,1
1506621865,22480014,0.17164,2905.79119086,0
1506621695,22479956,0.17101,5000.00000000,1
1506621648,22479931,0.17102,474.00931000,1
1506621632,22479920,0.17193,1627.84057465,0
1506621630,22479919,0.17148,113.00000000,0
1506621601,22479870,0.17102,109.99069000,1
1506621451,22479788,0.17193,1334.41766998,0
1506621338,22479712,0.17193,58.01814692,0
1506621148,22479476,0.17196,0.00005814,1
1506621148,22479474,0.17196,1299.13927658,1
1506621146,22479470,0.17166,1000.00000000,0
1506621094,22479409,0.17196,336.08559134,0
1506621076,22479398,0.17197,0.00000100,1
1506620976,22479305,0.17248,75.18309369,0
1506620959,22479295,0.17197,779.99999900,1
1506620958,22479293,0.17228,306.92210000,1
1506620712,22479152,0.17248,520.49837662,0
1506620681,22479125,0.17197,116.00930395,0
1506620478,22478953,0.17171,4554.70000000,1
1506620478,22478951,0.17171,3445.30000000,1
1506620379,22478897,0.17268,607.00000000,0
1506620334,22478885,0.17271,0.63543824,1
1506620039,22478736,0.17255,908.31756176,0
1506619895,22478638,0.17126,655.00000000,0
1506619893,22478637,0.17250,300.00000000,1
1506619813,22478530,0.17309,1380.38399266,1
1506619709,22478449,0.17340,115.05259516,0
1506619492,22478279,0.17341,5758.04301943,0
1506619461,22478270,0.17341,386.26297875,0
1506619460,22478269,0.17340,191.68809000,0
1506619460,22478268,0.17310,2422.04893125,0
1506619441,22478248,0.17310,201.69098787,0
1506619434,22478244,0.17310,576.26008088,0
1506619313,22478139,0.17309,321.49539000,1
1506619300,22478103,0.17309,381.97472000,1
1506619295,22478090,0.17309,453.83135000,0
1506619270,22478057,0.17309,126.65734588,0
1506619269,22478056,0.17295,450.00000000,0
1506619236,22478015,0.17253,12742.07032695,0
1506619236,22478014,0.17252,794.79105000,0
1506619236,22478013,0.17251,7297.77323000,0
1506619209,22477991,0.17151,1427.90620000,1
1506619207,22477989,0.17198,226.00000000,0
1506619191,22477961,0.17251,3033.93140600,0
1506619176,22477947,0.17243,1652.29577500,1
1506619174,22477946,0.17243,2456.50183400,0
1506619077,22477822,0.17250,1955.69380000,1
1506619076,22477821,0.17245,944.30620000,0
1506618991,22477635,0.17243,28.92495505,0
1506618722,22477440,0.17112,523.00000000,1
1506618670,22477405,0.17109,896.87106635,1
1506618471,22477064,0.17164,523.04567700,0
1506618462,22477051,0.17168,1452.56611137,0
1506618438,22477004,0.17100,2401.43895700,1
1506618438,22477003,0.17101,2000.00000000,1
1506618435,22476994,0.17100,500.00000000,1
1506618429,22476978,0.17100,4185.89458100,1
1506618407,22476938,0.17100,5025.46415000,1
1506618407,22476937,0.17101,4907.32222000,1
1506618407,22476936,0.17101,12204.42013000,1
1506618380,22476894,0.17081,2602.74297100,1
1506618366,22476885,0.17228,1.82071867,1
1506618366,22476884,0.17228,199.36369209,1
1506618258,22476791,0.17059,521.00000000,1
1506618230,22476775,0.17054,197.40442427,1
1506618154,22476706,0.17248,22.84693877,0
1506618153,22476705,0.17221,452.43695826,1
1506618152,22476703,0.17221,45.99473000,0
1506618132,22476662,0.17187,52.83021000,0
1506618111,22476619,0.17148,245.52599346,1
1506618110,22476618,0.17148,6675.69800000,1
1506618100,22476609,0.17148,546.00000000,1
1506618095,22476606,0.17148,2599.74172654,1
1506618073,22476590,0.17148,226.00000000,0
1506618044,22476566,0.17238,4470.03596030,0
1506618044,22476565,0.17237,260.50365599,0
1506617976,22476528,0.17253,260.18663420,0
1506617969,22476523,0.17253,4057.79023885,0
1506617968,22476521,0.17250,2000.00000000,0
1506617968,22476520,0.17200,200.00000000,0
1506617967,22476518,0.17190,100.00000000,0
1506617967,22476517,0.17190,3000.00000000,0
1506617967,22476516,0.17190,73.51808000,1
1506617967,22476515,0.17189,367.59039000,1
1506617967,22476514,0.17180,592.20268345,0
1506617966,22476513,0.17179,87.34821000,0
1506617966,22476512,0.17167,671.57094276,0
1506617964,22476507,0.17109,436.74105000,0
1506617947,22476497,0.17110,2872.36459532,0
1506617945,22476494,0.17109,42.54145621,0
1506617943,22476488,0.17109,476.35880379,0
1506617929,22476445,0.17110,66598.15094100,0
1506617880,22476414,0.17167,5226.28509000,0
1506617880,22476413,0.17166,897.40691000,0
1506617880,22476412,0.17089,568.23500000,0
1506617874,22476402,0.17167,2890.56202324,0
1506617872,22476398,0.17166,595.75450000,0
1506617851,22476379,0.17167,5317.74799000,0
1506617851,22476378,0.17166,185.37348000,0
1506617851,22476375,0.17166,301.65241000,0
1506617831,22476324,0.17167,3039.95602400,0
1506617831,22476323,0.17166,372.41039000,0
1506617830,22476322,0.17160,100.00000000,0
1506617830,22476321,0.17158,74.48208000,0
1506617830,22476320,0.17150,1800.00000000,0
1506617804,22476272,0.17149,205.41125300,0
1506617804,22476271,0.17147,157.06369000,0
1506617793,22476240,0.17090,624.01343731,0
1506617793,22476239,0.17090,389.86253028,0
1506617764,22476220,0.17090,60.13746972,0
1506617764,22476218,0.17080,1013.87596728,0
1506617758,22476214,0.17080,4512.95936600,0
1506617758,22476213,0.17077,933.05162000,0
1506617758,22476212,0.17076,1422.94295000,0
1506617750,22476195,0.17069,1444.14949582,0
1506617680,22476110,0.16979,1407.65296370,1
1506617603,22475980,0.17000,1000.00000000,0
1506617488,22475881,0.16999,1000.00000000,1
1506617472,22475876,0.16999,4997.50124937,1
1506617469,22475871,0.16999,4997.50124937,1
1506617413,22475844,0.17043,197.40442427,0
1506617357,22475761,0.16982,13.18933699,0
1506617178,22475664,0.17000,18790.21066301,1
1506617114,22475624,0.17000,5561.31784699,0
1506617114,22475623,0.16999,13639.64705000,0
1506617114,22475622,0.16989,1874.82444000,0
1506616921,22475569,0.17000,1760.83200000,0
1506616800,22475518,0.16997,265.31718400,1
1506616753,22475503,0.17000,100.00000000,1
1506616752,22475501,0.17078,1444.11014170,0
1506616750,22475500,0.17069,137.53950000,0
1506616740,22475493,0.17000,1026.22344601,0
1506616660,22475477,0.16997,2830.78281600,1
1506616586,22475438,0.16997,63.90000000,1
1506616521,22475346,0.16997,40.00000000,1
1506616502,22475338,0.17000,1769.26234600,1
1506616151,22475198,0.16997,29.29958469,0
1506616015,22475139,0.16997,176.00000000,0
1506615952,22475122,0.17000,10217.63563900,1
1506615952,22475121,0.17001,2890.88181000,1
1506615902,22475092,0.17068,1168.85399578,0
1506615799,22474963,0.17002,1346.14000000,1
1506615796,22474960,0.17002,2397.09000000,1
1506615793,22474956,0.17002,2397.09000000,1
1506615755,22474877,0.17002,6743.02661026,1
1506615744,22474850,0.17005,392.80359820,1
1506615736,22474842,0.17004,409.81800000,1
1506615658,22474815,0.17000,392.80359820,0
1506615614,22474788,0.16992,269.00000000,0
1506615490,22474735,0.17000,1510.79000000,1
1506615469,22474716,0.17079,87.60811523,0
1506615419,22474647,0.17010,1185.28383552,0
1506615287,22474552,0.17080,11706.23454672,0
1506615287,22474550,0.17079,438.84375000,1
1506615285,22474549,0.17079,521.39852000,0
1506615265,22474541,0.17079,1128.35192000,0
1506615242,22474509,0.17079,413.20512980,0
1506615241,22474507,0.17075,170.82691585,0
1506615146,22474414,0.17000,1351.01571000,1
1506615120,22474358,0.17000,117.35364706,0
1506615116,22474356,0.17000,1351.01571000,0
1506615091,22474317,0.17000,1126.22183000,1
1506614648,22474040,0.16960,99.00000000,1
1506614573,22474006,0.17000,1701.59573000,1
1506614573,22474005,0.16999,2916.40427000,0
1506614408,22473845,0.16999,293.37019824,0
1506614401,22473842,0.16999,855.05900000,0
1506614401,22473840,0.16949,380.00000000,0
1506614106,22473720,0.16999,117.36055062,0
1506613974,22473628,0.16993,1760.91284647,0
1506613908,22473580,0.16874,1345.32600000,1
1506613834,22473490,0.16872,4049.48905400,1
1506613784,22473458,0.16930,7787.92929000,1
1506613781,22473456,0.17080,11446.11148840,1
1506613780,22473455,0.17000,221.00000000,0
1506613780,22473454,0.17000,5607.00000000,0
1506613780,22473452,0.17000,12988.09460269,0
1506613780,22473451,0.16994,17319.86577000,0
1506613779,22473450,0.16966,496.78220231,0
1506613779,22473449,0.16932,1705.77241379,0
1506613779,22473448,0.16932,1620.97763537,0
1506613779,22473447,0.16929,394.89778000,0
1506613778,22473446,0.16900,150.00000000,0
1506613778,22473445,0.16858,63675.24866677,0
1506613776,22473440,0.16857,1974.48890000,0
1506613755,22473421,0.16858,2489.10313000,0
1506613742,22473410,0.16858,2489.10313000,0
1506613739,22473408,0.16858,47453.83438200,0
1506613739,22473407,0.16857,2345.92741000,0
1506613719,22473380,0.16858,10110.54807700,0
1506613718,22473379,0.16857,3081.01680000,0
1506613718,22473378,0.16857,2445.04002000,0
1506613577,22473217,0.16857,1953.71353000,0
1506613523,22473177,0.16857,593.16604858,0
1506613495,22473160,0.16857,751.81851697,0
1506613308,22473036,0.16857,73.96820312,0
1506613219,22472995,0.16857,1396.69359909,0
1506613217,22472994,0.16816,380.00000000,0
1506613046,22472915,0.16857,591.74230290,0
1506612859,22472753,0.16857,1127.75514860,0
1506612568,22472440,0.16855,3513.40000000,0
1506612562,22472431,0.16854,1299.76246000,1
1506612542,22472411,0.16856,2547.04433000,0
1506612530,22472399,0.16849,1130.48544000,1
1506612530,22472398,0.16850,500.00000000,0
1506612501,22472347,0.16847,9.13457000,0
1506612488,22472329,0.16847,940.86543000,0
1506612420,22472249,0.16847,50.00000000,0
1506612397,22472226,0.16847,915.74448000,1
1506612327,22472138,0.16849,942.56883081,0
1506612318,22472125,0.16849,199.94548292,1
1506612307,22472118,0.16849,1143.47079100,1
1506612202,22471974,0.16744,8162.03928380,1
1506612202,22471973,0.16777,1200.00000000,1
1506612202,22471972,0.16798,498.03725620,1
1506612200,22471971,0.16815,139.92346000,1
1506612046,22471839,0.16857,220.00000000,0
1506612044,22471836,0.16828,380.00000000,0
1506611995,22471785,0.16858,7646.17478247,0
1506611995,22471784,0.16857,1129.39939000,0
1506611994,22471783,0.16855,100.00000000,0
1506611881,22471697,0.16858,132.59266000,0
1506611859,22471679,0.16858,4000.00000000,0
1506611857,22471678,0.16858,295.85543955,0
1506611828,22471658,0.16858,80.89398000,0
1506611815,22471643,0.16858,116.44622000,0
1506611718,22471550,0.16858,558.20754944,0
1506611716,22471549,0.16858,274.39236944,0
1506611716,22471548,0.16857,283.81518000,0
1506611696,22471530,0.16858,231.14018000,0
1506611683,22471523,0.16858,389.36882000,0
1506611613,22471477,0.16857,102.16606400,0
1506611613,22471476,0.16857,948.36411000,0
1506611570,22471397,0.16857,100.00000000,0
1506611514,22471350,0.16858,9225.12946500,0
1506611514,22471349,0.16857,1245.58112000,0
1506611394,22471282,0.16858,684.36303000,0
1506611208,22471112,0.16857,1230.00000000,0
1506611085,22471044,0.16858,6254.21354846,0
1506611083,22471043,0.16857,3086.06685000,0
1506611043,22470996,0.16858,0.87392000,0
1506611042,22470995,0.16857,2796.94608000,0
1506611039,22470981,0.16857,869.66800000,0
1506610940,22470876,0.16857,1201.97481200,0
1506610936,22470870,0.16857,210.66109034,0
1506610934,22470869,0.16829,380.00000000,0
1506610800,22470677,0.16805,39.34105000,1
1506610129,22470008,0.16899,955.65566010,0
1506610049,22469958,0.16898,5453.36862350,0
1506610047,22469957,0.16888,450.00000000,0
1506609766,22469715,0.16850,424.47224326,1
1506609746,22469684,0.16850,4320.41936008,0
1506609717,22469636,0.16850,546.00000000,0
1506609684,22469593,0.16801,593.65894887,0
1506609591,22469424,0.16843,1184.47568723,0
1506609584,22469412,0.16844,592.20268345,0
1506609583,22469408,0.16844,592.20268345,0
1506609574,22469401,0.16844,592.20268345,0
1506609510,22469354,0.16848,1953.80490266,0
1506609425,22469264,0.16846,231.40531877,0
1506609411,22469248,0.16848,280.51899335,0
1506609388,22469236,0.16840,390.00000000,0
1506609313,22469160,0.16722,75.00000000,1
1506609214,22469083,0.16691,1617.46032500,1
1506609187,22469065,0.16848,7927.74670555,0
1506609172,22469040,0.16846,709.24956800,0
1506609172,22469039,0.16846,1136.89415885,0
1506609163,22469024,0.16823,2921.97447000,0
1506609144,22468988,0.16825,103.89960000,0
1506609141,22468982,0.16670,36288.79702544,0
1506609139,22468981,0.16670,624.01343731,0
1506609131,22468966,0.16670,331.88000000,0
1506609120,22468951,0.16670,1370.76594950,0
1506609120,22468948,0.16670,2028.98682632,0
1506609115,22468937,0.16670,1339.07809035,0
1506609110,22468926,0.16670,858.47959625,0
1506609109,22468921,0.16670,1655.58876230,0
1506609106,22468915,0.16670,1432.72780432,0
1506609104,22468906,0.16670,2822.48055563,0
1506609102,22468904,0.16670,521.00000000,0
1506609098,22468892,0.16670,544.04300000,0
1506609098,22468891,0.16670,481.71412081,0
1506609089,22468876,0.16670,480.63921307,0
1506609082,22468870,0.16670,479.84570188,0
1506609080,22468865,0.16670,2986.54400000,0
1506609065,22468828,0.16670,44559.34851600,0
1506609065,22468827,0.16669,4276.06020000,0
1506609058,22468814,0.16668,99.99999952,0
1506609056,22468812,0.16638,0.00000048,0
1506609053,22468811,0.16638,3759.75620000,1
1506609053,22468810,0.16639,2002.60621880,1
1506609053,22468809,0.16650,998.00000000,1
1506609053,22468808,0.16651,540.06761872,1
1506609045,22468788,0.16668,3513.40000000,0
1506609043,22468787,0.16678,17319.86577000,1
1506609043,22468786,0.16683,29898.69927471,1
1506609043,22468785,0.16683,896.87106635,1
1506609043,22468784,0.16684,19848.83800000,1
1506609043,22468783,0.16687,450.00000000,1
1506609026,22468761,0.16749,158.97213300,0
1506609015,22468750,0.16700,737.97000000,1
1506609015,22468749,0.16700,40.00000000,1
1506609015,22468748,0.16704,100.00000000,1
1506609015,22468747,0.16730,149.00000000,1
1506608969,22468695,0.16750,300.00000000,1
1506608926,22468661,0.16761,157.11233742,0
1506608918,22468654,0.16762,1829.33755942,1
1506608892,22468601,0.16762,15403.73232058,1
1506608891,22468600,0.16787,0.00000042,1
1506608831,22468528,0.16837,1481.12223080,0
1506608807,22468440,0.16793,4171.84984344,1
1506608798,22468428,0.16793,600.00000000,1
1506608787,22468369,0.16787,4286.75489400,1
1506608624,22468141,0.16793,500.00000000,1
1506608551,22468017,0.16850,38304.82579400,0
1506608550,22468015,0.16845,4866.41936000,0
1506608459,22467837,0.16787,1655.93885670,1
1506608435,22467801,0.16800,4923.86000000,0
1506608435,22467800,0.16794,633.00000000,0
1506608433,22467795,0.16800,4811.29932026,1
1506608404,22467583,0.16800,388.70067974,1
1506608404,22467580,0.16847,4931.26568026,1
1506608402,22467560,0.16847,10522.01702500,1
1506608401,22467548,0.16847,388.70068000,1
1506608371,22467275,0.16847,737.00000000,1
1506608323,22467043,0.16847,567.13868474,1
1506608214,22466805,0.16850,592.00000000,1
1506608214,22466804,0.16888,450.00000000,1
1506608189,22466738,0.16900,109.50000000,1
1506608189,22466736,0.16900,2164.69883000,1
1506608189,22466733,0.16904,100.00000000,1
1506608137,22466595,0.16932,84.79477842,1
1506608137,22466591,0.16932,1621.83054900,1
1506608129,22466582,0.16932,9005.56312400,1
1506608075,22466472,0.16992,35.51971516,0
1506608068,22466461,0.16932,4500.59406500,1
1506608065,22466453,0.16932,1059.14428500,1
1506608030,22466379,0.16992,1000.00000000,0
1506608006,22466362,0.16932,545.12039858,1
1506607901,22466253,0.16989,146.78703867,0
1506607842,22466171,0.16932,243.00000000,1
1506607837,22466170,0.16933,4920.45672300,1
1506607719,22465979,0.16998,39.44000000,0
1506607704,22465946,0.16986,816.92785479,0
1506607704,22465944,0.16986,3194.82749821,0
1506607702,22465941,0.16986,450.35250179,0
1506607702,22465940,0.16985,548.39388765,0
1506607702,22465938,0.16985,315.29558304,0
1506607702,22465937,0.16980,0.00000029,0
1506607694,22465907,0.16980,10217.63563912,0
1506607693,22465905,0.16980,315.29565017,1
1506607693,22465904,0.16982,548.39395000,1
1506607693,22465903,0.16988,184.51321000,1
1506607693,22465902,0.16990,200.00000000,1
1506607693,22465901,0.17000,800.97165514,1
1506607693,22465900,0.17000,1975.98140528,1
1506607690,22465892,0.17000,24.01859472,1
1506607690,22465889,0.17000,299.93462523,1
1506607689,22465881,0.17001,3319.67290000,0
1506607688,22465880,0.17003,177.88702063,1
1506607688,22465879,0.17005,86.75632000,1
1506607688,22465878,0.17010,292.00000000,1
1506607688,22465877,0.17063,584.59819507,1
1506607676,22465872,0.17073,96.83564692,1
1506607674,22465870,0.17072,1656.03985000,0
1506607672,22465866,0.17071,2921.46854499,0
1506607648,22465844,0.17018,1748.66556091,1
1506607585,22465763,0.17018,13976.24500000,1
1506607584,22465762,0.17018,300.59944200,1
1506607579,22465755,0.17077,291.99912162,0
1506607556,22465740,0.17018,948.32477709,1
1506607555,22465739,0.17054,0.32992091,1
1506607530,22465710,0.17054,659.82573109,1
1506607486,22465677,0.17054,339.84434800,1
1506607437,22465640,0.17160,290.64865967,0
1506607374,22465563,0.17050,3000.00000000,1
1506607326,22465533,0.17089,204.29931535,0
1506607212,22465465,0.17093,40.00000000,0
1506606953,22465275,0.17058,1378.29046000,1
1506606952,22465274,0.17090,450.00000000,1
1506606952,22465272,0.17104,5904.73115000,1
1506606950,22465270,0.17104,10983.75804000,1
1506606950,22465269,0.17105,4080.77396000,1
1506606890,22465248,0.17105,3517.25076200,1
1506606827,22465197,0.17105,515.65219692,1
1506606735,22465155,0.17109,1705.80686100,1
1506606734,22465151,0.17108,90.81803900,0
1506606706,22465139,0.17105,2210.36312200,1
1506606696,22465109,0.17105,4842.74692500,1
1506606696,22465108,0.17107,3981.95838000,1
1506606696,22465107,0.17108,795.64508000,1
1506606540,22465012,0.17206,150.00000000,0
1506606518,22464989,0.17210,2416.58771303,1
1506606518,22464987,0.17209,15936.68100000,0
1506606518,22464986,0.17207,12999.18387000,0
1506606415,22464943,0.17201,2449.36500700,1
1506606413,22464942,0.17200,3231.66237900,1
1506606411,22464940,0.17200,9925.64821700,1
1506606411,22464939,0.17200,4572.39136100,1
1506606390,22464923,0.17200,2867.59045200,1
1506606390,22464922,0.17200,2877.01161900,1
1506606388,22464921,0.17200,2000.00000000,0
1506606338,22464891,0.17150,1384.11795074,1
1506606278,22464849,0.17150,284.41291502,0
1506606276,22464846,0.17150,1380.88195379,0
1506606245,22464827,0.17150,360.61446064,0
1506606233,22464825,0.17150,500.00000000,0
1506606228,22464823,0.17150,974.09067055,0
1506606228,22464822,0.17150,480.00000000,0
1506606212,22464818,0.17107,738.88888900,1
1506606011,22464717,0.17107,170.87674000,0
1506605997,22464698,0.17210,1796.78634515,0
1506605929,22464662,0.17262,1417.97149142,0
1506605630,22464388,0.17262,1733.58747538,0
1506605586,22464344,0.17298,807.26610012,1
1506605221,22464125,0.17251,289.11547157,0
1506604962,22463980,0.17279,199.22414492,0
1506604959,22463977,0.17211,231.82836587,1
1506604959,22463976,0.17242,588.75561584,1
1506604879,22463920,0.17269,480.00000000,0
1506604832,22463871,0.17242,3411.24438416,1
1506604832,22463870,0.17242,2360.09379584,1
1506604832,22463869,0.17243,5190.80082000,1
1506604787,22463844,0.17243,9895.59291000,1
1506604787,22463843,0.17243,4580.30009000,1
1506604696,22463811,0.17353,19369.20284677,1
1506604694,22463810,0.17297,9402.74845088,0
1506604653,22463745,0.17297,4037.25513095,0
1506604588,22463693,0.17242,500.00000000,1
1506604585,22463690,0.17297,3220.67433659,0
1506604585,22463689,0.17296,2271.65888000,0
1506604583,22463688,0.17253,9514.49043598,0
1506604520,22463608,0.17253,878.00000000,1
1506604516,22463605,0.17300,878.00000000,1
1506604400,22463513,0.17300,122.00000000,1
1506604354,22463471,0.17370,567.13868474,0
1506604332,22463448,0.17366,568.06852470,0
1506604312,22463426,0.17366,8036.85463789,1
1506604310,22463424,0.17366,575.27742977,1
1506604310,22463423,0.17366,1474.02971300,1
1506604310,22463422,0.17366,1396.57215800,1
1506604309,22463420,0.17366,497.27600000,1
1506604307,22463415,0.17366,575.19630313,1
1506604255,22463365,0.17371,861.35472915,0
1506604221,22463338,0.17376,544.61273000,0
1506604193,22463282,0.17248,1066.91848800,1
1506604191,22463280,0.17248,574.04910450,1
1506604183,22463272,0.17388,9020.34451345,0
1506604183,22463271,0.17388,1312.20000000,1
1506604182,22463269,0.17387,536.89604756,0
1506604182,22463268,0.17387,69.30000000,0
1506604182,22463267,0.17380,10000.00000000,0
1506604181,22463265,0.17379,968.58978893,1
1506604181,22463262,0.17379,2092.37506000,0
1506604104,22463214,0.17388,3141.45548654,0
1506604104,22463213,0.17387,481.29074349,1
1506604102,22463210,0.17387,1138.85010840,0
1506604095,22463202,0.17387,1170.48122160,0
1506604062,22463150,0.17358,4000.00000000,0
1506604054,22463136,0.17390,2774.02469000,0
1506604054,22463135,0.17365,719.66700000,0
1506604052,22463124,0.17498,56068.41750637,1
1506604052,22463123,0.17498,948.42477500,1
1506604052,22463121,0.17498,5333.83424400,1
1506604052,22463120,0.17498,2207.77426900,1
1506604051,22463117,0.17474,2425.78710644,0
1506604051,22463114,0.17474,2155.84317843,0
1506604051,22463113,0.17474,13895.91584498,1
1506604051,22463111,0.17474,3545.82966900,1
1506604050,22463109,0.17474,1452.50200000,1
1506604050,22463107,0.17474,6679.89774100,1
1506604050,22463106,0.17474,173.71613385,1
1506604049,22463102,0.17450,11819.51812866,0
1506604049,22463100,0.17450,175.50149035,1
1506604048,22463095,0.17428,16888.48919000,0
1506604048,22463093,0.17392,603.19334000,0
1506604048,22463092,0.17392,1267.68080300,1
1506604047,22463091,0.17391,7750.79900000,0
1506604047,22463090,0.17391,1599.36974209,1
1506604047,22463089,0.17355,203.00000000,0
1506604047,22463088,0.17341,16973.83478000,0
1506604047,22463087,0.17341,995.36568200,1
1506604046,22463086,0.17340,3015.96671000,0
1506604045,22463085,0.17331,6756.30504000,1
1506604044,22463084,0.17331,2028.78043158,0
1506604044,22463082,0.17331,1490.43533040,0
1506604044,22463081,0.17323,5284.39414000,0
1506603942,22462904,0.17253,1571.34504700,1
1506603931,22462886,0.17253,807.53500200,1
1506603897,22462848,0.17254,5288.72000000,1
1506603887,22462840,0.17294,1153.58644617,0
1506603871,22462806,0.17331,6035.78043658,1
1506603870,22462804,0.17331,1828.03206000,1
1506603870,22462802,0.17331,1949.28818308,0
1506603870,22462801,0.17328,23678.19200000,0
1506603870,22462800,0.17327,4257.41797000,0
1506603869,22462799,0.17325,9385.17200000,0
1506603867,22462795,0.17254,849.07900000,1
1506603859,22462790,0.17301,2836.25520000,1
1506603850,22462766,0.17300,10000.00006200,1
1506603846,22462759,0.17300,4874.56124662,1
1506603845,22462752,0.17300,8801.50032400,1
1506603844,22462751,0.17300,4874.56124662,1
1506603844,22462747,0.17300,306.80900100,1
1506603843,22462744,0.17300,3999.80759000,1
1506603843,22462743,0.17301,1293.54295000,1
1506603843,22462742,0.17301,1840.62786000,1
1506603841,22462741,0.17300,559.08100000,1
1506603841,22462739,0.17300,3933.20228294,1
1506603839,22462737,0.17300,1114.47000000,1
1506603838,22462732,0.17300,1599.06052024,1
1506603838,22462731,0.17300,3017.58059900,1
1506603837,22462728,0.17300,3933.20228294,1
1506603835,22462726,0.17295,3000.00000000,0
1506603835,22462725,0.17295,450.00000000,0
1506603828,22462718,0.17253,6012.18007700,1
1506603826,22462716,0.17254,979.23984291,1
1506603821,22462712,0.17253,16485.99809550,0
1506603814,22462705,0.17253,574.04910450,0
1506603809,22462700,0.17250,1965.60611200,1
1506603809,22462699,0.17250,2533.22101211,1
1506603809,22462696,0.17251,1072.21068389,1
1506603808,22462693,0.17251,2574.21424611,1
1506603801,22462684,0.17251,1646.97822230,1
1506603799,22462681,0.17251,1647.80169266,1
1506603784,22462634,0.17242,575.39654600,1
1506603784,22462630,0.17243,839.83103498,0
1506603777,22462612,0.17243,1446.39233312,0
1506603764,22462588,0.17242,157.00000000,1
1506603753,22462544,0.17242,599.94987756,1
1506603749,22462535,0.17242,599.94987756,1
1506603747,22462534,0.17242,4049.12775400,1
1506603746,22462532,0.17242,499.75012493,1
1506603743,22462527,0.17242,2090.32109500,1
1506603743,22462526,0.17242,7909.67890500,1
1506603742,22462525,0.17242,6015.05709282,1
1506603742,22462524,0.17243,1436.69527318,1
1506603741,22462519,0.17243,850.67121170,1
1506603739,22462516,0.17243,941.40062212,1
1506603738,22462515,0.17243,938.33995300,1
1506603737,22462511,0.17242,9128.97424302,1
1506603733,22462507,0.17242,2170.59413300,1
1506603732,22462506,0.17242,699.93762961,1
1506603729,22462501,0.17242,801.54207400,1
1506603729,22462500,0.17242,699.93762961,1
1506603729,22462498,0.17242,634.99999500,1
1506603726,22462490,0.17242,575.10894798,1
1506603725,22462487,0.17242,310.48700000,1
1506603724,22462486,0.17242,1051.40680100,1
1506603722,22462485,0.17242,1741.93163215,0
1506603695,22462455,0.17234,346.75593000,0
1506603693,22462452,0.17247,654.65284629,0
1506603692,22462450,0.17246,210.14730000,0
1506603692,22462449,0.17246,1050.73652000,0
1506603685,22462431,0.17175,154.00000000,0
1506603684,22462430,0.17167,17146.12207000,0
1506603649,22462397,0.17165,961.14638574,0
1506603634,22462383,0.17160,1725.15775949,0
1506603634,22462382,0.17123,117.00000000,0
1506603632,22462381,0.17121,484.25336409,0
1506603609,22462353,0.17121,174.81455522,0
1506603605,22462314,0.17121,2285.16856492,0
1506603604,22462303,0.17100,200.00000000,0
1506603604,22462301,0.17100,593.93045549,0
1506603603,22462292,0.17096,722.00000000,0
1506603595,22462284,0.17090,450.00000000,0
1506603595,22462283,0.17080,5300.55379570,0
1506603543,22462271,0.17080,4088.14028103,0
1506603471,22462206,0.17003,105.81243592,0
1506603470,22462205,0.17003,4404.81092100,0
1506603470,22462204,0.17003,2090.98394400,0
1506603468,22462201,0.17006,2744.51281627,1
1506603452,22462181,0.17003,2338.37580740,0
1506603378,22462127,0.17080,29.87714988,0
1506603366,22462121,0.17080,876.03003513,0
1506603345,22462112,0.17080,4000.00000000,0
1506603291,22462054,0.17080,2861.69818501,0
1506603280,22462032,0.17080,61.58700234,0
1506603280,22462031,0.17079,230.46394000,0
1506603275,22462025,0.17080,15.18343091,0
1506603275,22462024,0.17060,589.96000000,0
1506603275,22462023,0.17059,273.81855000,0
1506603274,22462022,0.17020,638.42963002,0
1506603274,22462020,0.17000,10217.63563912,0
1506603271,22462017,0.17020,1405.57036998,0
1506603271,22462016,0.17000,199.67384702,0
1506603269,22462004,0.16994,2944.23648423,0
1506603268,22461993,0.16994,7406.82400000,0
1506603267,22461989,0.16994,2915.74656413,0
1506603267,22461985,0.16993,11.30486187,0
1506603265,22461980,0.16993,1357.78787813,0
1506603198,22461938,0.16994,2820.87369069,0
1506603174,22461890,0.16980,700.00000000,1
1506603111,22461832,0.16901,1306.79481000,1
1506603107,22461807,0.16994,1232.18503095,0
1506603105,22461804,0.16993,1828.79374000,0
1506603105,22461803,0.16993,1598.88288000,0
1506603062,22461771,0.16993,3435.88330489,0
1506603060,22461770,0.16982,2266.02000000,0
1506603047,22461765,0.16981,1468.56221660,0
1506603031,22461758,0.16900,1335.30117000,1
1506603031,22461757,0.16901,100.00000000,1
1506602842,22461614,0.16900,1187.69200000,1
1506602808,22461568,0.16899,2463.97000000,1
1506602808,22461565,0.16900,846.01356500,1
1506602802,22461558,0.16900,3001.89345317,0
1506602800,22461557,0.16900,3384.22954000,0
1506602795,22461538,0.16899,3719.30558500,1
1506602794,22461536,0.16899,18515.46668400,1
1506602794,22461534,0.16899,909.64918800,1
1506602794,22461531,0.16899,1552.77650000,1
1506602793,22461527,0.16899,7651.20995100,1
1506602790,22461514,0.16899,1751.90649600,1
1506602790,22461513,0.16899,2726.30300000,1
1506602788,22461512,0.16899,1240.06634200,1
1506602788,22461511,0.16899,1240.32674000,1
1506602788,22461510,0.16899,1126.61700000,1
1506602788,22461509,0.16899,7044.36500000,1
1506602787,22461508,0.16899,12000.00000000,1
1506602786,22461507,0.16899,4009.57583000,1
1506602785,22461506,0.16899,3941.53714000,0
1506602785,22461505,0.16899,16050.93838630,0
1506602784,22461503,0.16899,590.27161370,0
1506602764,22461488,0.16900,1323.96016891,0
1506602764,22461487,0.16899,528.14143709,0
1506602753,22461481,0.16849,274.71892900,1
1506602752,22461480,0.16849,13763.96029500,1
1506602752,22461479,0.16850,2914.05128000,1
1506602741,22461463,0.16900,36529.53839400,0
1506602741,22461462,0.16889,2000.00000000,0
1506602741,22461461,0.16888,450.00000000,0
1506602730,22461450,0.16850,825.09828300,1
1506602708,22461406,0.16850,1334.64123000,1
1506602690,22461351,0.16850,811.26012900,1
1506602643,22461278,0.16849,116.47810000,1
1506602642,22461276,0.16849,1817.65552962,1
1506602642,22461274,0.16850,570.75899338,1
1506602642,22461273,0.16850,4583.18693662,0
1506602635,22461261,0.16849,2970.65085100,1
1506602635,22461259,0.16849,1366.26608800,1
1506602630,22461215,0.16849,3484.90000000,0
1506602561,22461146,0.16850,2355.32428000,0
1506602558,22461145,0.16850,291.92878338,0
1506602558,22461144,0.16850,300.00000000,0
1506602510,22461103,0.16848,732.67246000,1
1506602510,22461102,0.16848,200.78000000,1
1506602498,22461094,0.16849,647.31355392,0
1506602485,22461084,0.16848,1690.00000000,0
1506602463,22461051,0.16777,2725.23462004,1
1506602424,22461033,0.16848,2882.19071753,1
1506602421,22461030,0.16848,462.12999800,0
1506602413,22461021,0.16825,722.00000000,0
1506602311,22460941,0.16800,1024.63380748,0
1506602298,22460931,0.16800,136.32720000,0
1506602257,22460913,0.16800,7361.25248100,0
1506602215,22460880,0.16800,1477.78651152,0
1506602062,22460770,0.16792,2830.02419000,1
1506601890,22460645,0.16750,124.97276760,0
1506601886,22460641,0.16750,146.00000000,1
1506601713,22460512,0.16797,2500.00000000,0
1506601656,22460480,0.16710,3446.42695043,0
1506601652,22460476,0.16710,11516.07834000,0
1506601652,22460475,0.16709,3746.42695000,0
1506601651,22460470,0.16710,300.00000000,0
1506601626,22460450,0.16710,1741.44252000,0
1506601607,22460442,0.16710,3550.96000000,0
1506601560,22460421,0.16710,12001.63873700,0
1506601560,22460420,0.16709,3917.37426300,0
1506601560,22460419,0.16709,225.03985700,0
1506601559,22460418,0.16700,100.00000000,0
1506601530,22460403,0.16699,681.87474000,0
1506601508,22460392,0.16707,8140.85088500,0
1506601438,22460362,0.16709,2000.00000000,0
1506601427,22460358,0.16709,93.29246500,1
1506601334,22460277,0.16653,3051.97122512,1
1506601312,22460273,0.16649,36349.38704980,1
1506601283,22460263,0.16690,6769.09809800,0
1506601279,22460262,0.16687,450.00000000,1
1506601277,22460261,0.16688,5001.52738200,0
1506601268,22460202,0.16688,722.00000000,0
1506601266,22460201,0.16693,8000.00000000,1
1506601265,22460199,0.16709,4334.27979900,0
1506601265,22460198,0.16702,722.00000000,0
1506601216,22460175,0.16710,6629.49910000,0
1506601214,22460174,0.16710,44239.62155608,1
1506601214,22460173,0.16711,6671.12059000,1
1506601214,22460172,0.16712,3524.25120000,1
1506601200,22460167,0.16712,437.83052288,1
1506601200,22460166,0.16720,2.67127712,1
1506601066,22460099,0.16815,3022.87717630,0
1506600791,22459977,0.16829,29.63652029,0
1506600483,22459780,0.16723,5197.20880676,0
1506600467,22459761,0.16720,5342.55329188,1
1506600464,22459750,0.16720,4654.77543100,1
1506600462,22459738,0.16723,5197.20880676,1
1506600455,22459716,0.16724,40.00000000,1
1506600315,22459634,0.16820,840.61108353,1
1506600267,22459582,0.16887,1476.69805175,0
1506600253,22459570,0.16820,529.38891647,0
1506600252,22459569,0.16820,840.61108353,0
1506600202,22459541,0.16786,1642.68038563,1
1506600202,22459540,0.16787,117.00000000,1
1506600202,22459539,0.16800,243.31108437,1
1506600069,22459466,0.16820,281.49819600,0
1506600042,22459440,0.16788,1627.63089000,1
1506600041,22459438,0.16796,4156.76471000,1
1506600005,22459381,0.16797,7962.63398063,1
1506600005,22459380,0.16799,50.00000000,1
1506600005,22459378,0.16800,1987.36601937,1
1506599939,22459342,0.16974,1175.26503682,0
1506599843,22459259,0.16914,218.20817075,0
1506599805,22459229,0.16806,1265.17400000,1
1506599743,22459192,0.16880,2000.00000000,1
1506599607,22459136,0.16797,1770.80943835,0
1506599606,22459134,0.16800,2485.99102775,0
1506599605,22459131,0.16800,100.00000000,1
1506599591,22459119,0.16879,4757.18932000,0
1506599586,22459117,0.16879,179.41012174,0
1506599571,22459105,0.16861,134.83250000,1
1506599450,22459019,0.16797,4665.50440300,1
1506599370,22458970,0.16871,70.96550000,0
1506599351,22458962,0.16871,5840.28635000,0
1506599336,22458942,0.16871,1000.00000000,0
1506599218,22458801,0.16871,2684.29749274,0
1506599190,22458775,0.16871,1965.44366071,0
1506599163,22458741,0.16800,4318.55350011,1
1506599162,22458739,0.16800,5027.56655000,1
1506599101,22458650,0.16796,7419.08534400,1
1506599074,22458621,0.16795,15228.74251500,1
1506599067,22458607,0.16795,814.18483100,1
1506599066,22458606,0.16888,0.67551539,0
1506599066,22458605,0.16888,450.00000000,0
1506599066,22458603,0.16873,118.00000000,0
1506599058,22458577,0.16795,1847.85657600,1
1506599052,22458559,0.16795,1746.44844100,1
1506599052,22458558,0.16796,10043.04299000,1
1506599049,22458542,0.16795,6196.12462200,1
1506599049,22458539,0.16796,6814.36797000,1
1506599045,22458531,0.16796,3563.70000000,1
1506599042,22458517,0.16796,4.77305000,1
1506599042,22458516,0.16797,6812.09695000,1
1506599033,22458509,0.16796,1293.51000000,1
1506599031,22458505,0.16793,8209.62300000,0
1506599031,22458504,0.16790,1247.59297000,0
1506599031,22458502,0.16789,34055.48700000,0
1506598960,22458428,0.16804,2661.21387764,0
1506598959,22458427,0.16803,1482.28867000,0
1506598927,22458397,0.16791,3011.81906973,0
1506598926,22458395,0.16790,1344.98139643,0
1506598907,22458383,0.16794,2969.81064665,0
1506598900,22458382,0.16794,143.27884959,0
1506598890,22458372,0.16797,254.48949217,0
1506598888,22458371,0.16764,935.00000000,0
1506598801,22458311,0.16680,518.00728000,1
1506598740,22458272,0.16795,593.93045549,0
1506598663,22458229,0.16851,625.89782084,1
1506598661,22458228,0.16762,1887.45350000,0
1506598550,22458127,0.16702,3000.00000000,1
1506598488,22458010,0.16785,371.42764373,0
1506598463,22457993,0.16777,237.82702509,0
1506598368,22457957,0.16650,634.80702886,1
1506598345,22457954,0.16644,709.61996933,1
1506598345,22457953,0.16644,2095.88003067,0
1506598344,22457952,0.16645,2194.50000000,1
1506598298,22457933,0.16685,592.92777945,1
1506598235,22457880,0.16817,1000.00000000,0
1506598070,22457708,0.16624,6000.00000000,1
1506598040,22457696,0.16819,1238.21180000,0
1506598040,22457695,0.16750,931.73746000,0
1506598040,22457694,0.16749,15411.42420000,0
1506598040,22457693,0.16734,4658.68729000,0
1506597976,22457656,0.16615,5750.88338040,1
1506597891,22457492,0.16603,1025.21182919,1
1506597890,22457489,0.16603,12898.22752366,1
1506597890,22457486,0.16812,1268.79140576,0
1506597889,22457469,0.16603,2642.52300564,1
1506597888,22457465,0.16603,1025.21191500,1
1506597887,22457448,0.16602,1249.40150000,0
1506597879,22457405,0.16601,19432.73723066,1
1506597877,22457389,0.16600,1290.37068780,1
1506597872,22457334,0.16599,1300.47127877,1
1506597866,22457273,0.16595,2556.63310525,1
1506597864,22457264,0.16595,9830.23200405,1
1506597864,22457261,0.16645,1000.00000000,1
1506597864,22457259,0.16650,362.17375405,1
1506597864,22457258,0.16655,3763.90780000,1
1506597863,22457257,0.16687,450.00000000,1
1506597863,22457255,0.16700,14495.48613190,1
1506597863,22457254,0.16701,13911.57504000,1
1506597863,22457253,0.16710,200.00000000,1
1506597846,22457149,0.16715,1294.51464024,1
1506597845,22457138,0.16714,2095.35806776,1
1506597832,22457112,0.16827,1197.45795448,0
1506597794,22457047,0.16721,655.61785000,1
1506597640,22456895,0.16826,2854.33531439,1
1506597638,22456894,0.16790,5930.09664465,0
1506597620,22456886,0.16745,119.14075844,0
1506597612,22456883,0.16745,297.85195581,0
1506597563,22456849,0.16789,1025.21174578,0
1506597408,22456712,0.16645,1186.94158075,0
1506597390,22456694,0.16645,3080.00000000,1
1506597387,22456686,0.16644,218.10000000,1
1506597387,22456685,0.16649,350.00000000,1
1506597385,22456681,0.16782,1485.93731378,0
1506597340,22456544,0.16790,2635.70781388,1
1506597339,22456543,0.16790,15626.86700000,1
1506597339,22456542,0.16790,2885.05610000,1
1506597338,22456541,0.16790,1248.15020000,1
1506597338,22456539,0.16790,12546.00876200,1
1506597338,22456538,0.16790,11100.66200000,1
1506597338,22456537,0.16790,3147.16000000,1
1506597338,22456536,0.16790,5211.81059000,1
1506597337,22456532,0.16790,10550.24747800,1
1506597337,22456531,0.16790,2762.35500000,1
1506597337,22456529,0.16791,6559.24360000,0
1506597336,22456527,0.16790,966.77806400,1
1506597336,22456525,0.16790,14901.14230300,1
1506597336,22456524,0.16790,1607.83446300,1
1506597336,22456523,0.16790,3995.00000000,1
1506597335,22456521,0.16790,1272.88100000,1
1506597334,22456517,0.16791,5199.80741430,1
1506597331,22456516,0.16786,577.01122000,0
1506597331,22456515,0.16781,3460.90000000,0
1506597331,22456514,0.16781,2885.05610000,0
1506597331,22456513,0.16779,14802.34950000,0
1506597270,22456386,0.16818,566.10540000,0
1506597228,22456324,0.16990,4514.18899352,0
1506597228,22456323,0.16874,568.97767483,1
1506597227,22456320,0.16990,19773.29615108,0
1506597227,22456318,0.16990,794.69584421,1
1506597226,22456313,0.16989,14993.17963500,1
1506597226,22456310,0.16943,110.00000000,0
1506597226,22456308,0.16909,17407.54001000,0
1506597225,22456307,0.16909,7425.00000000,1
1506597225,22456306,0.16888,450.00000000,0
1506597225,22456304,0.16874,1246.26220000,0
1506597224,22456303,0.16762,1825.10158530,0
1506597224,22456302,0.16761,712.35953000,0
1506597224,22456301,0.16717,3561.79766000,0
1506597222,22456299,0.16710,1688.06897558,0
1506597197,22456254,0.16611,3374.02052000,1
1506597195,22456244,0.16614,4356.52170000,1
1506597192,22456238,0.16615,10267.45976200,1
1506597192,22456237,0.16616,1227.92390000,1
1506597125,22456049,0.16594,1730.12270854,0
1506597124,22456048,0.16594,3354.35937000,0
1506597123,22456044,0.16594,1296.60569938,0
1506597118,22456013,0.16594,635.15500000,0
1506597099,22455983,0.16594,1803.04000000,0
1506597097,22455978,0.16594,14973.02450800,0
1506597094,22455972,0.16594,2108.81484600,0
1506597085,22455968,0.16594,13349.30000000,0
1506597083,22455964,0.16594,5745.69356276,0
1506597080,22455957,0.16594,5745.69356276,0
1506597066,22455936,0.16594,24229.01910925,0
1506597062,22455934,0.16594,6000.00000000,0
1506597042,22455916,0.16594,5951.74499046,0
1506597041,22455911,0.16594,1262.48764614,0
1506597040,22455909,0.16593,12287.02397000,0
1506597039,22455906,0.16593,651.79171398,0
1506597037,22455898,0.16593,185.05837782,0
1506597033,22455891,0.16593,2163.14990820,0
1506597007,22455784,0.16584,1655.93885673,0
1506596995,22455730,0.16573,647.41371300,1
1506596986,22455699,0.16573,1630.52442019,0
1506596985,22455693,0.16573,1269.63555221,0
1506596983,22455677,0.16573,1813.22809760,0
1506596968,22455591,0.16562,1252.25940000,1
1506596968,22455589,0.16566,719.79292500,1
1506596916,22455453,0.16566,280.20707500,1
1506596916,22455452,0.16567,1255.02770000,1
1506596898,22455403,0.16591,871.87529383,0
1506596836,22455191,0.16570,1784.86589300,1
1506596828,22455180,0.16570,1029.30203766,0
1506596825,22455165,0.16570,1783.17684850,0
1506596821,22455138,0.16570,1082.06722993,0
1506596818,22455128,0.16570,2036.45141822,0
1506596817,22455120,0.16570,1074.11146569,0
1506596816,22455113,0.16514,404.36610085,0
1506596816,22455111,0.16514,147.88175723,0
1506596814,22455100,0.16514,1273.72874192,0
1506596814,22455098,0.16514,1253.02340000,1
1506596769,22454995,0.16574,148.58845000,1
1506596765,22454964,0.16575,1203.62739065,0
1506596757,22454954,0.16575,1100.00000000,0
1506596736,22454927,0.16585,301.25093900,0
1506596716,22454863,0.16574,451.38747436,0
1506596715,22454857,0.16514,1251.19550000,1
1506596684,22454807,0.16591,1046.73581700,0
1506596651,22454752,0.16576,710.56098398,0
1506596647,22454740,0.16576,1181.22894392,0
1506596620,22454687,0.16591,900.00000000,0
1506596616,22454682,0.16513,111.05986298,1
1506596605,22454660,0.16511,1306.47947558,1
1506596604,22454657,0.16513,884.08183000,0
1506596604,22454654,0.16513,569.37239442,0
1506596603,22454648,0.16513,1240.06630000,1
1506596592,22454616,0.16581,841.26804579,0
1506596590,22454614,0.16581,841.26804579,0
1506596586,22454609,0.16581,878.92939122,0
1506596583,22454599,0.16580,878.86897221,0
1506596562,22454564,0.16511,11367.57403243,1
1506596562,22454563,0.16514,113.38870050,1
1506596562,22454562,0.16518,118.00000000,1
1506596562,22454561,0.16532,14101.88095025,1
1506596562,22454560,0.16550,5355.55013655,1
1506596561,22454559,0.16571,3785.75650000,1
1506596561,22454557,0.16585,0.00000027,1
1506596533,22454523,0.16593,312.02458868,0
1506596472,22454459,0.16593,30.05803652,0
1506596453,22454435,0.16593,1000.00000000,0
1506596430,22454389,0.16585,5886.90434800,1
1506596428,22454387,0.16586,1554.43762400,1
1506596415,22454370,0.16594,12727.65982626,1
1506596415,22454369,0.16600,4680.64527976,1
1506596415,22454368,0.16601,4440.74053000,1
1506596414,22454367,0.16601,3764.86440000,1
1506596409,22454361,0.16677,4128.50506685,1
1506596409,22454360,0.16639,935.00000000,1
1506596407,22454351,0.16602,197.10000000,0
1506596391,22454279,0.16601,326.32079900,1
1506596366,22454225,0.16594,4679.88018374,1
1506596365,22454221,0.16600,700.00000000,1
1506596364,22454219,0.16600,1000.00000000,1
1506596364,22454218,0.16600,1000.00000000,1
1506596364,22454217,0.16600,5120.11981626,1
1506596349,22454197,0.16600,100.00000000,1
1506596347,22454188,0.16600,2352.93757300,1
1506596335,22454162,0.16601,1273.00000000,1
1506596286,22453974,0.16601,2384.65193500,1
1506596276,22453952,0.16691,298.81558924,0
1506596252,22453855,0.16600,1053.52914600,1
1506596252,22453854,0.16605,3302.54878000,1
1506596252,22453851,0.16606,3763.15410000,1
1506596209,22453676,0.16666,3337.64449967,1
1506596209,22453675,0.16678,0.00000033,1
1506596209,22453673,0.16678,5346.38097800,1
1506596206,22453668,0.16678,571.14315500,1
1506596206,22453667,0.16679,1003.66021000,1
1506596185,22453608,0.16748,1000.00000000,0
1506596185,22453605,0.16678,3337.64450000,1
1506596180,22453590,0.16678,5346.38097800,1
1506596175,22453560,0.16678,1018.54480100,1
1506596175,22453558,0.16678,1328.40598100,1
1506596175,22453555,0.16678,371.36537667,1
1506596175,22453553,0.16685,965.42882289,1
1506596175,22453552,0.16685,964.97054531,1
1506596175,22453551,0.16686,0.00000013,1
1506596174,22453548,0.16686,3662.72964100,1
1506596108,22453290,0.16750,1488.72634470,0
1506596067,22453210,0.16686,570.97000000,1
1506596019,22453074,0.16748,100.00000000,0
1506595999,22453046,0.16686,5975.46237400,1
1506595919,22452872,0.16600,426.81491463,1
1506595919,22452871,0.16600,8376.00000000,1
1506595918,22452869,0.16600,210.60598240,1
1506595918,22452868,0.16600,600.90355436,1
1506595918,22452867,0.16600,962.99989925,0
1506595918,22452866,0.16600,225.49056399,0
1506595918,22452863,0.16600,732.69443601,0
1506595918,22452861,0.16610,3000.00000000,1
1506595917,22452859,0.16620,4800.00000000,1
1506595917,22452858,0.16620,1000.00000000,1
1506595917,22452856,0.16657,917.30556399,1
1506595916,22452854,0.16685,536.18508537,0
1506595915,22452851,0.16657,638.00000000,1
1506595913,22452847,0.16632,3534.60158637,1
1506595912,22452845,0.16660,5000.00000000,1
1506595912,22452844,0.16680,7000.00000000,1
1506595912,22452842,0.16687,450.00000000,1
1506595911,22452840,0.16700,100.00000000,1
1506595911,22452839,0.16700,1000.00000000,1
1506595911,22452838,0.16701,16261.31500000,1
1506595911,22452835,0.16740,600.00000000,1
1506595909,22452834,0.16762,1462.08341363,1
1506595896,22452810,0.16762,2573.62833840,1
1506595889,22452798,0.16762,13197.35812797,1
1506595889,22452797,0.16780,100.00000000,1
1506595889,22452796,0.16780,97.00000000,1
1506595889,22452795,0.16785,662.00000000,1
1506595889,22452792,0.16796,593.89360562,1
1506595888,22452789,0.16800,4035.71175241,1
1506595882,22452771,0.16800,1571.28824759,1
1506595882,22452770,0.16800,1190.97024571,1
1506595874,22452753,0.16800,4735.00000000,1
1506595867,22452735,0.16800,4074.02975429,1
1506595867,22452733,0.16800,2205.41666666,1
1506595867,22452732,0.16800,6864.86055105,1
1506595865,22452729,0.16800,635.13944895,1
1506595865,22452727,0.16800,2000.00000000,1
1506595865,22452726,0.16800,100.00000000,1
1506595865,22452725,0.16800,941.19424700,1
1506595865,22452724,0.16810,45.73037405,1
1506595863,22452721,0.16842,100.00000000,0
1506595853,22452702,0.16810,606.97634813,0
1506595851,22452701,0.16800,1164.80575300,1
1506595851,22452700,0.16800,2274.00000000,1
1506595851,22452698,0.16800,3877.00000000,1
1506595851,22452697,0.16801,300.00000000,1
1506595851,22452696,0.16802,3871.51745200,1
1506595846,22452686,0.16802,1128.48254800,1
1506595829,22452638,0.16810,843.02365187,1
1506595804,22452616,0.16810,495.53136300,1
1506595782,22452567,0.16810,4163.42000000,1
1506595781,22452566,0.16810,1000.00000000,1
1506595762,22452540,0.16811,1775.83940000,1
1506595742,22452484,0.16811,1210.68934116,1
1506595741,22452482,0.16838,154.00000000,1
1506595741,22452480,0.16850,50.00000000,1
1506595739,22452478,0.16852,2923.42152314,1
1506595734,22452463,0.16855,3000.00000000,1
1506595690,22452392,0.16857,5163.42000000,1
1506595668,22452353,0.16857,6326.97830000,1
1506595647,22452293,0.16852,552.07100000,1
1506595592,22452228,0.16943,2965.41157640,1
1506595590,22452227,0.16856,11221.99999500,0
1506595589,22452224,0.16856,1778.00000500,1
1506595570,22452205,0.16923,442.07859127,0
1506595548,22452184,0.16856,221.99999500,1
1506595381,22451946,0.16858,87.56500794,0
1506595381,22451942,0.16859,4767.75122000,1
1506595380,22451941,0.16860,2479.61377206,1
1506595380,22451940,0.16875,3232.89000000,1
1506595375,22451921,0.16860,970.39613794,0
1506595375,22451919,0.16860,2479.61376768,0
1506595374,22451917,0.16860,1829.99009438,1
1506595316,22451789,0.16900,1295.00000000,0
1506595303,22451777,0.16877,163.00000000,0
1506595281,22451765,0.16871,907.08240406,1
1506595280,22451764,0.16872,2071.62781594,1
1506595279,22451762,0.16872,3021.28978000,1
1506595201,22451687,0.16852,112.85446000,1
1506595200,22451686,0.16910,50.00000000,1
1506595159,22451642,0.16976,35.25936616,0
1506595140,22451625,0.16999,2434.37143361,0
1506595140,22451624,0.16963,247.10725000,0
1506595140,22451623,0.16963,1235.53626000,0
1506595138,22451622,0.16910,421.09592070,0
1506595110,22451553,0.16910,1463.80810171,0
1506595108,22451546,0.16870,1500.00000000,1
1506595108,22451544,0.16870,56179.42110485,0
1506595105,22451528,0.16870,1714.90853800,0
1506595104,22451517,0.16870,61212.68581183,0
1506595104,22451515,0.16869,1467.96388000,0
1506595101,22451501,0.16870,5817.00000000,0
1506595088,22451470,0.16870,100.90039800,0
1506595088,22451469,0.16869,1849.31095000,0
1506595077,22451465,0.16870,2331.29985000,0
1506595075,22451461,0.16870,77217.80308900,0
1506595075,22451460,0.16869,559.19691100,0
1506595074,22451458,0.16869,1532.80875900,0
1506595057,22451436,0.16870,11043.59638000,0
1506595056,22451435,0.16869,2513.92962000,0
1506595050,22451424,0.16870,4204.34485600,0
1506595050,22451423,0.16870,2764.37957200,0
1506595050,22451421,0.16869,150.85319000,0
1506595048,22451420,0.16847,12049.02418035,1
1506595048,22451419,0.16847,325.00968577,1
1506595048,22451418,0.16849,2865.35889319,0
1506595046,22451417,0.16862,0.00000469,1
1506595038,22451401,0.16870,3153.68705900,0
1506595024,22451389,0.16870,16560.81628900,0
1506595024,22451387,0.16869,2242.70201000,0
1506594992,22451306,0.16870,543.98678127,0
1506594990,22451302,0.16870,17912.10180300,0
1506594990,22451301,0.16869,1594.84183000,0
1506594988,22451296,0.16869,1742.95000000,0
1506594987,22451291,0.16862,1741.73545531,0
1506594983,22451279,0.16862,5403.29726200,0
1506594975,22451265,0.16847,16821.11238423,1
1506594975,22451264,0.16847,3730.10990000,0
1506594973,22451260,0.16850,200.00000000,1
1506594969,22451253,0.16862,59.16291069,0
1506594968,22451252,0.16860,797.75579821,0
1506594967,22451251,0.16860,657.17988339,1
1506594966,22451250,0.16862,100.00000000,0
1506594962,22451240,0.16862,2503.80437200,0
1506594953,22451233,0.16870,1123.56307054,0
1506594952,22451231,0.16870,8404.71768000,0
1506594952,22451230,0.16870,1677.45228328,0
1506594952,22451229,0.16869,2525.39506472,0
1506594951,22451227,0.16869,422.82515594,0
1506594947,22451219,0.16869,499.51686934,1
1506594946,22451212,0.16870,4478.16810337,0
1506594946,22451210,0.16869,436.12771963,0
1506594943,22451203,0.16869,284.73101800,0
1506594941,22451200,0.16869,656.49734503,0
1506594940,22451196,0.16861,618.47620000,1
1506594934,22451185,0.16860,1259.92821266,0
1506594932,22451183,0.16864,4822.07178734,1
1506594931,22451177,0.16870,591.28998222,0
1506594929,22451172,0.16858,2292.43439887,0
1506594929,22451170,0.16858,427.54417931,0
1506594928,22451169,0.16860,7869.57708000,1
1506594926,22451165,0.16870,654.96752847,0
1506594926,22451163,0.16870,653.16354586,1
1506594925,22451159,0.16874,1884.90402200,0
1506594920,22451154,0.16874,654.23985076,0
1506594920,22451152,0.16874,543.90007000,0
1506594916,22451140,0.16874,8086.88653200,0
1506594914,22451134,0.16874,2418.45483128,0
1506594912,22451126,0.16857,359.74821590,1
1506594911,22451123,0.16870,1863.18469700,0
1506594910,22451121,0.16870,290.00000000,1
1506594909,22451120,0.16874,1085.26000000,0
1506594907,22451118,0.16874,4388.42553000,0
1506594906,22451116,0.16874,3540.36289501,0
1506594899,22451112,0.16874,503.82400000,0
1506594899,22451110,0.16874,50.12128295,0
1506594899,22451109,0.16873,682.60889905,0
1506594898,22451106,0.16873,776.70536095,0
1506594892,22451096,0.16874,776.63749716,0
1506594880,22451078,0.16875,4786.02907000,0
1506594869,22451073,0.16875,4735.00000000,0
1506594867,22451071,0.16875,5213.97093000,0
1506594854,22451062,0.16875,600.00000000,0
1506594850,22451056,0.16875,124.13410370,0
1506594849,22451053,0.16875,100.00000000,0
1506594842,22451042,0.16875,1392.22705800,0
1506594841,22451040,0.16875,4346.42456000,0
1506594841,22451039,0.16875,2704.18679200,0
1506594827,22451027,0.16875,1067.65494000,0
1506594815,22451023,0.16888,450.00000000,1
1506594811,22451020,0.16910,1038.03175636,0
1506594755,22450978,0.16890,1897.00000000,1
1506594737,22450958,0.16892,2241.83891448,1
1506594685,22450925,0.16900,1000.00000000,1
1506594685,22450924,0.16900,100.00000000,1
1506594685,22450923,0.16900,3544.37500000,1
1506594674,22450911,0.16901,359.60000000,1
1506594559,22450683,0.16902,3549.34494070,1
1506594559,22450682,0.16902,2000.00000000,1
1506594520,22450627,0.16931,3675.27396007,0
1506594518,22450620,0.16931,294.57982399,0
1506594513,22450607,0.16901,3248.47665459,1
1506594513,22450606,0.16901,892.78000000,1
1506594492,22450558,0.16901,107.22000000,1
1506594430,22450452,0.16932,966.70240810,1
1506594414,22450412,0.16932,2759.30781900,1
1506594394,22450365,0.16932,3019.50000000,1
1506594386,22450326,0.16932,2349.12408190,1
1506594359,22450266,0.16932,2465.41289100,1
1506594356,22450264,0.16999,397.99294076,0
1506594354,22450261,0.16989,188.88437523,0
1506594351,22450252,0.16932,2000.00000000,1
1506594332,22450195,0.16932,3500.00000000,1
1506594329,22450181,0.16969,1000.00000000,1
1506594329,22450179,0.16969,600.00000000,1
1506594323,22450165,0.17000,10217.63563912,0
1506594322,22450164,0.17000,1000.00000000,1
1506594322,22450163,0.17000,4000.00000000,1
1506594322,22450162,0.17000,1010.00000000,1
1506594322,22450161,0.17000,3000.00000000,1
1506594322,22450160,0.17000,1890.40037684,1
1506594320,22450156,0.17000,1500.17320720,1
1506594303,22450090,0.17002,2314.69738400,0
1506594286,22450019,0.17000,2709.42641596,1
1506594286,22450017,0.17000,1040.00000000,1
1506594286,22450016,0.17000,250.00000000,1
1506594285,22450015,0.17000,2036.83331104,1
1506594284,22450010,0.17000,312.16668896,1
1506594284,22450008,0.17000,250.00000000,1
1506594284,22450007,0.17000,7500.00000000,1
1506594283,22450006,0.17000,15156.04253404,1
1506594281,22449999,0.17000,4737.18520125,1
1506594257,22449947,0.17000,5947.42584900,1
1506594255,22449945,0.17000,1250.00000000,1
1506594241,22449928,0.17000,2909.34641571,1
1506594241,22449927,0.17000,1000.00000000,1
1506594241,22449926,0.17000,1000.00000000,1
1506594241,22449925,0.17000,200.00000000,1
1506594241,22449924,0.17000,1000.00000000,1
1506594241,22449923,0.17000,1600.00000000,1
1506594241,22449922,0.17000,475.60000000,1
1506594241,22449921,0.17000,11827.74030529,1
1506594240,22449920,0.17000,315.00000000,1
1506594240,22449919,0.17000,382.00000000,1
1506594240,22449918,0.17000,320.00000000,1
1506594240,22449917,0.17000,882.00000000,1
1506594240,22449916,0.17001,1000.00000000,1
1506594238,22449914,0.17006,1000.00000000,1
1506594216,22449866,0.17007,141.50000000,1
1506594207,22449850,0.17007,8349.42206200,0
1506594205,22449847,0.17010,2289.10382900,1
1506594190,22449813,0.17010,7132.67395100,1
1506594190,22449812,0.17015,203.00000000,1
1506594188,22449807,0.17018,859.32604900,1
1506594184,22449789,0.17018,8700.00000000,1
1506594182,22449787,0.17018,7414.50873100,1
1506594179,22449780,0.17056,719.84821379,1
1506594179,22449779,0.17060,200.00000000,1
1506594177,22449774,0.17082,1308.59725348,1
1506594174,22449766,0.17082,137.14341692,1
1506594169,22449760,0.17082,3762.85646600,1
1506594161,22449744,0.17082,96.54893200,1
1506594159,22449738,0.17101,213.21040423,1
1506594156,22449725,0.17101,2141.78959577,0
1506594155,22449724,0.17082,1168.48563100,1
1506594138,22449680,0.17084,3328.62679319,1
1506594138,22449679,0.17090,450.00000000,1
1506594138,22449678,0.17100,7.15619981,1
1506594134,22449673,0.17100,0.00000037,1
1506594134,22449671,0.17101,2142.86050063,1
1506594132,22449668,0.17101,2857.13949937,0
1506594108,22449633,0.17101,1.42932567,1
1506594105,22449627,0.17101,2858.56882504,1
1506594102,22449620,0.17101,2140.00184929,0
1506594096,22449616,0.17100,2492.84379982,1
1506594095,22449615,0.17100,11819.51812866,1
1506594092,22449613,0.17101,2857.99900103,1
1506594089,22449607,0.17101,2142.00099897,1
1506594089,22449606,0.17102,2855.50000000,1
1506594088,22449605,0.17102,0.49985135,1
1506594084,22449601,0.17102,999.50014865,1
1506594084,22449599,0.17104,0.16782830,1
1506594080,22449589,0.17104,335.65585366,1
1506594077,22449580,0.17104,16552.66550804,1
1506594074,22449576,0.17109,0.14553097,1
1506594072,22449571,0.17109,4999.85446903,1
1506594072,22449570,0.17112,0.14547253,1
1506594071,22449567,0.17112,407.81385426,1
1506593793,22449306,0.17112,4843.07065217,1
1506593761,22449287,0.17112,1000.00000000,1
1506593761,22449285,0.17130,1000.00000000,1
1506593758,22449284,0.17133,950.60946633,1
1506593737,22449266,0.17245,930.83076699,0
1506593736,22449262,0.17246,955.53792619,0
1506593647,22449193,0.17168,3473.55451400,0
1506593646,22449187,0.17168,1599.63727300,1
1506593628,22449173,0.17322,5757.94406604,0
1506593582,22449106,0.17159,177.91000000,1
1506593546,22449037,0.17153,8520.25790200,1
1506593397,22448731,0.17252,3934.64882170,1
1506593397,22448729,0.17252,636.95224000,1
1506593396,22448726,0.17252,1210.27930000,0
1506593386,22448701,0.17190,2326.00000000,1
1506593314,22448613,0.17194,630.54705400,1
1506593314,22448610,0.17250,141.50000000,1
1506593170,22448480,0.17293,1154.51254871,0
1506592921,22448332,0.17323,287.88316111,0
1506592890,22448321,0.17330,358.13698788,0
1506592890,22448320,0.17284,5004.94484466,0
1506592888,22448318,0.17282,5754.69317000,0
1506592873,22448283,0.17230,5000.00000000,1
1506592834,22448256,0.17296,194.86256938,0
1506592833,22448253,0.17265,163.00000000,0
1506592760,22448174,0.17312,9473.34737794,0
1506592760,22448173,0.17252,1000.00000000,0
1506592758,22448172,0.17230,3954.92421000,0
1506592314,22447965,0.17252,115.63946209,0
1506592103,22447842,0.17181,229.37100000,1
1506592096,22447839,0.17318,298.37437900,0
1506592092,22447837,0.17184,5000.00000000,0
1506592074,22447829,0.17184,647.99926000,0
1506592061,22447814,0.17185,647.00779288,0
1506592061,22447813,0.17185,2249.05439400,0
1506592060,22447811,0.17185,3934.44082300,0
1506592059,22447810,0.17185,6075.28262100,0
1506592059,22447809,0.17185,2388.79558800,0
1506592057,22447807,0.17185,5199.80741404,0
1506592057,22447806,0.17185,8396.49700000,1
1506592057,22447805,0.17188,12885.73544000,1
1506592057,22447804,0.17189,974.05578000,1
1506592055,22447803,0.17188,108.00000000,1
1506592053,22447802,0.17200,500.00000000,1
1506592013,22447737,0.17220,700.00000000,1
1506591942,22447712,0.17250,416.75349000,0
1506591937,22447709,0.17250,287.42068487,1
1506591936,22447708,0.17250,100.00000000,1
1506591936,22447707,0.17250,275.00000000,1
1506591923,22447702,0.17251,50.00000000,1
1506591919,22447700,0.17252,9344.95016800,0
1506591915,22447699,0.17252,200.00000000,1
1506591871,22447683,0.17254,1292.69067000,1
1506591829,22447655,0.17331,70.32656909,0
1506591829,22447654,0.17308,1053.18993446,0
1506591827,22447653,0.17294,605.73371369,0
1506591826,22447651,0.17254,613.84545000,1
1506591808,22447629,0.17294,606.03661000,1
1506591776,22447587,0.17330,30.39140219,0
1506591651,22447484,0.17331,1672.08206500,0
1506591641,22447479,0.17294,386.00000000,0
1506591595,22447384,0.17344,1150.30268089,0
1506591594,22447380,0.17343,1725.00000000,1
1506591591,22447353,0.17345,1150.18737388,0
1506591477,22447192,0.17290,2207.99999996,1
1506591477,22447191,0.17295,450.00000000,1
1506591477,22447189,0.17310,2237.00000000,1
1506591476,22447187,0.17349,0.24869904,1
1506591440,22447120,0.17349,497.38978176,1
1506591409,22447086,0.17434,171.56000000,0
1506591075,22446929,0.17408,1432.47179457,0
1506591029,22446912,0.17331,2182.39445000,1
1506591029,22446911,0.17360,5700.00000000,1
1506591029,22446910,0.17361,3046.06955000,1
1506591029,22446909,0.17361,1091.70000000,1
1506591021,22446896,0.17362,9923.95981900,1
1506591016,22446891,0.17465,735.92138563,0
1506590982,22446825,0.17406,2865.40911180,0
1506590973,22446824,0.17361,1350.50000000,1
1506590927,22446813,0.17361,57.80000000,1
1506590872,22446788,0.17418,286.31300953,0
1506590839,22446769,0.17332,1302.58000000,1
1506590838,22446767,0.17331,1293.26530494,1
1506590550,22446520,0.17427,286.16514603,0
1506590513,22446499,0.17379,99.01392485,0
1506590513,22446498,0.17379,286.98607515,0
1506590391,22446424,0.17455,285.73652249,0
1506590327,22446381,0.17364,3644.33087450,1
1506590304,22446355,0.17468,2855.23877948,0
1506590300,22446351,0.17360,6988.41506100,0
1506590298,22446349,0.17360,3432.00000000,1
1506590298,22446348,0.17360,600.00000000,1
1506590297,22446345,0.17430,160.24193919,0
1506590188,22446264,0.17468,230.20116784,1
1506590186,22446263,0.17365,5800.00000000,0
1506590094,22446148,0.17465,57.08559977,0
1506589935,22445998,0.17371,210.88499121,1
1506589934,22445997,0.17372,1972.79000000,1
1506589861,22445962,0.17368,1223.00000000,1
1506589844,22445959,0.17366,327.10052390,1
1506589843,22445957,0.17400,538.89947610,1
1506589791,22445906,0.17470,285.46084235,0
1506589596,22445739,0.17400,830.25656700,1
1506589549,22445670,0.17400,630.84395690,1
1506589549,22445669,0.17400,652.35186910,1
1506589526,22445650,0.17461,571.27312295,0
1506589488,22445608,0.17467,571.07688784,0
1506589441,22445579,0.17400,547.64813090,1
1506589439,22445578,0.17438,21.86186910,1
1506589423,22445572,0.17438,196.75682190,1
1506589364,22445517,0.17438,2395.38130900,1
1506589360,22445514,0.17475,2395.20858369,0
1506589358,22445510,0.17474,2425.52140323,1
1506589358,22445508,0.17474,887.61411240,0
1506589351,22445506,0.17438,386.00000000,0
1506589183,22445253,0.17477,40.00000000,0
1506588908,22444956,0.17500,9732.76508199,1
1506588908,22444954,0.17500,3907.56100100,1
1506588900,22444947,0.17500,1339.74106000,1
1506588899,22444946,0.17500,11864.07900000,0
1506588899,22444945,0.17500,19715.84100000,0
1506588831,22444869,0.17504,2000.00000000,0
1506588739,22444807,0.17515,569.51538681,0
1506588661,22444741,0.17516,2837.61184060,0
1506588661,22444740,0.17515,1591.77156000,0
1506588659,22444739,0.17503,450.00000000,0
1506588659,22444738,0.17503,816.47629398,0
1506588600,22444693,0.17503,210.88499114,0
1506588581,22444682,0.17503,284.95292236,0
1506588452,22444603,0.17501,1493.32398149,0
1506588431,22444584,0.17502,8195.24630063,0
1506588414,22444579,0.17502,1455.10530225,0
1506588412,22444578,0.17500,442.84020143,0
1506588405,22444576,0.17500,557.15979857,0
1506588405,22444575,0.17500,583.33695906,0
1506588381,22444567,0.17493,1947.47264620,0
1506588379,22444566,0.17492,3412.90000000,0
1506588357,22444538,0.17493,250.00000000,0
1506588343,22444518,0.17428,0.00000007,0
1506588337,22444515,0.17428,866.63003800,0
1506588262,22444460,0.17428,5625.86996193,0
1506588262,22444459,0.17428,4374.13003807,0
1506588226,22444444,0.17428,572.35838880,0
1506588168,22444407,0.17428,4787.02173600,0
1506588167,22444406,0.17428,2926.30140000,0
1506588166,22444401,0.17428,4228.67762713,0
1506588166,22444400,0.17400,173.10984684,0
1506588166,22444399,0.17380,544.70095303,0
1506588164,22444398,0.17380,900.00000000,0
1506588146,22444395,0.17380,207.33983600,0
1506588110,22444373,0.17380,315.55172612,0
1506588071,22444357,0.17380,2474.17185000,0
1506588006,22444330,0.17380,2793.57089500,0
1506588006,22444329,0.17378,4160.53046000,0
1506588006,22444328,0.17356,11.43264500,0
1506588006,22444327,0.17321,245.00000000,0
1506587871,22444218,0.17378,16287.76735500,1
1506587851,22444210,0.17378,35000.00000000,1
1506587837,22444198,0.17378,2068.73808300,1
1506587813,22444160,0.17380,220.31070195,0
1506587752,22444101,0.17378,4978.31358500,1
1506587744,22444092,0.17378,3519.56219700,1
1506587740,22444088,0.17378,1958.16157000,1
1506587729,22444084,0.17378,163.79178200,1
1506587715,22444059,0.17378,3817.60923300,1
1506587711,22444024,0.17378,660.09337300,1
1506587711,22444021,0.17378,260.71524700,1
1506587711,22444019,0.17379,573.96858000,1
1506587660,22443964,0.17379,9957.59955000,0
1506587633,22443932,0.17379,11003.51795000,0
1506587621,22443915,0.17378,1183.43552000,1
1506587621,22443914,0.17378,7192.70690500,1
1506587620,22443911,0.17378,2243.52769000,1
1506587618,22443903,0.17377,2665.57746000,0
1506587589,22443874,0.17378,430.50385545,0
1506587461,22443743,0.17370,1148.53195164,0
1506587436,22443713,0.17266,1030.00000000,1
1506587295,22443543,0.17359,8536.17389694,0
1506587212,22443471,0.17309,245.00000000,0
1506586820,22443233,0.17250,225.00000000,1
1506586645,22443139,0.17300,1075.00000000,1
1506586596,22443113,0.17368,11251.15154306,0
1506586545,22443047,0.17300,500.00000000,1
1506586530,22443031,0.17334,863.19331949,0
1506586447,22442888,0.17300,1000.00000000,1
1506586310,22442780,0.17347,5750.88338041,0
1506586164,22442689,0.17380,197.44311001,0
1506586164,22442688,0.17295,450.00000000,0
1506586163,22442687,0.17291,473.26063000,0
1506586163,22442686,0.17291,2366.30317000,0
1506586163,22442685,0.17249,999.50024987,0
1506586162,22442683,0.17240,1200.49974967,0
1506586130,22442667,0.17240,6073.95684800,0
1506586127,22442663,0.17240,1000.00000000,0
1506586124,22442656,0.17240,200.00000000,0
1506586120,22442655,0.17240,1000.00000000,0
1506586119,22442654,0.17240,550.34127587,0
1506586119,22442653,0.17170,449.65872413,0
1506586018,22442577,0.17170,200.00000000,0
1506585987,22442562,0.17170,677.15075000,0
1506585979,22442554,0.17170,55.32032620,0
1506585958,22442536,0.17170,840.30900000,0
1506585955,22442535,0.17170,2158.25618200,0
1506585948,22442531,0.17170,1527.63622318,0
1506585948,22442530,0.17169,694.80257682,0
1506585942,22442528,0.17169,1301.53489800,0
1506585942,22442527,0.17168,2983.70290000,0
1506585918,22442517,0.17168,582.74291300,0
1506585887,22442499,0.17100,2385.48970000,0
1506585883,22442497,0.17100,200.00000000,0
1506585879,22442495,0.17100,2654.00000000,0
1506585845,22442471,0.17100,320.21205800,0
1506585836,22442441,0.17100,583.33695906,0
1506585824,22442438,0.17100,699.60500000,0
1506585823,22442437,0.17100,1034.71000000,0
1506585822,22442436,0.17100,618.90300000,0
1506585819,22442435,0.17100,1139.61000000,0
1506585817,22442434,0.17100,3005.16797100,0
1506585806,22442432,0.17100,1103.39778100,0
1506585760,22442409,0.17100,3159.00938500,0
1506585756,22442406,0.17100,1307.44013200,0
1506585754,22442405,0.17100,423.90754900,0
1506585712,22442332,0.17100,11804.52684700,0
1506585712,22442331,0.17099,9641.47068000,0
1506585702,22442319,0.17100,197.55040000,0
1506585699,22442317,0.17100,1294.51131300,0
1506585695,22442314,0.17100,5108.01319500,0
1506585694,22442313,0.17100,7920.76514400,0
1506585670,22442292,0.17100,246.29342000,0
1506585664,22442287,0.17100,2921.76164300,0
1506585661,22442281,0.17100,11913.64251400,0
1506585653,22442275,0.17100,806.98693700,0
1506585646,22442267,0.17121,1433.76072400,0
1506585638,22442258,0.17118,4356.13995500,0
1506585638,22442257,0.17100,650.00000000,0
1506585631,22442246,0.17056,6262.05251605,0
1506585631,22442245,0.17056,2195.58504800,0
1506585631,22442243,0.17056,1538.01031004,0
1506585630,22442240,0.17056,11596.43110600,0
1506585629,22442239,0.17056,4390.25977000,0
1506585629,22442237,0.17056,14291.22920300,0
1506585627,22442235,0.17064,439.77308638,1
1506585614,22442218,0.17082,245.00000000,0
1506585505,22442145,0.17100,150.00000000,0
1506585486,22442131,0.17064,364.73779385,1
1506585468,22442121,0.17064,1887.16703819,1
1506585424,22442108,0.17064,3830.00000000,1
1506585424,22442107,0.17064,48.00000000,1
1506585421,22442106,0.17064,10969.00000000,1
1506585420,22442104,0.17067,270.00000000,1
1506585397,22442082,0.17089,1280.64258900,0
1506585385,22442068,0.17089,3527.64614700,0
1506585366,22442051,0.17090,300.00000000,1
1506585366,22442050,0.17090,450.00000000,1
1506585366,22442049,0.17100,1000.00000000,1
1506585324,22442028,0.17103,145.76390106,0
1506585294,22442016,0.17104,5643.45830153,1
1506585259,22441998,0.17123,202.00000000,0
1506585256,22441996,0.17104,8431.50590000,1
1506585093,22441876,0.17123,58.28077551,0
1506585071,22441863,0.17124,1.63622815,0
1506585070,22441862,0.17123,4658.70357000,0
1506585051,22441858,0.17123,1974.30574656,0
1506585050,22441857,0.17105,218.41669244,0
1506584959,22441789,0.17105,31.18837456,0
1506584928,22441772,0.17104,1533.52498847,1
1506584912,22441768,0.17104,30.00000000,1
1506584910,22441766,0.17104,1250.00000000,1
1506584906,22441763,0.17105,380.39493300,1
1506584869,22441707,0.17105,300.00000000,1
1506584838,22441682,0.17105,319.60506700,1
1506584836,22441681,0.17166,828.06369305,0
1506584836,22441680,0.17150,1534.19957595,0
1506584790,22441641,0.17150,0.00011661,1
1506584788,22441637,0.17150,3399.99988339,1
1506584768,22441625,0.17168,554.17054986,0
1506584716,22441580,0.17170,1997.21933605,0
1506584714,22441579,0.17169,907.91723456,0
1506584686,22441516,0.17169,265.23005241,0
1506584676,22441506,0.17240,2280.24363946,0
1506584676,22441505,0.17240,849.86245000,1
1506584676,22441504,0.17240,4249.31224000,1
1506584676,22441503,0.17170,500.00000002,0
1506584675,22441501,0.17169,907.55920555,0
1506584484,22441381,0.17170,605.65725100,0
1506584484,22441380,0.17169,500.00000000,0
1506584440,22441321,0.17170,435.71904485,0
1506584437,22441314,0.17170,458.62370413,0
1506584435,22441312,0.17138,76.00000000,0
1506584380,22441287,0.17110,4357.64133420,1
1506584372,22441277,0.17110,227.27102070,0
1506584289,22441208,0.17110,1346.00000000,1
1506584284,22441199,0.17110,373.12902839,1
1506584284,22441197,0.17119,572.57097161,1
1506584284,22441196,0.17150,1000.00000000,1
1506584282,22441186,0.17154,399.30000000,1
1506584281,22441185,0.17211,2388.25489512,1
1506584279,22441184,0.17200,451.95055552,0
1506584277,22441178,0.17154,0.70000000,1
1506584276,22441177,0.17170,1000.00000000,1
1506584167,22441082,0.17188,0.00000023,1
1506584167,22441081,0.17190,206.55000000,1
1506584128,22441067,0.17188,19991.06400000,1
1506584103,22441060,0.17188,1808.93599977,1
1506584103,22441059,0.17190,0.00000023,1
1506584088,22441042,0.17190,7177.04748100,1
1506584074,22441030,0.17190,4591.00000000,1
1506584068,22441028,0.17190,985.93000000,1
1506583972,22440975,0.17227,900.00000000,1
1506583860,22440878,0.17238,3000.00000000,0
1506583830,22440844,0.17239,1747.85685878,0
1506583830,22440843,0.17239,4002.14314122,0
1506583798,22440823,0.17239,231.45333256,0
1506583771,22440810,0.17190,1590.00000000,1
1506583755,22440788,0.17190,9.35700000,1
1506583755,22440786,0.17191,2077.74300000,0
1506583753,22440782,0.17191,3412.90000000,1
1506583728,22440740,0.17190,2450.66310877,1
1506583728,22440738,0.17211,100.00000000,1
1506583726,22440736,0.17232,0.00005803,1
1506583721,22440728,0.17232,2549.99994197,1
1506583718,22440726,0.17240,310.00000000,0
1506583718,22440724,0.17240,5744.20510451,1
1506583714,22440711,0.17240,19122.47465201,1
1506583714,22440710,0.17249,0.00005797,1
1506583714,22440709,0.17249,999.99994203,1
1506583692,22440642,0.17250,1805.85578995,1
1506583692,22440641,0.17250,3000.00000000,1
1506583692,22440638,0.17250,1000.00000000,1
1506583692,22440635,0.17251,50.00000000,1
1506583692,22440632,0.17277,0.00000005,1
1506583670,22440572,0.17277,1952.89705700,1
1506583552,22440524,0.17321,1796.78967727,0
1506583443,22440477,0.17277,4971.59110862,1
1506583440,22440465,0.17277,4997.50124937,1
1506583424,22440453,0.17334,477.45800000,0
1506583354,22440394,0.17343,139.83094043,0
1506583352,22440393,0.17310,76.00000000,0
1506583081,22440299,0.17277,2363.66992496,1
1506583001,22440231,0.17277,658.00000000,1
1506582931,22440149,0.17350,178.24651297,0
1506582855,22440052,0.17278,550.00000000,1
1506582854,22440051,0.17295,450.00000000,1
1506582783,22439978,0.17277,1775.72000000,1
1506582782,22439977,0.17290,3857.28000000,1
1506582618,22439866,0.17296,2297.35955056,1
1506582583,22439843,0.17289,4796.62531250,1
1506582560,22439828,0.17407,1018.46846800,0
1506582545,22439798,0.17574,16324.60891089,0
1506582545,22439796,0.17503,450.00000000,0
1506582545,22439795,0.17500,810.63347000,0
1506582544,22439794,0.17415,1219.67580000,0
1506582544,22439793,0.17411,4053.16735000,0
1506582542,22439789,0.17396,1930.50000000,0
1506582349,22439645,0.17295,3786.97982812,0
1506582347,22439641,0.17295,880.63673618,0
1506582347,22439639,0.17288,76.00000000,0
1506582345,22439630,0.17295,4872.72436000,1
1506582345,22439629,0.17296,3864.22637000,1
1506582344,22439628,0.17296,3595.43270570,1
1506582109,22439457,0.17293,132.84041170,1
1506582109,22439456,0.17295,450.00000000,1
1506582109,22439455,0.17300,1170.00000000,1
1506582108,22439454,0.17311,1560.00000000,1
1506581843,22439301,0.17311,109.00000000,1
1506581658,22439192,0.17303,53.63156816,0
1506581657,22439189,0.17304,118.56999147,1
1506581613,22439166,0.17409,3845.09994830,0
1506581468,22439032,0.17314,2198.63550100,0
1506581467,22439031,0.17314,3212.65736000,0
1506581444,22439018,0.17343,1137.00000000,1
1506581442,22439017,0.17413,100.00000000,1
1506581414,22439004,0.17349,82.65000000,1
1506581367,22438975,0.17413,2201.22013800,1
1506581337,22438964,0.17413,366.77986200,1
1506581307,22438953,0.17405,432.00000000,0
1506580814,22438703,0.17344,9411.00000000,1
1506580736,22438666,0.17390,1236.01621621,0
1506580734,22438664,0.17389,484.83899969,0
1506580727,22438660,0.17393,2672.47198813,0
1506580727,22438658,0.17370,73.74325187,0
1506580477,22438508,0.17307,581.30200000,0
1506580464,22438492,0.17307,2056.01800000,0
1506580462,22438483,0.17307,555.17000000,1
1506580340,22438348,0.17321,484.83899969,1
1506580340,22438347,0.17354,672.11000000,1
1506580338,22438346,0.17355,0.00000031,1
1506580328,22438342,0.17370,287.13477260,0
1506580257,22438259,0.17355,2587.15103708,1
1506580257,22438257,0.17364,1204.80535692,1
1506580200,22438224,0.17364,277.92000000,1
1506580090,22438150,0.17370,200.00000000,1
1506580090,22438149,0.17370,4767.00000000,1
1506580090,22438148,0.17375,672.12197553,1
1506580090,22438147,0.17379,500.00000000,1
1506580084,22438145,0.17399,2346.00000000,0
1506579898,22437970,0.17375,1307.00000000,1
1506579805,22437893,0.17370,123.00000000,1
1506579795,22437876,0.17370,110.00000000,1
1506579693,22437749,0.17400,5301.21649425,0
1506579691,22437744,0.17383,432.00000000,0
1506579645,22437692,0.17366,1302.44254480,1
1506579600,22437681,0.17366,388.03912000,1
1506579483,22437660,0.17399,700.00000000,0
1506579464,22437654,0.17399,1553.97103282,0
1506579338,22437608,0.17365,240.00000000,1
1506579135,22437399,0.17364,13749.35823800,1
1506579135,22437397,0.17365,3325.00000000,1
1506579007,22437286,0.17399,500.00000000,0
1506578886,22437244,0.17399,577.60328007,0
1506578885,22437243,0.17398,1973.05988671,0
1506578721,22437123,0.17381,43.96087696,0
1506578181,22436935,0.17400,1028.57041736,1
1506578070,22436851,0.17400,16581.86077645,1
1506578056,22436850,0.17400,29684.73443752,1
1506578056,22436847,0.17401,4773.14809000,1
1506578017,22436820,0.17458,1825.10158530,0
1506577920,22436743,0.17473,285.41177817,0
1506577906,22436738,0.17478,150.29000000,1
1506577763,22436681,0.17478,796.71000000,1
1506577710,22436664,0.17543,71.64435957,0
1506577665,22436612,0.17480,3000.00000000,0
1506577484,22436473,0.17450,1080.95531200,1
1506577481,22436471,0.17427,219.00000000,0
1506577063,22436171,0.17469,2000.00000000,0
1506576777,22435983,0.17400,6845.21697800,1
1506576777,22435982,0.17401,4363.19614000,1
1506576758,22435977,0.17492,4328.90902572,1
1506576717,22435948,0.17492,247.56247100,1
1506576717,22435947,0.17492,9538.93980000,1
1506576714,22435946,0.17492,1422.31993600,1
1506576705,22435937,0.17492,1293.75688200,1
1506576673,22435912,0.17492,10685.95754300,1
1506576669,22435909,0.17492,16831.63906000,1
1506576618,22435893,0.17492,127.78783800,1
1506576604,22435866,0.17492,26807.50657005,1
1506576604,22435865,0.17492,11528.42501595,1
1506576572,22435854,0.17492,1970.06777900,1
1506576551,22435846,0.17546,519.82049680,0
1506576549,22435845,0.17519,219.00000000,0
1506576500,22435827,0.17492,3360.50000000,1
1506576469,22435814,0.17492,5679.17828000,1
1506576444,22435799,0.17492,28301.74985900,1
1506576195,22435659,0.17492,13878.01180235,1
1506576119,22435637,0.17526,1138.30874000,1
1506576092,22435636,0.17492,20291.51238100,1
1506575949,22435591,0.17492,6197.23630000,1
1506575943,22435583,0.17492,295.74790000,1
1506575942,22435581,0.17492,575.21810000,1
1506575942,22435579,0.17492,295.55860000,1
1506575940,22435578,0.17492,956.30620800,1
1506575940,22435577,0.17493,74.00000000,1
1506575914,22435568,0.17492,2990.92921000,1
1506575914,22435567,0.17493,15359.24614000,1
1506575810,22435531,0.17580,1744.40446200,0
1506575810,22435530,0.17579,4186.34240000,0
1506575772,22435515,0.17492,5420.94821000,0
1506575770,22435514,0.17490,1702.81234500,1
1506575769,22435513,0.17490,5400.00000000,0
1506575709,22435492,0.17366,394.54967738,1
1506575700,22435488,0.17506,146.07458782,0
1506575699,22435487,0.17500,461.92541218,0
1506575543,22435419,0.17479,2417.81955700,0
1506575537,22435408,0.17482,1505.00886400,0
1506575496,22435388,0.17400,150.22140000,0
1506575491,22435383,0.17400,1501.88021100,0
1506575452,22435356,0.17364,1403.52562508,1
1506575452,22435355,0.17383,5199.80741404,1
1506575452,22435354,0.17399,3614.30260000,1
1506575337,22435236,0.17503,450.00000000,1
1506575337,22435234,0.17504,4664.38928000,1
1506575217,22435152,0.17680,7052.80911713,0
1506575075,22435048,0.17640,32.96492300,1
1506575075,22435047,0.17640,5655.46488000,1
1506575075,22435046,0.17641,15360.94173000,1
1506575075,22435045,0.17700,2.52689300,1
1506575065,22435035,0.17700,1097.47310700,1
1506575062,22435032,0.17758,64.54809100,0
1506575060,22435028,0.17757,279.01688000,0
1506575046,22435012,0.17700,900.00000000,1
1506575028,22435002,0.17761,0.00000047,1
1506575019,22434995,0.17761,2000.00000000,1
1506575016,22434994,0.17761,6039.62935500,1
1506575009,22434989,0.17761,2000.00000000,1
1506574998,22434973,0.17761,465.57950000,1
1506574998,22434972,0.17763,351.73750000,1
1506574980,22434945,0.17761,2000.00000000,1
1506574980,22434944,0.17761,1358.89990600,1
1506574980,22434942,0.17761,2328.10038600,1
1506574980,22434941,0.17761,21392.66231700,1
1506574980,22434940,0.17761,1089.18000000,1
1506574979,22434939,0.17761,950.10957500,1
1506574978,22434936,0.17733,1089.18000000,0
1506574976,22434931,0.17761,15768.82453000,1
1506574974,22434928,0.17761,390.80459770,0
1506574940,22434907,0.17691,3250.00000000,1
1506574940,22434906,0.17693,402.78207000,1
1506574868,22434819,0.17782,19162.49235181,0
1506574867,22434816,0.17761,6212.26400000,0
1506574867,22434815,0.17761,2697.96385165,0
1506574860,22434808,0.17782,4737.13614835,1
1506574859,22434807,0.17762,78.89090000,0
1506574859,22434806,0.17762,394.45450000,0
1506574859,22434805,0.17713,450.00000000,0
1506574857,22434803,0.17693,1000.00000000,0
1506574857,22434802,0.17693,4577.64956296,0
1506574816,22434788,0.17661,219.00000000,0
1506574763,22434727,0.17693,4351.51125700,0
1506574724,22434683,0.17693,590.80611000,0
1506574711,22434674,0.17693,430.40830000,0
1506574697,22434666,0.17693,327.65215000,0
1506574684,22434653,0.17693,327.65215000,0
1506574671,22434637,0.17693,327.65215000,0
1506574658,22434625,0.17693,187.64852000,0
1506574646,22434583,0.17693,187.64852000,0
1506574632,22434567,0.17693,187.64852000,0
1506574614,22434557,0.17693,2.08872000,0
1506574601,22434544,0.17693,5137.24326004,0
1506574601,22434543,0.17692,275.44615000,0
1506574599,22434540,0.17683,220.23274000,0
1506574591,22434531,0.17683,347.23612000,0
1506574577,22434522,0.17683,347.23612000,0
1506574569,22434520,0.17692,85.29502000,1
1506574436,22434373,0.17683,4071.60235412,1
1506574435,22434372,0.17683,2080.50130500,1
1506574435,22434371,0.17683,6950.29697700,1
1506574435,22434370,0.17683,1009.13186600,1
1506574435,22434369,0.17683,5556.68074300,1
1506574435,22434367,0.17683,1130.52830100,1
1506574434,22434366,0.17683,2968.71104400,1
1506574434,22434365,0.17683,5715.81688600,1
1506574434,22434364,0.17683,2966.21686300,1
1506574434,22434363,0.17683,1000.00000000,1
1506574434,22434362,0.17683,147.74128000,1
1506574434,22434361,0.17683,3042.56754400,1
1506574433,22434360,0.17683,9228.08486900,1
1506574433,22434357,0.17683,738.70642000,1
1506574426,22434353,0.17685,92.62725473,0
1506574425,22434352,0.17682,155.60187000,0
1506574381,22434334,0.17689,204.94165864,0
1506574381,22434333,0.17605,8835.42502048,0
1506574381,22434331,0.17604,1177.26896000,0
1506574366,22434308,0.17605,7883.95431952,0
1506574366,22434307,0.17604,1882.05219000,0
1506574366,22434306,0.17603,1251.38699348,0
1506574360,22434305,0.17603,147.34840652,0
1506574354,22434303,0.17601,200.00000000,0
1506574354,22434302,0.17574,200.00000000,0
1506574314,22434280,0.17573,9632.34270135,0
1506574314,22434279,0.17571,288.89544000,0
1506574314,22434278,0.17516,6982.96447742,0
1506574314,22434277,0.17502,2796.68422123,0
1506574313,22434273,0.17502,2922.93577877,0
1506574280,22434250,0.17501,281.26265458,1
1506574246,22434235,0.17502,1756.96000000,0
1506574239,22434234,0.17502,623.42000000,0
1506574237,22434231,0.17501,2987.62030294,0
1506574237,22434229,0.17501,280.52939832,0
1506574211,22434201,0.17501,1409.55000000,0
1506574190,22434191,0.17501,2037.41900000,0
1506574187,22434189,0.17500,552.00000000,0
1506574184,22434187,0.17501,592.82892406,0
1506574158,22434137,0.17500,10257.38279000,0
1506574151,22434133,0.17501,500.00000000,0
1506574148,22434128,0.17501,388.10019200,1
1506574143,22434119,0.17501,747.40380600,1
1506574135,22434116,0.17501,364.49600200,1
1506574120,22434104,0.17516,9821.03311258,0
1506574120,22434103,0.17514,1716.21051000,0
1506574119,22434102,0.17501,993.67675579,0
1506574104,22434095,0.17501,241.62093594,0
1506574102,22434093,0.17500,2039.06199000,0
1506574022,22434015,0.17357,883.66269400,1
1506573979,22433928,0.17515,163.13788181,1
1506573978,22433926,0.17503,450.00000000,0
1506573978,22433925,0.17501,622.59555000,0
1506573976,22433924,0.17449,3112.97773000,0
1506573916,22433821,0.17353,1993.86160114,0
1506573899,22433773,0.17354,2553.35562597,1
1506573897,22433770,0.17357,4674.59553000,1
1506573897,22433769,0.17358,5187.36640000,1
1506573897,22433768,0.17360,3627.93890000,1
1506573891,22433748,0.17356,2341.90069800,1
1506573849,22433680,0.17304,341.00000000,0
1506573465,22433440,0.17188,7979.58310000,1
1506573465,22433439,0.17188,3670.41690000,1
1506573146,22433267,0.17175,500.00000000,1
1506572648,22433124,0.17213,2000.00000000,0
1506572440,22432961,0.17218,233.98601400,1
1506572421,22432951,0.17195,341.00000000,0
1506572358,22432924,0.17200,1000.00000000,1
1506572358,22432923,0.17201,199.99999976,1
1506572215,22432843,0.17207,4751.13528259,1
1506572193,22432827,0.17207,1074.68774237,1
1506572190,22432824,0.17207,2014.17697504,1
1506572116,22432791,0.17201,0.00000024,1
1506572116,22432790,0.17203,908.31756176,1
1506571910,22432652,0.17262,577.86247248,0
1506571853,22432611,0.17174,364.97000000,1
1506571852,22432610,0.17174,200.00000000,1
1506571796,22432541,0.17281,363.00650000,1
1506571648,22432455,0.17303,90.00000000,0
1506571635,22432450,0.17311,90.00000000,0
1506571582,22432441,0.17260,876.87256000,0
1506571580,22432440,0.17200,1566.65000000,1
1506571580,22432439,0.17200,1000.00000000,1
1506571570,22432431,0.17260,123.12744000,0
1506571543,22432426,0.17290,2960.34625000,0
1506571538,22432424,0.17293,90.00000000,0
1506571525,22432416,0.17297,410.42479000,0
1506571466,22432396,0.17188,1308.32000000,1
1506571461,22432389,0.17301,576.55985203,0
1506571453,22432383,0.17194,1196.94829000,0
1506571451,22432382,0.17194,1540.48106000,0
1506571447,22432380,0.17288,35.62065000,1
1506571445,22432378,0.17288,53.07435000,1
1506571439,22432377,0.17288,1196.94829000,1
1506571439,22432376,0.17288,530.48205000,1
1506571424,22432374,0.17279,399.74171000,0
1506571411,22432362,0.17289,399.74171000,0
1506571384,22432350,0.17311,944.05880000,0
1506571333,22432313,0.17265,1477.73934500,1
1506571332,22432312,0.17265,1268.84849500,1
1506571332,22432311,0.17269,677.30726000,1
1506571291,22432276,0.17270,4277.73004000,0
1506571265,22432258,0.17205,341.00000000,0
1506571206,22432239,0.17152,70.00000000,1
1506571163,22432232,0.17153,14.33661751,1
1506571163,22432231,0.17153,585.66338249,1
1506571111,22432201,0.17200,6683.96954174,0
1506571111,22432200,0.17196,5199.80741430,0
1506571110,22432199,0.17195,143.90008300,0
1506571110,22432197,0.17191,2523.35963000,0
1506571068,22432173,0.17191,4121.74037000,0
1506570936,22432106,0.17190,2653.44676000,0
1506570926,22432100,0.17190,2901.70372309,0
1506570920,22432088,0.17120,3020.00000000,1
1506570920,22432087,0.17120,11000.00000000,1
1506570918,22432086,0.17120,1055.43544800,1
1506570918,22432085,0.17124,6722.30147720,1
1506570917,22432083,0.17156,3650.65630000,0
1506570917,22432082,0.17157,4394.83677480,1
1506570915,22432081,0.17173,1000.00000000,1
1506570863,22432067,0.17175,607.06176498,1
1506570861,22432064,0.17190,3667.68550000,1
1506570861,22432063,0.17190,1550.25273502,1
1506570825,22432019,0.17191,2354.90000000,1
1506570799,22432014,0.17190,200.00000000,1
1506570799,22432013,0.17190,5685.03807056,1
1506570799,22432012,0.17190,8620.73490264,1
1506570797,22432009,0.17200,1157.96192944,0
1506570796,22432007,0.17190,747.97188178,1
1506570795,22432006,0.17200,1000.00000000,1
1506570795,22432005,0.17200,40.00000000,1
1506570795,22432004,0.17200,100.00000000,1
1506570795,22432003,0.17201,659.56089762,0
1506570795,22432002,0.17212,6429.46722060,1
1506570793,22432001,0.17212,18823.28391493,1
1506570793,22432000,0.17237,0.74442507,1
1506570789,22431993,0.17237,1532.78056340,1
1506570747,22431928,0.17277,1000.00000000,1
1506570697,22431894,0.17277,15823.92423900,1
1506570651,22431847,0.17277,895.45510100,1
1506570651,22431846,0.17281,1710.61256400,1
1506570650,22431844,0.17281,933.73134400,1
1506570650,22431843,0.17281,7669.45385700,1
1506570648,22431842,0.17281,7528.77917000,1
1506570648,22431839,0.17281,8705.42306500,1
1506570612,22431815,0.17282,912.26436200,1
1506570572,22431790,0.17282,264.80482700,1
1506570548,22431772,0.17281,1000.00000000,1
1506570547,22431771,0.17281,4412.00000000,1
1506570547,22431770,0.17281,1490.00000000,1
1506570547,22431769,0.17281,8000.00000000,1
1506570543,22431767,0.17290,4000.00000000,1
1506570543,22431765,0.17295,450.00000000,1
1506570542,22431763,0.17300,3000.00000000,1
1506570542,22431761,0.17300,1000.00000000,1
1506570542,22431759,0.17300,376.00000000,1
1506570536,22431758,0.17311,21062.58226341,1
1506570536,22431757,0.17311,4026.85983000,0
1506570535,22431756,0.17311,315.85024123,0
1506570517,22431749,0.17312,0.00000019,1
1506570516,22431748,0.17312,256.20492223,1
1506570511,22431743,0.17312,1500.00000000,1
1506570482,22431722,0.17312,2696.61581120,1
1506570482,22431721,0.17313,1008.70279177,1
1506570482,22431720,0.17313,603.16589403,1
1506570457,22431705,0.17313,2436.19642100,1
1506570238,22431589,0.17364,1000.00000000,1
1506570238,22431587,0.17364,5717.03514500,1
1506570209,22431570,0.17364,9734.32334500,1
1506569822,22431419,0.17364,1075.62000000,1
1506569723,22431387,0.17364,108.63073000,1
1506569721,22431386,0.17365,891.36927000,1
1506569663,22431337,0.17314,6582.55557112,1
1506569663,22431336,0.17452,3635.08006800,1
1506569662,22431335,0.17452,10689.54908400,1
1506569645,22431316,0.17452,2227.09660800,1
1506569644,22431315,0.17502,306.30800000,0
1506569643,22431313,0.17502,306.33100000,0
1506569642,22431312,0.17502,306.39300000,0
1506569602,22431289,0.17503,450.00000000,1
1506569467,22431172,0.17557,345.99999981,1
1506569329,22431121,0.17557,20030.69729300,1
1506569328,22431120,0.17557,3370.83227200,1
1506569325,22431119,0.17557,173.00000000,1
1506569320,22431115,0.17557,173.00000000,1
1506569319,22431113,0.17557,100.00000000,1
1506569314,22431110,0.17557,173.00000000,1
1506569285,22431096,0.17557,95.96474300,1
1506569284,22431095,0.17557,98.35235300,1
1506569284,22431094,0.17559,3569.90910000,1
1506569284,22431093,0.17560,1555.86799000,1
1506569283,22431092,0.17560,944.13201000,1
1506569276,22431086,0.17558,284.08900000,1
1506569203,22431068,0.17557,6169.51718200,1
1506569190,22431063,0.17557,3126.00068664,1
1506569190,22431062,0.17560,300.00000000,1
1506569190,22431061,0.17565,0.00000036,1
1506569183,22431057,0.17565,3130.97735800,1
1506569164,22431042,0.17565,29206.16900000,1
1506568473,22430886,0.17709,524.60600000,0
1506568280,22430839,0.17620,1970.40949000,0
1506568279,22430837,0.17620,10729.59051000,1
1506567933,22430759,0.17612,2000.00000000,1
1506567604,22430717,0.17574,226.00000000,1
1506564258,22429527,0.17744,3193.78866095,0
1506564258,22429526,0.17713,450.00000000,0
1506564256,22429522,0.17705,773.89873000,0
1506564072,22429424,0.17600,1843.00000000,0
1506563864,22429357,0.17545,14.75462154,0
1506563863,22429354,0.17545,211.24537846,0
1506562800,22429008,0.17468,112.75000000,1
1506562497,22428840,0.17616,113.25000000,0
1506561600,22428614,0.17504,226.00000000,1
1506560049,22428191,0.17676,1213.21114370,0
1506559966,22428164,0.17704,10217.63563912,0
1506559955,22428162,0.17712,100.00000000,0
1506559926,22428129,0.17490,760.61408000,1
1506559926,22428127,0.17490,3803.07040000,1
1506559924,22428119,0.17686,100.00000000,0
1506559924,22428118,0.17686,2193.52449161,0
1506559924,22428117,0.17685,547.36498000,0
1506559923,22428116,0.17549,2736.82488000,0
1506559923,22428115,0.17401,291.00000000,1
1506559922,22428113,0.17401,9000.00000000,0
1506559922,22428109,0.17400,500.00000000,0
1506559922,22428107,0.17369,500.00000000,0
1506559922,22428106,0.17350,240.00000000,0
1506559921,22428104,0.17320,6000.00000000,0
1506559921,22428102,0.17313,2726.37358233,0
1506559921,22428100,0.17313,273.62641767,0
1506559920,22428096,0.17312,500.00000000,1
1506559920,22428095,0.17312,2260.00000000,1
1506559920,22428094,0.17312,6428.22057157,1
1506559920,22428093,0.17312,4501.58832500,1
1506559919,22428092,0.17312,2349.12408184,1
1506559919,22428091,0.17312,1671.78770949,1
1506559919,22428090,0.17312,448.76212669,1
1506559919,22428088,0.17312,745.23787331,1
1506559919,22428086,0.17312,2000.00000000,1
1506559919,22428085,0.17312,5114.62219000,1
1506559919,22428084,0.17312,1195.11090000,1
1506559919,22428083,0.17312,229.57365826,1
1506559918,22428082,0.17312,215.27183022,1
1506559918,22428081,0.17343,1874.00000000,1
1506559918,22428080,0.17350,1028.06916426,1
1506559918,22428079,0.17362,45.67976040,1
1506559917,22428078,0.17400,100.00000000,1
1506559917,22428077,0.17400,1000.00000000,1
1506559917,22428076,0.17401,36552.76826075,1
1506559917,22428075,0.17401,42792.23173925,0
1506559916,22428074,0.17402,2676.55307000,0
1506559916,22428073,0.17402,294.31097246,0
1506559916,22428072,0.17448,11349.39557542,1
1506559916,22428071,0.17450,615.00000000,1
1506559915,22428070,0.17451,4628.53487000,1
1506559915,22428069,0.17452,533.31700000,0
1506559915,22428068,0.17470,50.99220000,1
1506559915,22428067,0.17499,3582.59280000,1
1506559914,22428065,0.17500,1602.67813733,1
1506559914,22428063,0.17500,1000.00000000,1
1506559914,22428061,0.17500,1000.00000000,1
1506559914,22428059,0.17500,1000.00000000,1
1506559913,22428056,0.17501,15736.51100000,0
1506559913,22428055,0.17503,450.00000000,1
1506559913,22428053,0.17540,11687.88263554,1
1506559911,22428052,0.17540,4780.80133446,1
1506559911,22428051,0.17542,588.07537000,1
1506559911,22428050,0.17550,1000.00000000,1
1506559910,22428049,0.17550,150.00000000,1
1506559910,22428045,0.17568,5044.88645554,1
1506559910,22428043,0.17574,2936.23684000,1
1506559908,22428038,0.17600,500.00000000,1
1506559200,22427682,0.17606,291.00000000,1
1506559071,22427644,0.17601,356.94414841,1
1506558000,22427212,0.17625,291.00000000,1
1506557992,22427207,0.17686,900.33333000,1
1506557462,22427034,0.17713,450.00000000,1
