date,tid,price,amount,type
1506643242,22490346,0.20128,2755.14608809,1
1506643201,22490309,0.20120,131.57670000,1
1506643143,22490306,0.20254,1162.54082650,1
1506643143,22490304,0.20230,3672.60165000,0
1506643143,22490303,0.20229,6781.85481300,1
1506643141,22490301,0.20172,270.00000000,0
1506642837,22490229,0.20150,2781.42533700,1
1506642786,22490199,0.20150,2218.57466300,1
1506642786,22490198,0.20150,150.00000000,1
1506642706,22490171,0.20151,15286.95137000,1
1506642508,22490113,0.20152,150.00000000,1
1506642019,22489982,0.20213,2211.66622300,1
1506642001,22489974,0.20235,112.42329895,0
1506641903,22489941,0.20268,4303.59478300,0
1506641731,22489890,0.20268,4614.88000000,0
1506641644,22489833,0.20268,3470.29015800,0
1506641587,22489819,0.20230,8691.51728500,0
1506641585,22489818,0.20230,3808.48271500,0
1506641583,22489817,0.20232,2500.00000000,1
1506641377,22489786,0.20268,15411.74740239,0
1506641370,22489784,0.20268,2692.05604897,0
1506641368,22489781,0.20268,1814.95472700,0
1506641280,22489766,0.20268,8955.08710300,0
1506641243,22489748,0.20268,285.91868955,1
1506641243,22489747,0.20269,270.00000000,1
1506641000,22489665,0.20299,300.92460500,0
1506641000,22489664,0.20284,244.00000000,0
1506640865,22489600,0.20300,426.32500000,1
1506640748,22489584,0.20300,190.67500000,1
1506640289,22489449,0.20314,79.32400797,0
1506640159,22489432,0.20223,457.82586242,1
1506639668,22489279,0.20354,2112.90532573,0
1506639668,22489278,0.20353,443.52007000,1
1506639668,22489277,0.20353,2217.60036000,1
1506639668,22489276,0.20353,7236.49000400,0
1506639666,22489275,0.20284,244.00000000,0
1506638753,22488978,0.20200,7896.28038000,1
1506638753,22488977,0.20202,6488.71962000,1
1506638752,22488976,0.20223,270.00000000,1
1506638445,22488841,0.20388,349.14837316,1
1506638443,22488840,0.20319,99.00000000,0
1506638345,22488824,0.20419,2076.41138156,0
1506638050,22488729,0.20445,102.59178527,0
1506637738,22488635,0.20340,30.00000000,1
1506637657,22488591,0.20340,2009.71416000,1
1506637642,22488583,0.20340,120.14292000,1
1506637597,22488550,0.20481,243.68917533,1
1506637596,22488549,0.20365,2203.99278300,0
1506637497,22488530,0.20279,165.00000000,1
1506637391,22488506,0.20268,31.51720000,1
1506637386,22488497,0.20500,122145.64001404,0
1506637386,22488496,0.20499,15907.13939300,1
1506637386,22488495,0.20499,15822.43903200,0
1506637385,22488494,0.20498,7081.37500000,1
1506637385,22488492,0.20410,30.00000000,0
1506637385,22488491,0.20400,258.79807692,0
1506637384,22488490,0.20397,84.52572000,0
1506637384,22488489,0.20357,200.00939000,1
1506637383,22488488,0.20357,1000.04695000,1
1506637383,22488487,0.20320,546.20578000,0
1506637383,22488485,0.20300,9169.29978250,0
1506637381,22488484,0.20259,99.00000000,0
1506637109,22488389,0.20300,1172.60159800,0
1506637109,22488388,0.20299,270.00000000,0
1506636423,22488172,0.20300,31317.63500000,0
1506636420,22488162,0.20300,4601.75805300,0
1506636420,22488161,0.20299,1122.52113000,0
1506636420,22488160,0.20254,99.00000000,0
1506636002,22488019,0.20268,270.00000000,0
1506636000,22488017,0.20184,255.61418000,1
1506635879,22487963,0.20269,270.00000000,0
1506635579,22487850,0.20300,13738.70556650,0
1506635579,22487849,0.20299,1729.81606000,0
1506635579,22487848,0.20289,8636.01620500,1
1506635579,22487847,0.20266,1474.94900000,1
1506635577,22487846,0.20266,270.00000000,0
1506635533,22487812,0.20269,63.03694533,1
1506635533,22487811,0.20269,270.00000000,1
1506635357,22487684,0.20296,5107.98617800,1
1506635357,22487683,0.20236,2901.21251000,0
1506635356,22487679,0.20235,2820.73705000,1
1506635356,22487678,0.20235,270.00000000,1
1506635355,22487677,0.20235,8900.06426200,0
1506634986,22487508,0.20161,40.38581400,1
1506634732,22487239,0.20281,447.57684532,0
1506634673,22487206,0.20199,1264.23402566,0
1506634573,22487171,0.20161,270.00000000,0
1506634491,22487153,0.20122,282.65206993,0
1506634415,22487114,0.20099,1583.65985780,1
1506634415,22487112,0.20130,5468.94044394,1
1506633127,22486509,0.20139,55.31155000,0
1506633113,22486494,0.20139,4000.00000000,0
1506633044,22486453,0.20144,3428.00000000,0
1506633031,22486442,0.20144,270.00000000,0
1506633027,22486434,0.20145,270.00000000,1
1506632988,22486411,0.20141,2757.70738000,1
1506632975,22486404,0.20139,270.00000000,1
1506632948,22486398,0.20148,270.00000000,1
1506632933,22486393,0.20146,2500.00000000,0
1506632915,22486380,0.20254,188.41730028,0
1506632915,22486379,0.20253,8987.51597000,1
1506632913,22486378,0.20145,0.67434000,0
1506632890,22486370,0.20145,1760.00000000,0
1506632883,22486367,0.20146,270.00000000,1
1506632791,22486341,0.20138,3517.46150000,1
1506632743,22486300,0.20215,10060.75481652,0
1506632510,22486165,0.20225,1313.35851668,1
1506632509,22486164,0.20179,296.00000000,0
1506632286,22485981,0.20148,6353.18335000,1
1506632286,22485980,0.20149,15539.28587000,1
1506632175,22485948,0.20211,270.00000000,1
1506632173,22485947,0.20211,2705.01353100,1
1506632171,22485945,0.20209,270.00000000,0
1506632157,22485926,0.20130,0.00000043,0
1506632156,22485924,0.20130,1057.31468800,0
1506632156,22485923,0.20130,4401.60620600,0
1506632129,22485914,0.20130,4911.30409300,0
1506632104,22485909,0.20129,2214.72462000,0
1506632088,22485904,0.20129,10370.22498700,0
1506632000,22485843,0.20129,1613.78880000,1
1506631999,22485838,0.20129,1389.29100000,0
1506631881,22485796,0.20130,937.30000000,0
1506631881,22485795,0.20120,221.00000000,0
1506631654,22485689,0.20146,2378.41426333,0
1506631653,22485688,0.20151,5845.57395000,1
1506631653,22485687,0.20152,2507.28277000,1
1506631367,22485567,0.20135,6201.98914000,1
1506631166,22485439,0.20266,280.55783085,0
1506631066,22485385,0.20229,2350.45104300,0
1506631066,22485384,0.20220,270.00000000,0
1506630879,22485282,0.20240,95.00000000,0
1506630848,22485269,0.20251,5100.00000000,0
1506630730,22485230,0.20209,873.08727400,0
1506630606,22485190,0.20193,1131.44560758,0
1506630537,22485139,0.20225,2219.42051916,0
1506630400,22485091,0.20206,0.00000034,1
1506630328,22485075,0.20206,23039.20043000,1
1506630320,22485072,0.20206,16000.00000000,1
1506630218,22485019,0.20206,501.00000000,1
1506630185,22485011,0.20304,2381.26615721,1
1506630185,22485010,0.20304,1242.78600000,1
1506630183,22485006,0.20214,68.65630000,0
1506630178,22485005,0.20208,1469.26167000,0
1506630177,22485003,0.20207,521.16831000,1
1506630156,22484997,0.20206,123690.04516153,0
1506630156,22484996,0.20200,500.00000000,0
1506630156,22484995,0.20180,11149.75842419,0
1506630156,22484994,0.20173,2675.68654000,0
1506630156,22484993,0.20165,2785.02378621,0
1506630156,22484992,0.20132,221.00000000,0
1506630061,22484901,0.20099,1416.34014220,1
1506629777,22484783,0.20077,170.73963700,1
1506629776,22484782,0.20090,270.00000000,1
1506629404,22484488,0.20165,59.34857000,0
1506629247,22484425,0.20077,376.47436700,1
1506629228,22484419,0.20077,1577.45251700,1
1506629227,22484418,0.20080,499.00000000,1
1506629058,22484325,0.20078,54.22343300,1
1506629026,22484302,0.20180,8146.24157581,0
1506629026,22484301,0.20179,4955.02168000,0
1506629024,22484297,0.20133,221.00000000,0
1506628800,22484131,0.20085,153.17125000,1
1506628724,22484090,0.20060,4413.00000000,0
1506628724,22484089,0.20065,2500.00000000,0
1506628722,22484088,0.20077,270.00000000,1
1506628722,22484087,0.20077,2500.00000000,1
1506628635,22484055,0.20120,1462.28628500,1
1506628539,22484005,0.20134,72.82874739,0
1506628263,22483892,0.20178,1070.00000000,0
1506628151,22483841,0.20039,13230.00000000,1
1506628151,22483840,0.20039,2500.00000000,1
1506628151,22483839,0.20091,270.00000000,1
1506627916,22483720,0.20167,238.15095200,0
1506627884,22483708,0.20171,2319.30742155,1
1506627604,22483561,0.20171,59.34268600,0
1506627508,22483511,0.20171,13881.86359357,0
1506627304,22483400,0.20104,2506.11247400,0
1506627304,22483399,0.20103,270.00000000,0
1506627127,22483317,0.20151,288.29324673,1
1506627125,22483315,0.20127,270.00000000,0
1506626952,22483081,0.20020,2209.55679490,1
1506626931,22483055,0.20016,0.44971352,0
1506626863,22483002,0.20016,6251.00000000,0
1506626799,22482978,0.20016,1046.54426459,0
1506626793,22482977,0.20016,299.01079137,0
1506626780,22482968,0.20016,2640.58504300,0
1506626559,22482793,0.20000,9016.27522933,0
1506626559,22482792,0.20000,10000.00000000,0
1506626559,22482791,0.20000,10000.00000000,0
1506626559,22482790,0.20000,10000.00000000,0
1506626559,22482789,0.20000,10000.00000000,0
1506626558,22482788,0.20000,10000.00000000,0
1506626558,22482787,0.20000,10000.00000000,0
1506626558,22482786,0.20000,10000.00000000,0
1506626557,22482785,0.19912,5894.45170000,1
1506626557,22482784,0.19920,600.00000000,1
1506626556,22482783,0.19931,68.65630000,1
1506626556,22482782,0.19933,1000.00000000,1
1506626556,22482781,0.19940,600.00000000,1
1506626556,22482780,0.19947,5000.00000000,1
1506626556,22482779,0.19952,8836.89200000,1
1506626556,22482778,0.19952,2500.00000000,1
1506626538,22482762,0.19957,54.22343300,1
1506626518,22482749,0.20000,2500.00000000,0
1506626514,22482746,0.20000,2168.55390000,1
1506626514,22482745,0.20000,2168.55390000,1
1506626514,22482744,0.20004,2500.00000000,1
1506626514,22482743,0.20008,270.00000000,1
1506626470,22482724,0.20000,2168.55392000,0
1506626468,22482723,0.20000,100.00000000,1
1506626468,22482722,0.20000,15307.40000000,1
1506626468,22482721,0.20000,300.00000000,1
1506626468,22482720,0.20010,30.00000000,1
1506626468,22482719,0.20014,2500.00000000,1
1506626468,22482718,0.20015,2324.04608000,1
1506626467,22482717,0.20015,2500.00000000,1
1506626467,22482716,0.20026,270.00000000,1
1506625941,22482381,0.20140,2253.55178749,0
1506625916,22482369,0.20039,676.16445900,1
1506625806,22482340,0.20111,144.00000000,1
1506625805,22482339,0.20146,59.42221800,0
1506625656,22482272,0.20133,130.00000000,0
1506625549,22482182,0.20027,2040.31617000,1
1506625549,22482181,0.20028,1023.68383000,1
1506625547,22482180,0.20029,270.00000000,1
1506625547,22482179,0.20029,2500.00000000,1
1506625474,22482153,0.20060,4704.58782374,1
1506625458,22482148,0.20060,54.37158500,1
1506625329,22482088,0.20187,1006.39373061,0
1506625210,22481981,0.20167,59.34857000,0
1506625201,22481967,0.20060,236.04309000,1
1506625200,22481966,0.20061,270.00000000,1
1506625185,22481949,0.20062,5819.51126784,1
1506625185,22481948,0.20090,1138.14652988,1
1506625185,22481947,0.20107,270.00000000,1
1506624855,22481745,0.20099,1499.00000000,0
1506624808,22481716,0.20100,270.00000000,0
1506624804,22481711,0.20100,8263.88491000,0
1506624803,22481708,0.20100,1500.00000000,1
1506624803,22481707,0.20100,1000.00000000,1
1506624803,22481706,0.20100,54894.35217100,1
1506624803,22481705,0.20101,10000.00000000,1
1506624803,22481703,0.20102,1534.00000000,1
1506624803,22481702,0.20106,14823.33563000,1
1506624803,22481701,0.20107,1000.00000000,1
1506624803,22481699,0.20129,270.00000000,1
1506624009,22481173,0.20244,58.95690700,0
1506623710,22481020,0.20257,14735.69630251,0
1506623525,22480899,0.20103,0.39748000,1
1506623525,22480898,0.20104,3995.14903000,1
1506623511,22480892,0.20102,5130.07536000,1
1506623497,22480884,0.20102,209.00000000,1
1506623497,22480883,0.20102,270.00000000,1
1506623439,22480839,0.20104,1808.00744000,0
1506623411,22480833,0.20104,270.00000000,0
1506623174,22480714,0.20100,5105.64782900,1
1506623174,22480713,0.20101,9946.07046100,1
1506623174,22480712,0.20102,3014.00000000,1
1506623174,22480711,0.20103,270.00000000,1
1506623164,22480701,0.20200,1980.19644170,1
1506623031,22480662,0.20225,31187.82635352,0
1506623030,22480661,0.20186,8733.04600000,0
1506623030,22480660,0.20184,6381.85600000,0
1506623030,22480659,0.20181,7094.25000000,0
1506623028,22480658,0.20141,565.00000000,0
1506622937,22480627,0.20101,53.92953900,1
1506622931,22480623,0.20102,4827.00000000,1
1506622608,22480475,0.20102,1193.85864300,1
1506622608,22480474,0.20110,30.00000000,1
1506622608,22480473,0.20114,270.00000000,1
1506622283,22480298,0.20190,1545.00000000,1
1506622203,22480254,0.20291,58.99758500,0
1506622122,22480220,0.20192,270.00000000,1
1506622004,22480111,0.20284,300.00000000,1
1506621862,22480012,0.20174,53.61246000,1
1506621828,22480004,0.20284,1978.00000000,0
1506621828,22480003,0.20284,270.00000000,0
1506621719,22479964,0.20300,2005.75884100,1
1506621718,22479963,0.20300,1227.21373100,1
1506621690,22479951,0.20300,1113.02742800,1
1506621688,22479950,0.20234,565.00000000,0
1506621601,22479871,0.20190,7.24995000,1
1506621601,22479869,0.20214,68.18253000,1
1506621600,22479868,0.20215,270.00000000,1
1506621442,22479775,0.20334,1487.58088700,0
1506621442,22479774,0.20334,10000.00000000,0
1506621437,22479771,0.20339,1719.94097700,1
1506621436,22479770,0.20339,10000.00000000,1
1506621435,22479769,0.20339,1823.27903000,1
1506621434,22479768,0.20339,21858.68336700,1
1506621433,22479767,0.20339,1702.47940300,1
1506621433,22479766,0.20339,2448.80876200,1
1506621432,22479765,0.20339,7811.63045500,1
1506621431,22479764,0.20339,8860.25500000,1
1506621430,22479763,0.20337,6541.47200000,0
1506621430,22479762,0.20335,7158.33178000,0
1506621430,22479761,0.20333,7811.61356600,0
1506621430,22479760,0.20333,9340.51200000,0
1506621149,22479479,0.20250,2297.99031348,0
1506621148,22479478,0.20250,1301.31293827,0
1506621101,22479415,0.20230,4601.95924212,1
1506620978,22479306,0.20318,2702.06127571,0
1506620976,22479304,0.20317,14673.56733000,0
1506620959,22479294,0.20319,1000.00000000,1
1506620911,22479271,0.20374,209.89899100,0
1506620836,22479230,0.20389,1692.76153808,0
1506620836,22479229,0.20389,290.66443180,0
1506620835,22479228,0.20388,270.00000000,0
1506620795,22479215,0.20350,10000.00000000,0
1506620714,22479162,0.20318,7500.00000000,1
1506620714,22479161,0.20319,2500.00000000,1
1506620697,22479137,0.20300,0.00002600,0
1506620696,22479136,0.20300,9717.35550000,0
1506620691,22479134,0.20300,282.64447400,0
1506620650,22479101,0.20398,475.77001568,0
1506620635,22479056,0.20242,10000.00000000,1
1506620598,22479021,0.20239,5096.95768903,1
1506620598,22479020,0.20300,2403.04231097,1
1506620597,22479019,0.20322,2500.00000000,1
1506620532,22478970,0.20432,49.21129355,0
1506620476,22478950,0.20300,4831.48960000,0
1506620474,22478949,0.20300,10604.25520000,0
1506620473,22478948,0.20320,23960.00000000,1
1506620473,22478947,0.20321,10604.25520000,1
1506620410,22478917,0.20404,58.56751500,0
1506619814,22478531,0.20510,6283.60981248,1
1506619795,22478522,0.20510,600.00000000,1
1506619783,22478513,0.20510,600.00000000,1
1506619775,22478509,0.20510,2753.98000000,1
1506619685,22478426,0.20540,600.00000000,0
1506619685,22478425,0.20520,35.00000000,0
1506619685,22478424,0.20520,600.00000000,0
1506619685,22478422,0.20510,35.00000000,0
1506619685,22478421,0.20510,30.00000000,0
1506619632,22478391,0.20505,10952.57590000,1
1506619632,22478390,0.20506,14047.42410000,1
1506619617,22478374,0.20504,1168.00000000,1
1506619595,22478356,0.20500,5000.00000000,0
1506619595,22478355,0.20498,1190.07157000,0
1506619550,22478321,0.20504,10000.00000000,1
1506619539,22478317,0.20502,3000.00000000,1
1506619538,22478316,0.20503,1122.00000000,1
1506619527,22478310,0.20501,67.69502000,0
1506619526,22478307,0.20500,31304.00000000,0
1506619526,22478306,0.20500,600.00000000,0
1506619526,22478305,0.20500,11035.05907196,0
1506619526,22478304,0.20499,161.33748000,0
1506619525,22478302,0.20496,32.26750000,0
1506619458,22478265,0.20247,918.07608700,0
1506619457,22478263,0.20430,281.92391300,1
1506619449,22478259,0.20500,579.99960975,0
1506619448,22478257,0.20499,227.74822000,0
1506619421,22478231,0.20430,54.07608700,1
1506619406,22478221,0.20430,1000.00000000,1
1506619400,22478217,0.20431,633.00000000,1
1506619342,22478170,0.20500,733.19805000,0
1506619342,22478169,0.20499,270.59195000,0
1506619320,22478144,0.20430,800.00000000,1
1506619283,22478063,0.20430,922.00000000,1
1506619275,22478061,0.20430,145.00000000,1
1506619275,22478060,0.20431,2500.00000000,1
1506619262,22478046,0.20490,0.39381000,0
1506619262,22478045,0.20489,563.03219000,0
1506619256,22478040,0.20490,1622.29549900,0
1506619256,22478039,0.20490,100.00000000,0
1506619256,22478038,0.20489,668.94914000,0
1506619255,22478037,0.20480,599.34800000,0
1506619236,22478016,0.20455,404.00000000,0
1506619212,22477996,0.20430,225.77400000,1
1506619205,22477988,0.20430,513.86400000,1
1506619200,22477981,0.20430,135.58986000,1
1506619199,22477977,0.20430,122.23700000,1
1506619194,22477966,0.20480,0.65200000,0
1506619194,22477965,0.20460,600.00000000,0
1506619194,22477964,0.20440,330.99000000,0
1506619192,22477962,0.20430,10000.00000000,1
1506619177,22477948,0.20430,912.00000000,1
1506619170,22477944,0.20430,616.62900000,1
1506619164,22477943,0.20440,269.01000000,0
1506619160,22477942,0.20420,600.00000000,0
1506619160,22477941,0.20415,1665.29485232,0
1506619155,22477940,0.20414,270.00000000,1
1506619154,22477939,0.20410,30.00000000,0
1506619154,22477938,0.20400,2654.26901844,0
1506619154,22477937,0.20400,299.14100000,0
1506619153,22477936,0.20400,10000.00000000,0
1506619153,22477935,0.20400,10000.00000000,0
1506619006,22477651,0.20400,0.58604000,0
1506619006,22477649,0.20399,837.86796000,0
1506618996,22477642,0.20399,284.08000000,0
1506618987,22477633,0.20400,14220.99252000,0
1506618987,22477632,0.20399,1333.00748000,0
1506618987,22477631,0.20398,270.00000000,0
1506618952,22477592,0.20400,3274.22000000,0
1506618951,22477591,0.20389,1583.77126000,0
1506618759,22477466,0.20356,1881.70843000,0
1506618719,22477439,0.20357,5048.73337785,0
1506618717,22477438,0.20354,60.00000000,0
1506618647,22477388,0.20391,4799.40370751,0
1506618647,22477387,0.20391,270.00000000,0
1506618647,22477386,0.20389,4086.30180800,1
1506618646,22477383,0.20389,1490.93903000,1
1506618645,22477382,0.20389,7256.33095900,1
1506618645,22477381,0.20389,6560.84000000,0
1506618622,22477367,0.20400,19825.79142156,0
1506618621,22477366,0.20400,600.00000000,0
1506618621,22477365,0.20400,270.00000000,1
1506618621,22477364,0.20399,409.11000000,0
1506618621,22477363,0.20380,26407.28891600,0
1506618621,22477362,0.20380,600.00000000,0
1506618620,22477361,0.20379,2045.55002000,0
1506618620,22477360,0.20360,600.00000000,0
1506618620,22477359,0.20350,5000.00000000,0
1506618618,22477356,0.20330,837.70845085,0
1506618612,22477311,0.20330,78.84000000,0
1506618606,22477305,0.20330,58.88440700,0
1506618585,22477254,0.20330,24.56714215,0
1506618509,22477117,0.20270,0.00003325,0
1506618508,22477114,0.20270,743.55520000,0
1506618484,22477087,0.20270,1460.94873100,0
1506618456,22477044,0.20270,10297.34984800,0
1506618361,22476872,0.20200,30.00000000,0
1506618359,22476864,0.20202,270.00000000,1
1506618353,22476849,0.20270,4922.35226832,0
1506618333,22476830,0.20196,30.00000000,1
1506618331,22476827,0.20201,270.00000000,1
1506618260,22476794,0.20198,54.82093700,1
1506618246,22476782,0.20197,1450.00000000,1
1506618246,22476781,0.20280,2575.79391943,0
1506618245,22476780,0.20279,7353.92515400,0
1506618145,22476697,0.20350,5562.30074452,1
1506618145,22476696,0.20350,10060.97600000,1
1506618143,22476688,0.20350,18882.00000000,0
1506618143,22476687,0.20350,9884.02155548,0
1506618143,22476686,0.20345,56.78362000,0
1506618142,22476685,0.20300,5000.00000000,0
1506618142,22476683,0.20298,283.91808000,0
1506618142,22476682,0.20298,270.00000000,0
1506618018,22476558,0.20261,268.41013666,0
1506618000,22476545,0.20175,54.41983000,1
1506617978,22476533,0.20300,260.50365599,0
1506617897,22476432,0.20347,5843.39740502,0
1506617895,22476426,0.20346,270.00000000,0
1506617877,22476408,0.20350,115.97844452,0
1506617877,22476407,0.20295,454.02755548,0
1506617877,22476406,0.20295,443.37935452,0
1506617876,22476404,0.20294,269.02540000,1
1506617851,22476372,0.20294,519.42642800,1
1506617849,22476369,0.20294,2196.45360900,0
1506617848,22476367,0.20294,786.54639100,0
1506617848,22476366,0.20293,301.39627353,0
1506617847,22476364,0.20293,0.25613647,1
1506617844,22476349,0.20293,372.41039000,0
1506617815,22476305,0.20308,288.20894000,1
1506617815,22476304,0.20308,10000.00000000,1
1506617807,22476297,0.20263,517.66484000,1
1506617807,22476296,0.20345,12045.74924228,0
1506617807,22476295,0.20340,600.00000000,0
1506617807,22476294,0.20310,30.00000000,0
1506617807,22476292,0.20308,1128.35191740,0
1506617806,22476290,0.20246,0.00000030,0
1506617805,22476283,0.20246,9485.13714618,0
1506617805,22476282,0.20245,37.25674582,0
1506617798,22476246,0.20245,748.06170418,0
1506617753,22476205,0.20222,6411.37580300,0
1506617752,22476204,0.20226,1640.76436700,1
1506617752,22476202,0.20289,1103.35098821,0
1506617751,22476200,0.20249,447.40081000,0
1506617751,22476198,0.20224,8052.17209800,0
1506617751,22476197,0.20224,884.29635479,0
1506617751,22476196,0.20223,270.00000000,0
1506617742,22476187,0.20224,1352.70767521,0
1506617741,22476182,0.20290,444.75892507,0
1506617741,22476179,0.20285,500.00000000,0
1506617741,22476177,0.20250,1530.74514448,0
1506617741,22476176,0.20249,8279.67700000,0
1506617741,22476175,0.20227,552.34667000,0
1506617741,22476172,0.20227,2761.73337000,0
1506617740,22476170,0.20181,270.00000000,0
1506617613,22476016,0.20206,4101.42211000,0
1506617613,22476015,0.20205,23287.51300000,0
1506617613,22476014,0.20204,10231.22541000,0
1506617608,22476007,0.20207,1165.59508274,0
1506617606,22476002,0.20209,2450.01000000,0
1506617605,22475998,0.20209,2450.01000000,0
1506617600,22475964,0.20210,102.78861473,0
1506617600,22475962,0.20090,2347.22138527,0
1506617599,22475952,0.20090,19114.84137120,0
1506617598,22475945,0.20090,344.12140000,0
1506617597,22475938,0.20088,1493.42891278,0
1506617472,22475875,0.20060,2.49875063,0
1506617468,22475870,0.20060,4997.50124937,0
1506617353,22475756,0.20011,223.61340500,0
1506617352,22475754,0.20011,270.00000000,1
1506617187,22475665,0.20000,5000.00000000,1
1506617158,22475655,0.20000,10000.00000000,1
1506617158,22475654,0.20000,1156.17436994,1
1506617157,22475653,0.20001,270.00000000,1
1506617135,22475634,0.20000,665.33752777,1
1506617135,22475633,0.20001,6909.44025000,1
1506617133,22475632,0.20000,7820.55975000,1
1506617133,22475631,0.20001,6909.44025000,1
1506617133,22475630,0.20003,270.00000000,1
1506617014,22475589,0.20000,27033.83948000,1
1506617014,22475588,0.20001,7635.18325000,1
1506617014,22475587,0.20002,15330.97727000,1
1506616995,22475583,0.20061,338.58016520,1
1506616804,22475522,0.20120,59.49900600,0
1506616753,22475502,0.20120,1444.14949582,0
1506616462,22475313,0.20250,2243.28222222,1
1506616461,22475312,0.20231,169.80185000,1
1506616461,22475311,0.20231,849.00927000,1
1506616459,22475310,0.20090,1305.68906000,0
1506616289,22475241,0.20062,52.44364012,1
1506616176,22475205,0.20172,511.80050922,0
1506616040,22475158,0.20068,123.40350000,1
1506615912,22475103,0.20269,355.00892100,0
1506615892,22475088,0.20160,544.27420635,0
1506615860,22475031,0.20164,247.34829399,0
1506615744,22474849,0.20064,392.80359820,0
1506615739,22474845,0.20061,54.22343300,1
1506615530,22474751,0.20170,37.54077385,1
1506615526,22474747,0.20170,2336.15000000,1
1506615524,22474745,0.20168,6522.09600000,0
1506615524,22474744,0.20080,663.00000000,0
1506615311,22474567,0.20217,6076.44512044,0
1506615310,22474565,0.20216,369.36016000,0
1506615310,22474564,0.20214,4997.53886000,0
1506615308,22474563,0.20212,1176.35531000,0
1506615262,22474537,0.20308,7686.42770251,1
1506615262,22474536,0.20308,1313.22980803,1
1506615261,22474535,0.20300,1000.00000000,0
1506615261,22474534,0.20300,13399.00000000,0
1506615261,22474533,0.20300,10000.00000000,0
1506615261,22474532,0.20281,10417.27999300,0
1506615261,22474531,0.20280,225.67038000,0
1506615261,22474530,0.20280,1128.35192000,0
1506615261,22474528,0.20214,68.16677000,0
1506615260,22474526,0.20191,151.93521136,0
1506615260,22474524,0.20152,2920.31888357,0
1506615260,22474523,0.20147,1351.01571000,0
1506615260,22474522,0.20146,769.15143520,0
1506615227,22474490,0.20138,663.00000000,0
1506615155,22474419,0.20146,182.63491300,0
1506615116,22474357,0.20148,1351.01571000,1
1506615011,22474260,0.20152,59.48000000,0
1506615004,22474258,0.20152,59.40452600,0
1506614973,22474240,0.20130,16739.27958000,0
1506614973,22474239,0.20129,1061.44042000,0
1506614911,22474186,0.20112,769.15143520,0
1506614886,22474160,0.20112,50000.00000000,0
1506614806,22474119,0.20112,3743.58344500,0
1506614806,22474118,0.20111,1261.11732000,0
1506614744,22474084,0.20112,161.16621700,0
1506614682,22474053,0.20112,5468.78439400,0
1506614679,22474052,0.20112,2030.65973000,0
1506614679,22474051,0.20100,4296.15227000,0
1506614678,22474050,0.20100,542.84773000,0
1506614678,22474049,0.20100,2068.00000000,0
1506614663,22474047,0.20036,54.97237600,1
1506614433,22473863,0.20050,393.00000000,0
1506614400,22473839,0.19921,329.13202000,1
1506614400,22473837,0.20006,270.00000000,1
1506614251,22473790,0.20094,120.00000000,0
1506614012,22473641,0.20099,120.84274839,0
1506613953,22473619,0.20102,28537.90767898,0
1506613936,22473605,0.20100,4884.22091600,1
1506613935,22473602,0.20098,4884.45595200,0
1506613935,22473601,0.20098,74.15720532,0
1506613935,22473599,0.20098,9964.84500000,0
1506613913,22473589,0.20100,1553.54567000,1
1506613913,22473587,0.20064,10000.00000000,0
1506613913,22473586,0.20063,10000.00000000,0
1506613912,22473585,0.20062,5342.01923500,0
1506613901,22473575,0.20100,2129.87692000,1
1506613899,22473572,0.20037,1845.79684000,0
1506613898,22473570,0.20036,5379.13496500,0
1506613873,22473536,0.20100,2832.42482000,1
1506613873,22473535,0.20100,11377.34044400,1
1506613873,22473534,0.20100,5688.67022200,1
1506613872,22473533,0.20100,1000.00000000,0
1506613872,22473532,0.20100,5000.00000000,0
1506613872,22473531,0.20099,12000.00000000,0
1506613872,22473530,0.20093,566.48496000,0
1506613872,22473529,0.20089,12584.19900000,0
1506613872,22473527,0.20031,2832.42482000,0
1506613871,22473526,0.20027,60.00000000,0
1506613871,22473525,0.20000,5038.20626000,0
1506613871,22473524,0.19999,7548.00016000,0
1506613827,22473485,0.20000,60.00000000,1
1506613755,22473422,0.20000,2489.10313000,1
1506613743,22473412,0.20000,2489.10313000,0
1506613736,22473402,0.20001,7554.47421600,1
1506613730,22473392,0.20000,10217.63563912,1
1506613729,22473391,0.20000,15095.50464284,0
1506613729,22473390,0.19999,60.00000000,0
1506613729,22473389,0.19999,5826.10439000,0
1506613712,22473336,0.19995,1041.01409100,0
1506613711,22473333,0.19924,0.00000007,0
1506613708,22473332,0.19924,261.90391000,0
1506613698,22473324,0.19924,704.59002914,0
1506613692,22473316,0.19924,2151.85745655,0
1506613689,22473310,0.19924,12450.22644700,0
1506613687,22473305,0.19924,2534.17949906,0
1506613681,22473295,0.19924,2530.69633408,0
1506613674,22473289,0.19924,2526.61557643,0
1506613593,22473235,0.19924,775.74784179,0
1506613539,22473190,0.19924,751.05832162,0
1506613521,22473176,0.19924,5007.05551094,0
1506613492,22473151,0.19924,751.86353215,0
1506613487,22473143,0.19924,2524.41158790,0
1506613479,22473140,0.19924,500.00000000,0
1506613472,22473138,0.19924,51.00000000,0
1506613458,22473129,0.19924,3276.65733951,0
1506613402,22473081,0.19924,179.07412000,0
1506613395,22473079,0.19892,241.37804532,1
1506613204,22472982,0.19924,59.86797400,0
1506613128,22472947,0.19993,500.00000000,1
1506613031,22472906,0.20000,12799.06205000,0
1506613031,22472905,0.20000,5000.00000000,0
1506613031,22472904,0.19986,3513.40000000,0
1506613031,22472903,0.19985,3360.43000000,0
1506613029,22472902,0.19981,270.00000000,0
1506612549,22472421,0.19986,2230.57400000,1
1506612521,22472379,0.19985,9762.37027000,1
1506612521,22472378,0.19986,229.62973000,1
1506612520,22472376,0.19986,5236.87307000,1
1506612501,22472346,0.19985,9844.04522100,1
1506612474,22472313,0.19985,886.74591000,1
1506612473,22472311,0.19982,5914.12751500,0
1506612471,22472309,0.19916,659.49062300,1
1506612471,22472308,0.19921,270.00000000,1
1506612424,22472254,0.19989,1025.20378056,0
1506612388,22472212,0.19997,3987.36747012,0
1506612355,22472167,0.20000,6230.26816900,1
1506612353,22472166,0.20049,6133.39949211,0
1506612353,22472165,0.20049,517.73203920,0
1506612353,22472164,0.20049,10217.63563912,1
1506612353,22472163,0.20048,1245.42550000,1
1506612352,22472162,0.20026,183.14890000,0
1506612352,22472161,0.19999,915.74448000,0
1506612350,22472158,0.19958,659.00000000,0
1506612143,22471909,0.19876,25.12465400,1
1506612143,22471908,0.19910,30.00000000,1
1506611998,22471786,0.19987,4116.86481912,0
1506611947,22471743,0.19919,6468.75690000,1
1506611893,22471706,0.20000,132.59266000,0
1506611879,22471694,0.20000,2702.00000000,1
1506611870,22471688,0.20049,8591.28220858,1
1506611870,22471687,0.20048,6371.39611000,0
1506611868,22471685,0.20047,270.00000000,0
1506611815,22471644,0.19977,116.44622000,1
1506611802,22471637,0.19977,145.48503000,1
1506611789,22471623,0.19976,168.88750000,1
1506611775,22471610,0.19974,168.88750000,1
1506611769,22471606,0.20049,40.22410000,0
1506611718,22471551,0.20049,0.00002040,1
1506611715,22471546,0.20049,557.95615960,1
1506611710,22471544,0.20049,283.81518000,0
1506611710,22471543,0.20000,158.22864000,0
1506611696,22471531,0.20000,389.36882000,1
1506611683,22471524,0.20000,389.36882000,1
1506611670,22471520,0.20000,379.30215000,1
1506611657,22471500,0.20000,519.56362000,1
1506611644,22471496,0.20000,702.71279000,1
1506611630,22471488,0.20000,885.86196000,1
1506611606,22471470,0.20050,20523.06249376,0
1506611606,22471469,0.20049,1032.53078000,0
1506611605,22471466,0.20000,5824.72734764,0
1506611458,22471310,0.20000,1232.26000000,1
1506611439,22471304,0.20049,59.16000000,0
1506611413,22471297,0.20000,1727.82008400,0
1506611413,22471296,0.19999,270.00000000,0
1506611407,22471293,0.19980,270.00000000,1
1506611404,22471292,0.20049,59.70971100,0
1506611390,22471281,0.20000,2422.93922000,1
1506611334,22471246,0.19996,420.57544952,0
1506611327,22471237,0.19996,0.00000048,1
1506611323,22471223,0.19996,420.57545000,1
1506611241,22471153,0.20000,5787.59896400,0
1506611232,22471142,0.20000,330.00121500,0
1506611176,22471088,0.19999,336.66683334,0
1506611064,22471035,0.19996,54.97237600,1
1506611041,22470990,0.20000,623.26269800,0
1506611024,22470965,0.19996,2375.22042000,1
1506610989,22470906,0.19996,2360.00000000,1
1506610931,22470866,0.19995,270.00000000,0
1506610890,22470818,0.19995,30.00000000,0
1506610849,22470740,0.19953,659.00000000,0
1506610800,22470679,0.19898,519.03906000,1
1506610800,22470676,0.19898,270.00000000,1
1506610760,22470653,0.19999,498.77803890,0
1506610615,22470561,0.19993,449.03496224,0
1506610233,22470196,0.19983,454.25141370,0
1506609904,22469835,0.19990,6394.26851500,0
1506609894,22469828,0.19978,630.70562100,0
1506609850,22469797,0.19979,4327.74000000,0
1506609850,22469795,0.19979,1894.87119487,0
1506609850,22469794,0.19967,40.24020513,0
1506609765,22469714,0.19967,154.47224326,0
1506609765,22469713,0.19966,270.00000000,0
1506609753,22469699,0.19815,6489.76902893,1
1506609752,22469698,0.19849,8760.38500000,1
1506609752,22469697,0.19850,1966.00725000,1
1506609752,22469696,0.19904,9805.05200000,1
1506609751,22469694,0.19905,1305.48618107,0
1506609751,22469693,0.19905,270.00000000,1
1506609751,22469692,0.19905,9702.30054000,1
1506609698,22469610,0.19967,3563.58561627,0
1506609662,22469551,0.19967,31.00000000,0
1506609657,22469539,0.19967,602.61903378,0
1506609637,22469482,0.19900,3183.46050638,0
1506609629,22469459,0.19900,1499.97237963,0
1506609605,22469432,0.19904,59.96093200,0
1506609553,22469383,0.19967,39707.67299609,0
1506609553,22469382,0.19916,1600.00000000,0
1506609519,22469361,0.19902,1418.91945937,0
1506609499,22469348,0.19892,60.00000000,0
1506609492,22469292,0.19891,9000.00000000,0
1506609412,22469254,0.19902,230.00000000,0
1506609412,22469252,0.19901,270.00000000,0
1506609364,22469217,0.19890,2147.16740000,0
1506609363,22469215,0.19890,1247.90260000,0
1506609363,22469213,0.19888,270.00000000,0
1506609275,22469127,0.19885,2459.32852000,0
1506609275,22469126,0.19881,372.76985622,0
1506609275,22469125,0.19880,270.00000000,0
1506609120,22468950,0.19892,997.99609328,1
1506609120,22468947,0.19892,2021.82921314,1
1506609115,22468938,0.19892,1339.07809035,1
1506609115,22468935,0.19892,270.00000000,1
1506609114,22468933,0.19881,1308.56683323,0
1506609106,22468916,0.19902,124.16097109,1
1506609106,22468912,0.19901,1254.75850000,0
1506609106,22468911,0.19892,270.00000000,0
1506609105,22468910,0.19800,1351.08052891,0
1506609104,22468907,0.19800,4577.35441600,0
1506609051,22468804,0.19733,3039.20340957,1
1506609050,22468803,0.19740,12217.99760000,1
1506609050,22468802,0.19740,600.00000000,1
1506609050,22468801,0.19750,115.00000000,1
1506609049,22468800,0.19760,600.00000000,1
1506609049,22468799,0.19780,600.00000000,1
1506609049,22468798,0.19803,107.35442789,1
1506609048,22468797,0.19805,2512.00000000,1
1506609048,22468796,0.19816,891.00000000,1
1506609048,22468795,0.19817,4838.86114154,1
1506609046,22468792,0.19818,270.00000000,1
1506608825,22468497,0.19930,6929.89463120,1
1506608825,22468496,0.19930,270.00000000,1
1506608823,22468488,0.19930,270.00000000,0
1506608773,22468310,0.19819,5435.04194057,1
1506608773,22468309,0.19850,4495.86029784,1
1506608773,22468308,0.19851,270.00000000,1
1506608674,22468213,0.19949,230.00000000,1
1506608671,22468208,0.19948,270.00000000,0
1506608599,22468107,0.19964,5000.00000000,0
1506608589,22468094,0.19941,2500.00000000,0
1506608556,22468042,0.19803,664.54557211,1
1506608541,22467983,0.19933,2500.00000000,1
1506608534,22467971,0.19800,54.31694000,1
1506608519,22467951,0.19800,84132.92199271,1
1506608518,22467950,0.19802,25867.07800729,1
1506608499,22467931,0.19957,250.00000000,0
1506608491,22467921,0.19802,4103.83599271,1
1506608491,22467920,0.19883,72.16400729,1
1506608489,22467915,0.19884,270.00000000,1
1506608475,22467872,0.19883,80.02100000,0
1506608455,22467833,0.19883,768.97900000,0
1506608430,22467786,0.19800,41789.26136911,1
1506608430,22467784,0.19800,600.00000000,1
1506608430,22467783,0.19800,1209.70000000,1
1506608430,22467782,0.19801,500.00000000,1
1506608430,22467781,0.19804,5317.47651989,1
1506608430,22467780,0.19820,600.00000000,1
1506608430,22467779,0.19840,600.00000000,1
1506608429,22467778,0.19860,600.00000000,1
1506608429,22467777,0.19875,4743.56211100,1
1506608405,22467602,0.19876,100.00000000,0
1506608401,22467549,0.19875,45.89404000,1
1506608401,22467546,0.19876,508.41981000,1
1506608400,22467545,0.19876,270.00000000,1
1506608386,22467404,0.19981,499.22736600,0
1506608383,22467356,0.19875,5210.54384900,1
1506608379,22467331,0.19876,3474.89390100,1
1506608378,22467327,0.19876,3634.50322900,1
1506608378,22467323,0.19880,600.00000000,1
1506608377,22467318,0.19896,170.76153300,1
1506608377,22467314,0.19896,426.24100000,1
1506608377,22467311,0.19896,426.24100000,1
1506608376,22467308,0.19896,426.24100000,1
1506608376,22467307,0.19900,600.00000000,1
1506608376,22467306,0.19931,68.16677000,1
1506608361,22467179,0.19985,2806.42898592,0
1506608258,22466890,0.19998,3744.27334858,0
1506608245,22466868,0.19950,881.10000000,1
1506608182,22466718,0.20000,24.97250000,0
1506608141,22466603,0.20000,1705.77241379,0
1506608137,22466592,0.20000,1705.77241379,0
1506608117,22466564,0.20000,2500.00000000,0
1506608097,22466532,0.20085,24.86681603,0
1506608075,22466470,0.19999,500.00000000,0
1506608072,22466469,0.20002,270.00000000,1
1506608069,22466465,0.20000,6472.15248000,1
1506608069,22466463,0.20000,527.84752000,1
1506608069,22466462,0.20001,7415.05928000,1
1506608012,22466367,0.20142,990.47383577,0
1506608003,22466361,0.19999,5000.00000000,0
1506607998,22466346,0.19999,24.97374869,0
1506607995,22466344,0.20000,270.00000000,0
1506607993,22466341,0.20001,270.00000000,1
1506607965,22466314,0.20169,346.20174525,0
1506607904,22466259,0.19940,690.39409609,1
1506607902,22466255,0.19938,12393.22602093,1
1506607891,22466242,0.20000,877.80000000,0
1506607885,22466229,0.20000,650.29530300,0
1506607870,22466211,0.20000,444.68821800,0
1506607825,22466156,0.20000,24.97250000,0
1506607817,22466128,0.20000,10217.63563912,1
1506607816,22466127,0.20002,270.00000000,1
1506607809,22466103,0.20235,59.15209000,0
1506607772,22466034,0.20243,24.67272637,0
1506607770,22466033,0.20000,0.00000012,0
1506607764,22466026,0.19999,2454.72240000,1
1506607764,22466024,0.20000,10217.63563900,0
1506607752,22466014,0.19999,997.55607780,0
1506607745,22466010,0.19999,12000.00000000,0
1506607737,22465995,0.20000,10217.63563912,0
1506607737,22465994,0.20000,1820.57521000,0
1506607737,22465993,0.20000,7187.88400000,0
1506607736,22465991,0.20000,9117.85364000,0
1506607736,22465989,0.20005,270.00000000,1
1506607736,22465988,0.20006,10274.50900000,1
1506607736,22465987,0.20007,12962.93334000,1
1506607719,22465978,0.20264,1230.57759684,0
1506607703,22465942,0.20000,7944.54390212,0
1506607702,22465939,0.20000,2273.09173700,0
1506607698,22465933,0.20000,3652.81000000,0
1506607698,22465930,0.20000,589.52244000,0
1506607698,22465929,0.20000,5726.90826300,0
1506607697,22465928,0.20000,5131.43519900,0
1506607697,22465927,0.20000,3653.25092300,0
1506607697,22465926,0.20000,262.00930700,0
1506607697,22465925,0.19999,3584.73977000,0
1506607696,22465918,0.19999,12988.09460269,0
1506607695,22465916,0.20000,3652.81000000,0
1506607695,22465913,0.20000,1271.87530000,0
1506607694,22465911,0.20000,3147.16000000,0
1506607694,22465910,0.20000,7138.29294400,0
1506607694,22465909,0.20000,4226.14143600,0
1506607694,22465908,0.20000,863.68947069,0
1506607693,22465906,0.19999,1272.46131025,0
1506607691,22465897,0.20000,10217.63563912,0
1506607691,22465896,0.20000,1246.88275000,0
1506607691,22465895,0.20000,323.95321995,0
1506607690,22465894,0.20000,7602.34300000,0
1506607690,22465893,0.20000,1000.00000000,1
1506607690,22465891,0.20010,5000.00000000,1
1506607690,22465888,0.20011,2500.00000000,1
1506607690,22465887,0.20012,2307.07956000,1
1506607689,22465886,0.20027,11530.22296000,1
1506607689,22465885,0.20028,2794.38160000,1
1506607639,22465834,0.20109,1702.00000000,1
1506607538,22465722,0.20109,2764.00000000,0
1506607535,22465718,0.20109,24.83713760,0
1506607530,22465715,0.20110,678.57797000,0
1506607529,22465709,0.20109,659.82573109,0
1506607526,22465708,0.20110,15455.70869000,0
1506607525,22465707,0.20110,19186.00000000,1
1506607525,22465706,0.20189,70.00000000,1
1506607521,22465703,0.20228,24.69102235,0
1506607505,22465687,0.20192,3312.67201300,1
1506607460,22465653,0.20192,54.16893700,1
1506607440,22465643,0.20240,24.67516427,0
1506607438,22465642,0.20242,2435.19892000,1
1506607437,22465641,0.20245,24.67028896,0
1506607436,22465639,0.20292,0.00001300,1
1506607436,22465638,0.20292,421.79510000,1
1506607431,22465637,0.20264,233.37237000,0
1506607431,22465635,0.20256,3226.75612700,0
1506607429,22465634,0.20264,1789.13026000,0
1506607429,22465633,0.20257,872.99266000,0
1506607392,22465611,0.20231,24.68736098,0
1506607387,22465607,0.20195,1135.00000000,1
1506607380,22465603,0.20232,24.68614077,0
1506607374,22465564,0.20195,180.00000000,1
1506607203,22465421,0.20342,24.55264969,0
1506607200,22465420,0.20202,511.34352000,1
1506606996,22465298,0.20211,374.65878300,1
1506606952,22465273,0.20232,2127.32909500,1
1506606939,22465262,0.20232,502.82376500,1
1506606839,22465208,0.20326,24.57197678,0
1506606835,22465205,0.20404,17436.52588100,1
1506606835,22465204,0.20404,9993.80508300,1
1506606834,22465203,0.20404,3215.82414600,1
1506606832,22465202,0.20363,445.49958000,0
1506606832,22465201,0.20357,2227.49791000,0
1506606832,22465200,0.20356,10095.84740000,0
1506606832,22465199,0.20299,3000.00000000,0
1506606810,22465191,0.20236,4095.22903364,1
1506606809,22465190,0.20282,2876.19508000,1
1506606719,22465146,0.20297,739.00063107,1
1506606693,22465105,0.20297,2880.05414200,1
1506606655,22465083,0.20299,492.48461000,0
1506606641,22465075,0.20297,5246.19121800,1
1506606636,22465070,0.20299,2000.00000000,0
1506606590,22465032,0.20373,1509.25877387,0
1506606525,22464994,0.20299,30.00000000,1
1506606420,22464944,0.20298,5981.95574900,1
1506606371,22464907,0.20350,8100.24152700,1
1506606370,22464906,0.20316,2642.45427200,0
1506606329,22464889,0.20348,127.54572800,1
1506606277,22464848,0.20419,6842.30966319,1
1506606276,22464845,0.20419,5717.23610300,1
1506606276,22464844,0.20417,1206.84020000,0
1506606276,22464843,0.20417,6977.57800000,0
1506606275,22464842,0.20415,1037.28536000,0
1506606275,22464841,0.20414,6306.66100000,0
1506606174,22464809,0.20348,9683.63800000,1
1506606122,22464784,0.20348,188.81627200,1
1506606066,22464771,0.20349,1019.60329900,1
1506606004,22464707,0.20348,58.65647500,0
1506605942,22464669,0.20425,24.45287638,0
1506605892,22464635,0.20456,11331.88363741,1
1506605892,22464634,0.20445,4902.60000000,0
1506605891,22464631,0.20444,336.98188000,0
1506605891,22464629,0.20444,6100.34246100,1
1506605889,22464626,0.20392,1684.90940000,0
1506605837,22464577,0.20446,5444.89225168,1
1506605836,22464575,0.20446,6314.08211900,0
1506605836,22464574,0.20446,2246.74802000,0
1506605584,22464342,0.20450,24.42298289,0
1506605520,22464299,0.20457,4706.27828400,1
1506605518,22464298,0.20457,2825.85995000,1
1506605517,22464297,0.20458,5160.92727055,0
1506605514,22464295,0.20457,985.10159300,1
1506605504,22464293,0.20457,3357.45736000,1
1506605494,22464283,0.20457,10129.53395500,1
1506605493,22464281,0.20457,3848.63725800,1
1506605493,22464280,0.20457,4992.82821000,1
1506605492,22464279,0.20457,15165.24514000,1
1506605492,22464278,0.20457,3989.05825000,0
1506605491,22464276,0.20342,268.10612000,1
1506605491,22464275,0.20343,14731.89388000,1
1506605420,22464260,0.20457,1219.02796109,0
1506605247,22464138,0.20350,2450.87523342,0
1506605052,22464047,0.20351,170.76153300,0
1506605052,22464046,0.20350,132.36720000,0
1506605047,22464034,0.20351,426.24100000,0
1506605046,22464032,0.20351,426.24100000,0
1506605045,22464031,0.20351,426.24100000,0
1506604991,22463996,0.20282,713.81769000,1
1506604957,22463975,0.20399,24.48404334,0
1506604954,22463974,0.20320,699.93762913,1
1506604954,22463973,0.20320,580.18426787,1
1506604949,22463969,0.20399,22.21398107,0
1506604947,22463966,0.20346,2.27600000,0
1506604938,22463964,0.20320,54.46575300,1
1506604927,22463957,0.20346,932.53400000,0
1506604926,22463956,0.20346,1565.19000000,0
1506604923,22463948,0.20332,3102.58923000,1
1506604923,22463947,0.20332,850.67121170,1
1506604923,22463946,0.20333,3469.55044666,1
1506604922,22463944,0.20346,3800.00000000,1
1506604867,22463911,0.20399,24.48404334,0
1506604866,22463910,0.20399,24.48404334,0
1506604862,22463905,0.20399,24.48404334,0
1506604854,22463897,0.20346,1200.00000000,1
1506604849,22463893,0.20400,0.39900000,0
1506604849,22463892,0.20374,570.00000000,0
1506604800,22463851,0.20347,401.35145660,1
1506604800,22463850,0.20348,132.36720000,1
1506604800,22463849,0.20385,11.58909340,1
1506604785,22463839,0.20349,16453.27770660,0
1506604784,22463838,0.20348,132.93320000,0
1506604779,22463834,0.20349,2480.44137000,0
1506604779,22463832,0.20349,12429.82260000,0
1506604777,22463830,0.20477,9346.91163529,1
1506604776,22463829,0.20477,310.46005000,0
1506604750,22463825,0.20380,5030.06000000,0
1506604748,22463824,0.20383,132.93320000,1
1506604663,22463754,0.20477,937.28485618,1
1506604663,22463753,0.20498,22.25647465,1
1506604656,22463750,0.20498,241.74352535,1
1506604581,22463685,0.20500,2651.74326829,0
1506604581,22463684,0.20500,600.00000000,0
1506604581,22463683,0.20495,20000.00000000,0
1506604581,22463682,0.20495,2271.65888000,1
1506604580,22463681,0.20490,17372.18500000,1
1506604580,22463680,0.20480,600.00000000,0
1506604578,22463678,0.20440,278.11298117,0
1506604450,22463549,0.20440,24.43493151,0
1506604445,22463545,0.20440,24.43493151,0
1506604437,22463534,0.20440,24.43493151,0
1506604410,22463519,0.20440,500.00000000,0
1506604374,22463490,0.20440,24.43493151,0
1506604369,22463485,0.20440,24.43493151,0
1506604364,22463478,0.20440,24.43493151,0
1506604358,22463475,0.20440,75.27742977,1
1506604347,22463463,0.20440,500.00000000,1
1506604318,22463434,0.20474,426.10070192,0
1506604318,22463433,0.20460,0.29985008,0
1506604312,22463427,0.20460,599.70014992,0
1506604308,22463417,0.20440,575.56506850,0
1506604249,22463362,0.20440,24.43493150,0
1506604247,22463358,0.20410,0.00000020,0
1506604216,22463336,0.20410,951.42745600,0
1506604203,22463291,0.20410,58.65360100,0
1506604190,22463279,0.20335,31.90996120,1
1506604189,22463278,0.20400,968.09003880,1
1506604184,22463274,0.20400,31.41021107,0
1506604181,22463263,0.20400,968.58978893,0
1506604173,22463260,0.20353,2560.32043800,1
1506604169,22463256,0.20410,24.47084762,0
1506604167,22463255,0.20410,24.47084762,0
1506604154,22463249,0.20411,939.08120000,1
1506604154,22463248,0.20420,501.89604756,1
1506604106,22463222,0.20420,35.00000000,0
1506604104,22463215,0.20420,20.87380107,0
1506604103,22463212,0.20420,481.29074349,0
1506604090,22463194,0.20420,24.45886386,0
1506604090,22463193,0.20420,24.45886386,0
1506604089,22463187,0.20420,24.45886386,0
1506604088,22463184,0.20420,24.45886386,0
1506604083,22463177,0.20411,102.93480000,1
1506604059,22463144,0.20419,24.46006171,0
1506604056,22463142,0.20419,1400.00000000,0
1506604055,22463138,0.20412,2363.42341814,0
1506604054,22463133,0.20412,2745.46383480,0
1506604054,22463131,0.20412,496.92900000,0
1506604053,22463127,0.20412,2605.32337559,0
1506604051,22463118,0.20412,722.37400000,0
1506604049,22463105,0.20411,1042.01600071,0
1506604049,22463103,0.20411,173.71613385,0
1506604049,22463098,0.20411,175.50149035,0
1506604048,22463094,0.20411,1600.26343637,0
1506604044,22463083,0.20411,24.46964872,0
1506603912,22462872,0.20333,3808.32721636,1
1506603912,22462871,0.20334,1646.97822230,1
1506603912,22462870,0.20369,3933.20228294,1
1506603911,22462869,0.20370,1599.36979557,1
1506603911,22462868,0.20370,2992.81738083,1
1506603911,22462867,0.20371,2749.30510200,1
1506603887,22462839,0.20412,22060.21364883,0
1506603887,22462838,0.20411,3583.32679000,0
1506603886,22462837,0.20410,16.05830476,0
1506603886,22462836,0.20410,6165.97479500,1
1506603885,22462835,0.20399,3950.48355700,1
1506603874,22462816,0.20398,1491.18055900,0
1506603874,22462815,0.20398,537.59987258,0
1506603872,22462807,0.20398,1490.43533040,0
1506603870,22462803,0.20371,4007.00000000,1
1506603867,22462794,0.20400,8508.81943600,1
1506603867,22462793,0.20400,10000.00000000,1
1506603861,22462792,0.20400,54.02173900,1
1506603859,22462788,0.20400,20437.15882500,1
1506603851,22462767,0.20371,0.00000500,0
1506603848,22462765,0.20371,9999.99999500,0
1506603846,22462758,0.20370,1881.74386579,0
1506603844,22462745,0.20370,4874.56124662,0
1506603840,22462738,0.20370,1121.04000000,0
1506603839,22462735,0.20369,1.96664706,0
1506603837,22462729,0.20369,3933.20228294,0
1506603815,22462707,0.20369,2340.00000000,1
1506603801,22462683,0.20370,24.51885125,0
1506603800,22462682,0.20334,0.00006168,0
1506603799,22462679,0.20334,1647.80169266,0
1506603797,22462678,0.20333,1000.00000000,1
1506603795,22462673,0.20334,2286.22336810,1
1506603795,22462672,0.20340,599.94987756,1
1506603792,22462663,0.20369,1063.32744700,0
1506603783,22462628,0.20369,1334.62609848,0
1506603778,22462614,0.20370,24.51890034,0
1506603777,22462613,0.20370,546.20578000,0
1506603777,22462611,0.20370,1527.41135600,0
1506603771,22462606,0.20400,17832.74667045,1
1506603771,22462604,0.20400,30453.65492100,1
1506603770,22462603,0.20401,9594.34507900,1
1506603770,22462599,0.20410,18.94169524,0
1506603769,22462597,0.20410,5.52915238,0
1506603769,22462596,0.20401,939.13940800,1
1506603767,22462595,0.20410,24.47084762,0
1506603765,22462590,0.20401,1507.69370300,1
1506603764,22462587,0.20401,916.76299000,1
1506603763,22462586,0.20400,2303.36961000,1
1506603763,22462585,0.20400,2848.87890000,1
1506603762,22462584,0.20400,899.21788500,1
1506603762,22462583,0.20400,1662.36785500,1
1506603762,22462582,0.20400,123.12240000,1
1506603762,22462580,0.20400,10000.00000000,1
1506603761,22462579,0.20400,10000.00000000,1
1506603761,22462578,0.20400,10000.00000000,1
1506603761,22462576,0.20400,10000.00000000,1
1506603761,22462575,0.20400,10000.00000000,1
1506603761,22462574,0.20400,10000.00000000,1
1506603760,22462570,0.20400,10000.00000000,1
1506603760,22462568,0.20400,10000.00000000,1
1506603758,22462560,0.20400,2661.85644100,1
1506603758,22462559,0.20400,3363.72978500,1
1506603756,22462555,0.20400,127225.94911427,0
1506603756,22462554,0.20400,600.00000000,0
1506603756,22462552,0.20399,1372.24254000,0
1506603756,22462551,0.20399,18264.22016900,0
1506603755,22462550,0.20397,81.35038000,0
1506603755,22462549,0.20380,600.00000000,0
1506603755,22462548,0.20360,575.76876228,0
1506603755,22462547,0.20359,9131.52456700,0
1506603753,22462543,0.20360,24.23123772,0
1506603751,22462540,0.20340,0.29999751,0
1506603750,22462538,0.20340,599.70000249,0
1506603750,22462537,0.20335,0.24987507,0
1506603746,22462533,0.20335,499.75012493,0
1506603742,22462523,0.20334,24.56230943,0
1506603737,22462513,0.20332,851.09658000,0
1506603735,22462510,0.20334,24.56230943,0
1506603730,22462504,0.20320,35.00000000,0
1506603729,22462499,0.20320,30.28760874,0
1506603728,22462497,0.20320,569.71239126,0
1506603728,22462496,0.20310,35.00000000,0
1506603728,22462495,0.20310,30.00000000,0
1506603728,22462494,0.20300,0.28760374,0
1506603726,22462489,0.20300,575.10894798,0
1506603702,22462474,0.20300,24.60344828,0
1506603697,22462462,0.20290,2264.80211400,0
1506603695,22462456,0.20290,658.97700000,0
1506603692,22462451,0.20290,24.61557417,0
1506603690,22462448,0.20290,24.61557417,0
1506603683,22462427,0.20290,24.61557417,0
1506603676,22462422,0.20290,16007.37416301,0
1506603676,22462421,0.20280,600.00000000,0
1506603676,22462420,0.20279,15237.02815000,0
1506603675,22462419,0.20275,1248.39983000,0
1506603675,22462418,0.20275,1222.32110000,0
1506603675,22462417,0.20260,600.00000000,0
1506603675,22462416,0.20240,501.29446640,0
1506603646,22462395,0.20240,24.67638340,0
1506603645,22462394,0.20240,24.67638340,0
1506603640,22462391,0.20240,24.67638340,0
1506603632,22462380,0.20240,24.67638340,0
1506603630,22462378,0.20227,24.69224304,0
1506603600,22462288,0.20214,1956.12903000,1
1506603589,22462280,0.20214,1015.17997000,0
1506603578,22462278,0.20213,123.72500000,1
1506603577,22462277,0.20213,149637.62974185,0
1506603539,22462269,0.20212,24.71056798,0
1506603530,22462261,0.20189,254.02500000,1
1506603480,22462219,0.20189,2086.80407000,1
1506603478,22462213,0.20189,1000.00000000,1
1506603429,22462163,0.20213,24.70934547,0
1506603420,22462154,0.20208,22.75643309,0
1506603418,22462153,0.20188,150.40084118,0
1506603409,22462150,0.20072,1000.00000000,1
1506603348,22462117,0.20056,124.08810000,1
1506603154,22461875,0.20007,700.00000000,1
1506603121,22461844,0.20101,1015.18000000,1
1506603112,22461836,0.20240,1252.92023201,1
1506603112,22461835,0.20240,10000.00000000,1
1506603111,22461833,0.20220,35.00000000,0
1506603111,22461831,0.20220,600.00000000,0
1506603111,22461830,0.20217,102.22582094,0
1506603111,22461829,0.20215,139.92304590,0
1506603110,22461827,0.20214,113.57438095,0
1506603110,22461826,0.20214,67.68214000,0
1506603110,22461823,0.20210,35.00000000,0
1506603110,22461822,0.20210,30.00000000,0
1506603109,22461821,0.20202,126.23183914,0
1506603109,22461820,0.20200,600.00000000,0
1506603109,22461819,0.20180,600.00000000,0
1506603108,22461817,0.20160,600.00000000,0
1506603108,22461816,0.20150,365.75875000,0
1506603108,22461815,0.20150,1828.79374000,0
1506603107,22461812,0.20120,568.00000000,0
1506603107,22461810,0.20116,510.74732467,0
1506603107,22461809,0.20116,504.18124492,0
1506603107,22461808,0.20110,35.00000000,0
1506603106,22461806,0.20100,1248.10291777,0
1506603105,22461805,0.20095,60.00000000,0
1506603101,22461798,0.20001,104.79150000,1
1506603027,22461749,0.20000,1436.73790866,1
1506603012,22461737,0.20099,59.60000000,0
1506603001,22461729,0.20000,428.28778554,1
1506603001,22461728,0.20001,751.00000000,1
1506603001,22461727,0.20002,270.00000000,1
1506602850,22461621,0.20000,9105.18551600,1
1506602838,22461612,0.20000,0.00000017,0
1506602836,22461609,0.20000,1008.45012300,0
1506602779,22461497,0.20000,104.00000000,0
1506602773,22461491,0.19955,429.71809000,1
1506602773,22461490,0.19955,2070.28191000,1
1506602699,22461367,0.19931,16678.01157530,1
1506602699,22461366,0.20000,3321.98842470,1
1506602641,22461271,0.20001,2496.67695200,1
1506602637,22461267,0.19996,116.59469000,0
1506602606,22461197,0.19988,13286.00000000,1
1506602592,22461186,0.20039,300.62390900,0
1506602582,22461176,0.20000,825.31147270,0
1506602509,22461101,0.19993,340.94723000,1
1506602505,22461098,0.19993,9999.90000000,1
1506602504,22461097,0.19993,799.00000000,1
1506602496,22461093,0.19992,2146.15277000,0
1506602404,22461014,0.19943,59.87096800,0
1506602311,22460943,0.19892,1160.96101000,1
1506602311,22460942,0.19981,707.96746909,1
1506602310,22460940,0.19893,136.32720000,0
1506602232,22460898,0.19938,1241.25840000,0
1506602232,22460897,0.19921,0.02419000,0
1506602215,22460879,0.19864,1748.88057735,1
1506602174,22460822,0.19852,124.74900000,1
1506602148,22460812,0.19921,2830.00000000,0
1506602112,22460788,0.19909,790.00000000,0
1506602058,22460769,0.19921,3434.11059200,1
1506602054,22460767,0.19921,7060.65105800,1
1506602052,22460765,0.19920,2667.23835000,0
1506601942,22460690,0.19943,1500.00000000,0
1506601749,22460528,0.19988,571.02776665,1
1506601749,22460527,0.19987,1232.78360000,0
1506601748,22460526,0.19807,1000.00000000,0
1506601715,22460513,0.19900,1000.00000000,0
1506601651,22460471,0.19810,300.00000000,1
1506601563,22460423,0.19800,100.00000000,1
1506601427,22460357,0.19761,4404.60800988,1
1506601426,22460356,0.19762,15241.77809000,1
1506601426,22460355,0.19800,135.97826100,1
1506601341,22460285,0.19800,54.02173900,1
1506601268,22460203,0.19800,722.00000000,1
1506601249,22460193,0.19840,4989.96975806,0
1506601221,22460178,0.19805,118.00000000,0
1506601219,22460177,0.19774,2016.00000000,0
1506601087,22460107,0.19893,16509.76492300,1
1506601005,22460089,0.19893,5522.47693000,1
1506601004,22460088,0.19894,5524.29803000,1
1506601002,22460086,0.19892,5524.29803000,0
1506601001,22460085,0.19891,135.98700000,0
1506601001,22460084,0.19891,4067.41576000,0
1506600952,22460066,0.19896,2563.08005300,0
1506600914,22460050,0.19871,7785.90513700,0
1506600853,22460002,0.19868,750.00000000,0
1506600729,22459943,0.19710,1321.71966000,1
1506600729,22459942,0.19711,1679.22282000,1
1506600729,22459939,0.19711,8403.07052000,1
1506600729,22459938,0.19711,135.98700000,1
1506600663,22459897,0.19791,4847.37375000,1
1506600662,22459896,0.19792,15152.62625000,1
1506600604,22459855,0.19975,59.93091400,0
1506600503,22459800,0.19914,1224.81220000,0
1506600497,22459789,0.19914,1480.45000000,0
1506600473,22459777,0.19922,414.62919000,0
1506600472,22459776,0.19922,4111.47123000,0
1506600472,22459775,0.19916,15073.39913000,0
1506600472,22459774,0.19915,1229.24580000,0
1506600464,22459755,0.19700,4244.33904417,0
1506600462,22459745,0.19700,3893.49000000,0
1506600462,22459742,0.19700,5197.20880676,0
1506600462,22459739,0.19700,1383.50000000,0
1506600461,22459736,0.19700,446.94988817,0
1506600460,22459731,0.19700,2483.18537625,0
1506600459,22459728,0.19700,1012.35280000,0
1506600458,22459727,0.19700,2094.49000000,0
1506600455,22459721,0.19700,2454.58931970,0
1506600455,22459720,0.19702,2186.15646000,1
1506600455,22459718,0.19710,35.00000000,1
1506600455,22459715,0.19750,1000.00000000,1
1506600455,22459714,0.19752,3866.18991000,1
1506600455,22459713,0.19802,3318.20039495,1
1506600455,22459712,0.19805,16384.34800000,1
1506600438,22459708,0.19802,275.17682505,1
1506600438,22459707,0.19815,873.49780481,1
1506600438,22459706,0.19816,8851.32537014,1
1506600405,22459694,0.19816,13234.77462986,1
1506600405,22459693,0.19840,4629.00000000,1
1506600405,22459692,0.19852,3702.16986000,1
1506600405,22459691,0.19852,2016.00000000,1
1506600405,22459689,0.19852,1236.09287700,1
1506600405,22459688,0.19855,379.72868934,1
1506600259,22459575,0.19857,54.31694000,1
1506600217,22459552,0.19857,7500.00000000,1
1506600217,22459551,0.19858,2500.00000000,1
1506600213,22459547,0.19857,25000.00000000,1
1506600182,22459529,0.19863,2599.25887000,1
1506600182,22459528,0.19863,7309.85000000,1
1506600182,22459526,0.19864,15090.89113000,1
1506600164,22459520,0.19855,2500.00000000,1
1506600164,22459519,0.19867,5000.00000000,1
1506600163,22459518,0.19867,2500.00000000,1
1506600098,22459479,0.19852,398.00029279,1
1506600036,22459430,0.19863,5790.18579000,0
1506600022,22459418,0.19864,4817.33470200,0
1506600022,22459417,0.19864,3631.81832600,0
1506600022,22459416,0.19852,524.94638400,0
1506600022,22459415,0.19852,1491.05361600,0
1506600019,22459411,0.19950,17974.67256000,1
1506600000,22459363,0.19950,1369.83120000,1
1506599921,22459333,0.19999,498.02041900,0
1506599883,22459273,0.19999,492.29391470,0
1506599875,22459267,0.20000,10217.63563912,1
1506599845,22459261,0.20095,25.75725618,1
1506599844,22459260,0.20095,1097.29318000,0
1506599818,22459238,0.19950,5655.49624000,1
1506599818,22459237,0.19952,2322.99105000,1
1506599818,22459236,0.19952,11621.51271000,1
1506599818,22459235,0.20000,400.00000000,1
1506599633,22459159,0.20034,6697.02342795,1
1506599609,22459140,0.20034,1983.95611019,1
1506599607,22459139,0.20034,1262.92800085,1
1506599606,22459135,0.20034,1263.42059582,1
1506599605,22459133,0.20034,1074.51632000,1
1506599592,22459120,0.20034,4757.18932000,1
1506599581,22459112,0.20034,1082.87486000,1
1506599577,22459109,0.20034,530.35200000,1
1506599575,22459107,0.20034,10217.63563912,1
1506599575,22459106,0.20034,77.26080663,0
1506599528,22459091,0.20034,537.73919337,0
1506599447,22459016,0.19952,1092.26234000,1
1506599438,22459012,0.19988,4458.18647000,0
1506599438,22459011,0.19987,1222.54390000,0
1506599411,22459002,0.19989,59.88000000,0
1506599129,22458691,0.19990,382.22200000,1
1506599128,22458689,0.19999,1703.88587984,0
1506599128,22458688,0.19999,1250.07900000,0
1506599122,22458684,0.19990,351.36000000,1
1506599121,22458683,0.19990,271.41800000,1
1506599086,22458633,0.19984,4221.71868000,0
1506599065,22458599,0.20000,3041.95207928,1
1506599065,22458598,0.20034,5146.97101216,1
1506599063,22458594,0.20160,11534.10171860,1
1506599063,22458593,0.20157,54.00000000,0
1506599062,22458590,0.20140,600.00000000,0
1506599062,22458589,0.20120,35.00000000,0
1506599062,22458588,0.20120,600.00000000,0
1506599061,22458587,0.20110,35.00000000,0
1506599061,22458586,0.20100,600.00000000,0
1506599061,22458585,0.20091,82.58922000,0
1506599060,22458584,0.20080,600.00000000,0
1506599060,22458583,0.20060,600.00000000,0
1506599060,22458582,0.20040,18636.30346772,0
1506599058,22458581,0.20040,742.69653228,0
1506599058,22458580,0.20040,600.00000000,0
1506599058,22458579,0.20036,500.00000000,0
1506599058,22458578,0.20036,114.51273190,0
1506599057,22458576,0.20034,1959.77815500,1
1506599056,22458569,0.20034,1416.66881100,1
1506599056,22458568,0.20034,4921.71371100,1
1506599055,22458567,0.20034,1391.21000000,1
1506599054,22458566,0.20034,1729.95787900,1
1506599054,22458565,0.20034,4921.71371100,1
1506599054,22458563,0.20034,2739.00000000,1
1506599054,22458562,0.20034,3955.20179300,1
1506599053,22458560,0.20034,10217.63563912,1
1506599052,22458557,0.20034,323.01313000,1
1506599051,22458556,0.20034,1615.06565000,1
1506599051,22458555,0.20020,35.00000000,0
1506599051,22458554,0.20020,600.00000000,0
1506599051,22458553,0.20010,35.00000000,0
1506599051,22458552,0.20000,600.00000000,0
1506599050,22458551,0.19980,600.00000000,0
1506599050,22458550,0.19975,1289.44861292,0
1506599050,22458549,0.19974,5116.93850000,0
1506599050,22458548,0.19960,600.00000000,0
1506599050,22458547,0.19956,1238.63190000,0
1506599050,22458546,0.19940,600.00000000,0
1506599050,22458545,0.19931,500.00000000,0
1506599050,22458544,0.19931,68.64314000,0
1506599046,22458535,0.19920,35.00000000,0
1506599046,22458534,0.19920,600.00000000,0
1506599046,22458533,0.19910,35.00000000,0
1506599046,22458532,0.19909,13.04055600,0
1506598991,22458468,0.19909,326.82985400,0
1506598827,22458336,0.19804,935.00000000,1
1506598816,22458331,0.19856,102.16879300,0
1506598808,22458326,0.19909,60.12959000,0
1506598801,22458314,0.19815,1171.63680000,1
1506598754,22458279,0.19902,113.51077564,0
1506598699,22458243,0.19890,126.16303910,0
1506598697,22458242,0.19890,501.51141277,0
1506598640,22458213,0.19906,140.05073592,0
1506598615,22458191,0.19898,925.08899189,1
1506598614,22458190,0.19898,809.89208000,1
1506598614,22458189,0.19899,4049.46040000,1
1506598613,22458187,0.19898,7006.67500000,1
1506598612,22458186,0.19898,10000.00000000,1
1506598611,22458185,0.19890,4049.46040000,0
1506598611,22458184,0.19889,809.89208000,0
1506598611,22458183,0.19887,10000.00000000,0
1506598611,22458182,0.19885,4670.35336000,0
1506598611,22458181,0.19885,1239.09140000,0
1506598588,22458162,0.19898,36.09197150,0
1506598570,22458152,0.19805,6035.78183499,1
1506598570,22458151,0.19807,5975.70913000,1
1506598560,22458146,0.19909,600.00000000,0
1506598551,22458136,0.19900,600.00000000,0
1506598513,22458013,0.19862,947.21453500,1
1506598453,22457991,0.19805,276.39610000,1
1506598312,22457945,0.19799,746.37211200,0
1506598293,22457930,0.19799,10652.65358700,0
1506598282,22457923,0.19704,8846.49164421,0
1506598282,22457922,0.19719,5000.00000000,1
1506598281,22457920,0.19720,32910.34400000,1
1506598281,22457919,0.19720,2500.00000000,1
1506598281,22457918,0.19721,3330.75350000,1
1506598212,22457863,0.19792,59.08000000,1
1506598176,22457758,0.19801,3134.33664967,1
1506598164,22457752,0.19800,600.00000000,0
1506598053,22457703,0.19792,3158.85206144,1
1506598053,22457701,0.19793,2500.00000000,1
1506598035,22457687,0.19768,4658.68729000,0
1506598003,22457662,0.19771,10217.63563912,0
1506597916,22457575,0.19766,277.07894000,1
1506597908,22457563,0.19493,0.59806000,0
1506597897,22457525,0.19790,184.20850800,0
1506597894,22457519,0.19900,380.87266566,0
1506597894,22457518,0.19890,1268.40429902,0
1506597894,22457517,0.19880,600.00000000,0
1506597894,22457516,0.19860,600.00000000,0
1506597894,22457515,0.19840,600.00000000,0
1506597894,22457514,0.19820,600.00000000,0
1506597894,22457513,0.19810,35.00000000,0
1506597893,22457512,0.19790,83.84693000,0
1506597893,22457511,0.19710,35.00000000,0
1506597893,22457510,0.19652,69.61779000,0
1506597893,22457509,0.19610,35.00000000,0
1506597893,22457508,0.19449,138.05920000,0
1506597892,22457503,0.19200,11604.81846153,1
1506597892,22457502,0.19200,50.00000000,1
1506597892,22457501,0.19200,112035.22670000,1
1506597892,22457500,0.19200,15869.96175351,1
1506597891,22457499,0.19200,13247.45248970,1
1506597891,22457497,0.19200,600.00000000,1
1506597891,22457496,0.19200,50000.00000000,1
1506597891,22457495,0.19200,27.00000000,1
1506597891,22457493,0.19200,150.00000000,1
1506597890,22457490,0.19201,10000.00000000,1
1506597890,22457488,0.19201,500.00000000,1
1506597890,22457487,0.19201,85.12378000,1
1506597890,22457482,0.19210,35.00000000,1
1506597890,22457477,0.19210,35.00000000,1
1506597889,22457475,0.19210,35.00000000,1
1506597889,22457473,0.19220,600.00000000,1
1506597889,22457471,0.19220,35.00000000,1
1506597889,22457470,0.19220,29315.88766352,0
1506597888,22457468,0.19236,2549.77600000,1
1506597888,22457463,0.19240,600.00000000,1
1506597888,22457461,0.19247,1298.91414413,1
1506597887,22457458,0.19250,6034.23455000,1
1506597887,22457457,0.19250,20000.00000000,0
1506597887,22457456,0.19250,1304.57963608,0
1506597887,22457450,0.19260,600.00000000,1
1506597887,22457449,0.19260,110.00000000,1
1506597886,22457447,0.19266,100.00000000,1
1506597885,22457445,0.19280,600.00000000,1
1506597885,22457444,0.19280,1303.06086083,0
1506597885,22457442,0.19286,2812.75885000,1
1506597885,22457441,0.19299,1036.00000000,1
1506597884,22457440,0.19299,14215.00000000,0
1506597884,22457439,0.19300,4391.91709844,1
1506597884,22457438,0.19300,600.00000000,1
1506597884,22457437,0.19300,230.00000000,1
1506597884,22457436,0.19300,6000.00000000,1
1506597883,22457435,0.19300,11424.00000000,1
1506597883,22457431,0.19310,35.00000000,1
1506597883,22457429,0.19310,35.00000000,1
1506597883,22457427,0.19310,35.00000000,1
1506597883,22457426,0.19310,18661.46906211,0
1506597882,22457425,0.19320,600.00000000,1
1506597882,22457424,0.19320,35.00000000,1
1506597882,22457423,0.19336,2489.97505000,1
1506597882,22457422,0.19336,2234.37000000,0
1506597881,22457419,0.19340,600.00000000,1
1506597881,22457418,0.19351,278.01007750,1
1506597881,22457417,0.19351,9910.00000000,0
1506597881,22457416,0.19351,10052.98056897,1
1506597880,22457414,0.19358,54.80938113,1
1506597880,22457413,0.19360,600.00000000,1
1506597880,22457412,0.19360,1301.82206392,0
1506597880,22457409,0.19377,69.61779000,1
1506597879,22457406,0.19379,1000.00000000,1
1506597879,22457404,0.19379,267.35218508,0
1506597878,22457399,0.19380,600.00000000,1
1506597878,22457394,0.19386,2558.08686000,1
1506597878,22457393,0.19386,44244.58512000,0
1506597878,22457391,0.19386,14096.00000000,0
1506597877,22457390,0.19386,8572.71518277,0
1506597877,22457386,0.19400,600.00000000,1
1506597877,22457382,0.19410,35.00000000,1
1506597876,22457380,0.19410,35.00000000,1
1506597876,22457378,0.19410,35.00000000,1
1506597876,22457375,0.19410,1293.61295040,0
1506597876,22457371,0.19420,600.00000000,1
1506597876,22457369,0.19420,35.00000000,1
1506597875,22457365,0.19436,2458.77878000,1
1506597875,22457363,0.19436,9129.57302900,0
1506597875,22457361,0.19436,14079.63738000,0
1506597875,22457360,0.19436,2090.34000000,0
1506597874,22457354,0.19438,867.25743389,1
1506597874,22457349,0.19440,600.00000000,1
1506597874,22457347,0.19440,1236.36000000,0
1506597874,22457345,0.19440,1534.60513700,0
1506597874,22457343,0.19440,2313.99282000,0
1506597873,22457340,0.19440,898.52899900,0
1506597873,22457339,0.19440,2090.34000000,0
1506597873,22457336,0.19449,514.15351539,1
1506597872,22457333,0.19450,3022.91444005,1
1506597872,22457331,0.19450,824.61866600,0
1506597872,22457326,0.19460,600.00000000,1
1506597871,22457320,0.19466,100.00000000,1
1506597871,22457318,0.19466,2085.87000000,0
1506597871,22457315,0.19479,1000.00000000,1
1506597870,22457309,0.19480,600.00000000,1
1506597870,22457307,0.19480,1293.53278052,0
1506597870,22457305,0.19480,124.58729000,0
1506597869,22457302,0.19486,2043.39425000,1
1506597869,22457299,0.19493,83.84693000,1
1506597869,22457297,0.19493,266.36615100,0
1506597868,22457295,0.19499,826.79307169,1
1506597868,22457293,0.19500,10000.00000000,1
1506597868,22457292,0.19500,10000.00000000,1
1506597868,22457291,0.19500,5000.00000000,1
1506597868,22457290,0.19500,280.00000000,1
1506597868,22457289,0.19500,100.00000000,1
1506597867,22457288,0.19500,36750.02706171,1
1506597867,22457287,0.19500,100.00000000,1
1506597867,22457286,0.19500,600.00000000,1
1506597867,22457285,0.19500,50000.00000000,1
1506597867,22457284,0.19500,3739.85400000,0
1506597866,22457281,0.19510,500.00000000,1
1506597866,22457279,0.19510,35.00000000,1
1506597866,22457276,0.19510,35.00000000,1
1506597866,22457274,0.19510,35.00000000,1
1506597865,22457271,0.19520,35.00000000,1
1506597865,22457270,0.19520,600.00000000,1
1506597865,22457269,0.19520,1184.34000000,0
1506597865,22457268,0.19522,227.00000000,1
1506597864,22457267,0.19536,3074.33920000,1
1506597864,22457266,0.19536,1167.32752600,0
1506597864,22457265,0.19537,2000.00000000,1
1506597864,22457262,0.19537,1290.15043724,0
1506597863,22457256,0.19540,600.00000000,1
1506597863,22457252,0.19550,5597.35336863,1
1506597863,22457251,0.19550,265.59068389,0
1506597862,22457250,0.19560,15258.00000000,1
1506597862,22457249,0.19560,3357.05655431,1
1506597862,22457248,0.19560,600.00000000,1
1506597862,22457247,0.19573,1721.00000000,1
1506597862,22457246,0.19579,1000.00000000,1
1506597861,22457245,0.19580,600.00000000,1
1506597861,22457244,0.19580,1289.63374700,0
1506597861,22457243,0.19580,1555.57717400,0
1506597860,22457242,0.19586,2607.22392000,1
1506597860,22457237,0.19600,1561.00000000,1
1506597860,22457235,0.19600,85.00000000,1
1506597860,22457232,0.19600,21610.88837000,1
1506597859,22457229,0.19600,2500.00000000,1
1506597859,22457228,0.19600,600.00000000,1
1506597859,22457226,0.19600,7613.80832300,0
1506597859,22457224,0.19600,19321.48820600,0
1506597859,22457223,0.19600,264.90066225,0
1506597858,22457222,0.19600,23041.48700100,0
1506597858,22457221,0.19600,3037.45142200,0
1506597858,22457220,0.19600,7713.43950400,0
1506597858,22457219,0.19600,2726.02784600,0
1506597858,22457217,0.19600,23633.49899300,0
1506597858,22457215,0.19600,67860.28593800,0
1506597857,22457214,0.19600,1204.13428500,0
1506597857,22457213,0.19600,66402.26150400,0
1506597857,22457211,0.19600,4217.62969200,0
1506597857,22457210,0.19600,23182.73327900,0
1506597857,22457209,0.19600,7576.32684700,0
1506597857,22457208,0.19600,4217.62969200,0
1506597857,22457207,0.19600,2179.16694600,0
1506597857,22457205,0.19600,7622.67601300,0
1506597856,22457203,0.19600,66528.78655000,0
1506597856,22457201,0.19600,2001.55000000,0
1506597856,22457200,0.19600,2001.55000000,0
1506597856,22457199,0.19600,2001.55000000,0
1506597855,22457197,0.19602,500.00000000,1
1506597854,22457196,0.19610,35.00000000,1
1506597854,22457195,0.19610,35.00000000,1
1506597853,22457194,0.19610,35.00000000,1
1506597853,22457192,0.19615,31203.40291231,1
1506597853,22457191,0.19615,67466.42585900,0
1506597853,22457190,0.19615,799.70592200,0
1506597853,22457189,0.19615,15952.28171700,0
1506597853,22457188,0.19615,11589.83834900,0
1506597852,22457187,0.19615,15422.26241600,0
1506597852,22457186,0.19615,3164.68828700,0
1506597852,22457185,0.19615,2001.55000000,0
1506597851,22457181,0.19620,35.00000000,1
1506597851,22457179,0.19620,600.00000000,1
1506597851,22457176,0.19630,398.00000000,1
1506597851,22457175,0.19630,264.60411154,0
1506597851,22457174,0.19630,1043.80133200,0
1506597850,22457173,0.19630,2242.87719900,0
1506597850,22457172,0.19630,2508.34023200,0
1506597850,22457171,0.19630,11900.59785400,0
1506597850,22457170,0.19630,1479.80000000,0
1506597850,22457169,0.19630,2001.55000000,0
1506597849,22457165,0.19636,3330.40443000,1
1506597849,22457164,0.19640,600.00000000,1
1506597849,22457163,0.19640,1620.04571800,0
1506597849,22457162,0.19640,1529.76734700,0
1506597848,22457161,0.19640,13110.97683600,0
1506597848,22457160,0.19640,1263.39300000,0
1506597848,22457159,0.19640,6898.59511200,0
1506597848,22457158,0.19640,2052.11898200,0
1506597848,22457157,0.19640,3003.83723300,0
1506597848,22457156,0.19640,5108.01319600,0
1506597848,22457155,0.19640,1189.56880100,0
1506597848,22457154,0.19640,9891.66233000,0
1506597848,22457153,0.19640,1414.88963600,0
1506597847,22457152,0.19640,1000.49076200,0
1506597847,22457151,0.19640,36281.26381500,0
1506597847,22457150,0.19640,18448.21091100,0
1506597846,22457148,0.19650,402.55084041,1
1506597846,22457146,0.19652,68.64314000,1
1506597846,22457145,0.19652,138.05920000,0
1506597845,22457144,0.19657,14801.86401791,1
1506597845,22457142,0.19660,600.00000000,1
1506597845,22457140,0.19660,3738.60700000,0
1506597844,22457134,0.19666,100.00000000,1
1506597844,22457133,0.19680,600.00000000,1
1506597844,22457132,0.19686,5000.00000000,1
1506597843,22457131,0.19686,0.00000027,1
1506597843,22457130,0.19692,3757.95240000,0
1506597843,22457126,0.19695,500.00000000,1
1506597842,22457125,0.19698,44006.43700000,1
1506597842,22457124,0.19698,7640.08100000,0
1506597842,22457123,0.19736,500.00000000,1
1506597841,22457121,0.19810,5000.00000000,1
1506597841,22457120,0.19810,15111.72729000,0
1506597841,22457118,0.19870,300.00000000,1
1506597839,22457117,0.19890,179077.36852400,1
1506597834,22457116,0.19959,27.45443158,0
1506597758,22457033,0.19890,1000.00000000,1
1506597740,22457019,0.19890,54.61538500,1
1506597714,22457000,0.19891,3780.00000000,1
1506597698,22456981,0.19926,300.36319382,0
1506597684,22456935,0.19890,1614.74666300,1
1506597675,22456932,0.19891,3566.26802600,1
1506597653,22456898,0.19891,514.57400000,1
1506597646,22456896,0.19890,837.24473000,1
1506597629,22456892,0.19891,3534.73100000,1
1506597615,22456884,0.19891,667.24904500,1
1506597601,22456871,0.19891,783.90560000,1
1506597598,22456866,0.19891,841.06400000,1
1506597596,22456865,0.19890,7166.85988400,1
1506597595,22456863,0.19890,3863.10901000,0
1506597595,22456862,0.19888,7167.66840400,0
1506597595,22456861,0.19887,1238.38740000,0
1506597554,22456840,0.19895,877.55700439,0
1506597449,22456779,0.19890,2769.99999967,1
1506597447,22456777,0.19890,0.00000033,0
1506597378,22456675,0.19890,12546.00876200,0
1506597378,22456673,0.19889,1237.32020000,0
1506597271,22456390,0.19832,1200.44312363,0
1506597271,22456389,0.19830,1299.55687637,0
1506597229,22456328,0.19830,823.45526706,0
1506597228,22456322,0.19830,3011.49376718,0
1506597227,22456316,0.19830,794.69584421,0
1506597195,22456245,0.19779,4562.90992197,1
1506597161,22456144,0.19779,412.09007803,0
1506597160,22456138,0.19779,4353.75053000,0
1506597140,22456083,0.19779,858.58196500,0
1506597135,22456064,0.19779,114.26729106,0
1506597083,22455960,0.19779,0.00003454,1
1506597080,22455956,0.19779,5738.68989863,1
1506597075,22455947,0.19779,8786.31006683,0
1506597067,22455938,0.19779,2348.04518300,0
1506597059,22455931,0.19779,500.00000000,0
1506597045,22455923,0.19779,1489.51877306,0
1506597038,22455904,0.19889,4778.69552293,0
1506597038,22455902,0.19889,6175.43138138,0
1506597037,22455901,0.19831,614.31158000,0
1506597037,22455900,0.19831,3071.55790000,0
1506597037,22455899,0.19830,1243.92900000,0
1506597037,22455897,0.19829,7970.74721000,0
1506597036,22455895,0.19779,184.82012102,1
1506597035,22455894,0.19779,1751.92385662,0
1506597033,22455893,0.19779,0.00000202,1
1506597033,22455889,0.19779,2160.36482528,1
1506597029,22455887,0.19779,2839.63517270,0
1506597007,22455783,0.19779,60.52479900,0
1506596984,22455692,0.19842,13140.36359313,0
1506596984,22455689,0.19841,942.67761000,0
1506596984,22455688,0.19841,1266.29540793,1
1506596984,22455686,0.19792,1263.30790000,0
1506596983,22455685,0.19792,2240.79702200,1
1506596983,22455684,0.19792,1559.28277500,1
1506596981,22455664,0.19779,4713.38807000,0
1506596978,22455650,0.19738,2812.47880000,0
1506596836,22455193,0.19686,2404.85068973,1
1506596836,22455192,0.19699,205.32908227,1
1506596824,22455162,0.19738,2282.21635576,1
1506596824,22455157,0.19738,1782.09158765,1
1506596821,22455141,0.19738,551.69561000,1
1506596818,22455126,0.19738,549.48436548,1
1506596818,22455123,0.19739,1073.40337871,0
1506596816,22455115,0.19739,124.85240262,1
1506596816,22455112,0.19739,4235.99413700,1
1506596815,22455105,0.19738,3118.22788530,1
1506596815,22455103,0.19738,1273.72874192,1
1506596812,22455089,0.19739,1266.91510000,0
1506596810,22455085,0.19736,643.45769230,0
1506596800,22455048,0.19735,6936.41170509,0
1506596760,22454956,0.19735,2202.00000000,0
1506596750,22454951,0.19733,4076.00000000,0
1506596716,22454860,0.19699,2146.57525731,1
1506596716,22454859,0.19700,92.38879469,1
1506596713,22454852,0.19736,67.00000000,0
1506596658,22454771,0.19700,53.58490600,1
1506596651,22454753,0.19700,1890.24475723,1
1506596651,22454751,0.19736,6.02278377,1
1506596647,22454739,0.19736,1181.05718623,1
1506596646,22454737,0.19760,319.00000000,0
1506596641,22454729,0.19736,2226.97600000,1
1506596617,22454684,0.19760,849.54761069,0
1506596616,22454683,0.19741,878.84397142,0
1506596616,22454681,0.19740,2000.00000000,0
1506596616,22454680,0.19740,841.23605693,0
1506596616,22454679,0.19735,569.37236096,0
1506596606,22454663,0.19735,37.70985788,1
1506596603,22454651,0.19735,569.37239442,1
1506596590,22454615,0.19740,841.23606408,1
1506596586,22454610,0.19741,0.00004070,1
1506596582,22454597,0.19741,878.84402000,1
1506596551,22454553,0.19735,7920.29588800,1
1506596534,22454526,0.19736,838.92700000,1
1506596525,22454511,0.19779,688.09439781,0
1506596524,22454510,0.19778,311.90560219,0
1506596445,22454423,0.19735,435.32500000,1
1506596444,22454416,0.19736,500.00000000,1
1506596428,22454386,0.19736,5114.30537600,1
1506596367,22454233,0.19736,4679.88014717,1
1506596332,22454157,0.19736,122.00000000,1
1506596251,22453847,0.19735,6111.54104516,1
1506596250,22453842,0.19750,2522.65295717,0
1506596249,22453838,0.19750,1070.84146847,1
1506596206,22453666,0.19848,1000.00000000,0
1506596180,22453589,0.19850,811.67434452,0
1506596180,22453588,0.19849,2675.89811000,0
1506596180,22453587,0.19840,2112.57570000,0
1506596180,22453585,0.19839,1240.08710000,0
1506596180,22453583,0.19800,2301.76474548,0
1506596160,22453457,0.19800,5000.00000000,1
1506596159,22453451,0.19840,447.20430000,0
1506596159,22453450,0.19830,1530.79570000,0
1506596098,22453287,0.19834,106.50450000,0
1506596097,22453286,0.19834,2026.49550000,0
1506596056,22453177,0.19850,2344.09053300,0
1506596056,22453176,0.19842,7601.56714700,0
1506596056,22453175,0.19842,3459.34232000,0
1506596051,22453144,0.19843,1978.00000000,0
1506596046,22453133,0.19845,487.65330000,0
1506596045,22453132,0.19844,1490.34670000,0
1506596042,22453116,0.19846,171.30860000,0
1506596042,22453114,0.19846,1793.69140000,0
1506596019,22453078,0.19850,3759.94585000,0
1506596019,22453076,0.19843,137.53200000,0
1506596019,22453075,0.19842,4142.33605000,0
1506596019,22453073,0.19841,1978.18610000,0
1506596010,22453062,0.19847,5056.49559000,0
1506596010,22453061,0.19843,9911.50441000,0
1506595988,22453030,0.19870,1071.57175054,0
1506595983,22453027,0.19874,4932.00000000,0
1506595981,22453024,0.19704,3684.92068412,0
1506595981,22453023,0.19704,2519.02631588,0
1506595980,22453019,0.19704,2500.00000000,1
1506595980,22453018,0.19704,137.53200000,1
1506595980,22453017,0.19705,9158.52100000,1
1506595959,22452976,0.19850,226.86460000,0
1506595958,22452975,0.19849,1405.13540000,0
1506595950,22452955,0.19700,463.78154208,1
1506595950,22452954,0.19700,600.00000000,1
1506595950,22452953,0.19710,35.00000000,1
1506595950,22452952,0.19710,35.00000000,1
1506595950,22452951,0.19710,35.00000000,1
1506595949,22452950,0.19710,317.34720018,1
1506595949,22452949,0.19718,513.87125774,1
1506595949,22452947,0.19718,1824.56840226,1
1506595949,22452946,0.19720,35.00000000,1
1506595948,22452944,0.19720,600.00000000,1
1506595948,22452943,0.19740,600.00000000,1
1506595948,22452942,0.19760,17094.00000000,1
1506595947,22452941,0.19760,600.00000000,1
1506595947,22452940,0.19765,505.94591570,1
1506595947,22452939,0.19768,3467.33484000,1
1506595946,22452937,0.19780,600.00000000,1
1506595946,22452935,0.19790,2658.23669204,1
1506595946,22452934,0.19790,82.58922000,1
1506595946,22452932,0.19800,536.00000000,1
1506595945,22452930,0.19800,600.00000000,1
1506595945,22452927,0.19810,35.00000000,1
1506595945,22452924,0.19810,35.00000000,1
1506595945,22452923,0.19810,30.00000000,1
1506595944,22452921,0.19818,3510.32493000,1
1506595944,22452919,0.19820,35.00000000,1
1506595944,22452918,0.19820,600.00000000,1
1506595942,22452916,0.19840,600.00000000,1
1506595936,22452909,0.19850,14095.02416478,1
1506595936,22452907,0.19850,3388.68232400,1
1506595931,22452901,0.19850,1466.80813000,1
1506595924,22452888,0.19850,4995.00000000,1
1506595919,22452876,0.19850,963.00000000,1
1506595919,22452873,0.19850,4996.73053300,1
1506595918,22452865,0.19850,3505.00000000,1
1506595918,22452860,0.19850,958.69701383,1
1506595917,22452857,0.19850,1426.00000000,1
1506595916,22452853,0.19850,1189.61053434,1
1506595906,22452832,0.19850,2800.00000000,1
1506595894,22452808,0.19850,5640.10732900,1
1506595891,22452801,0.19893,2725.83666264,1
1506595890,22452799,0.19893,1252.58510000,0
1506595889,22452793,0.19850,9638.55841100,1
1506595889,22452790,0.19860,600.00000000,1
1506595887,22452785,0.19866,100.00000000,1
1506595887,22452784,0.19868,2967.83426000,1
1506595887,22452783,0.19885,1053.50000000,1
1506595884,22452778,0.19900,4458.64321608,1
1506595884,22452777,0.19900,10000.00000000,1
1506595883,22452776,0.19900,10000.00000000,1
1506595883,22452775,0.19900,10000.00000000,1
1506595883,22452773,0.19900,10000.00000000,1
1506595883,22452772,0.19900,10000.00000000,1
1506595882,22452769,0.19900,10000.00000000,1
1506595865,22452723,0.19880,600.00000000,1
1506595798,22452604,0.19900,4260.28937062,0
1506595790,22452579,0.19900,15730.95774200,0
1506595783,22452570,0.19900,1420.19137100,0
1506595749,22452505,0.19900,267.50624000,0
1506595738,22452469,0.19900,2121.05527638,1
1506595737,22452468,0.19900,600.00000000,1
1506595711,22452429,0.19920,2560.32043800,1
1506595670,22452357,0.19922,3572.55873500,1
1506595663,22452328,0.19922,0.00000500,0
1506595662,22452327,0.19910,2204.82906200,0
1506595662,22452326,0.19910,4128.48254800,0
1506595656,22452311,0.19910,3666.68839000,1
1506595559,22452198,0.19910,500.00000000,1
1506595548,22452183,0.19922,221.99999500,0
1506595532,22452160,0.19910,833.31161000,1
1506595531,22452158,0.19910,35.00000000,1
1506595531,22452156,0.19910,35.00000000,1
1506595531,22452154,0.19910,30.00000000,1
1506595531,22452153,0.19918,2764.00625000,1
1506595530,22452152,0.19920,35.00000000,1
1506595530,22452151,0.19920,600.00000000,1
1506595530,22452149,0.19931,67.68214000,1
1506595528,22452145,0.19940,600.00000000,1
1506595433,22451996,0.19950,966.64154591,0
1506595432,22451995,0.19960,3900.09501515,1
1506595432,22451994,0.19961,10003.98336757,1
1506595432,22451993,0.19962,11141.76830979,1
1506595431,22451992,0.19964,3834.69168000,1
1506595431,22451991,0.19980,9847.97560000,1
1506595431,22451990,0.19990,1038.82144084,1
1506595342,22451852,0.20000,10107.78995010,1
1506595305,22451780,0.20001,891.71722178,1
1506595305,22451779,0.20002,4593.50717000,1
1506595259,22451734,0.19982,1500.00000000,1
1506595250,22451730,0.20012,2753.84318200,0
1506595225,22451711,0.20000,4732.41124700,0
1506595224,22451710,0.19982,104.14400000,0
1506595205,22451696,0.19982,59.85600000,0
1506595150,22451636,0.20000,7005.16965400,1
1506595099,22451495,0.20000,852.13542300,0
1506595078,22451466,0.20000,2331.29985000,1
1506595061,22451437,0.20000,1027.10000000,0
1506595052,22451432,0.20000,5000.00000000,0
1506595039,22451403,0.19947,3810.33220000,1
1506595039,22451402,0.19952,2500.00000000,1
1506594986,22451289,0.20000,2331.00000000,1
1506594965,22451247,0.20000,3621.36960700,0
1506594965,22451245,0.19997,267.63039300,0
1506594946,22451214,0.19960,600.00000000,1
1506594925,22451160,0.19997,1146.36960700,0
1506594920,22451151,0.19993,543.90007000,1
1506594907,22451117,0.19993,4388.42553000,1
1506594893,22451099,0.19968,2676.68462000,1
1506594886,22451086,0.19998,116.17743399,0
1506594886,22451085,0.19980,1073.82256501,0
1506594885,22451084,0.19980,1500.00000100,0
1506594883,22451081,0.19980,499.99999900,0
1506594880,22451077,0.19970,4786.02907000,1
1506594867,22451070,0.19970,5213.97093000,1
1506594854,22451061,0.19980,600.00000000,1
1506594835,22451031,0.20000,5164.06879000,0
1506594688,22450926,0.20060,1019.10000000,0
1506594517,22450618,0.20000,5005.71532660,0
1506594516,22450611,0.19999,4946.13198000,0
1506594504,22450585,0.19999,1789.64231208,0
1506594504,22450584,0.19999,716.74898592,0
1506594489,22450537,0.19999,617.14722955,0
1506594471,22450489,0.19999,1496.33416671,0
1506594404,22450397,0.19990,888.00000000,1
1506594401,22450389,0.19999,13286.60289109,1
1506594397,22450381,0.20000,1481.00000000,0
1506594395,22450369,0.19999,2377.13155971,1
1506594389,22450344,0.19999,1041.21903000,1
1506594387,22450339,0.19999,974.88373100,1
1506594378,22450291,0.19999,10000.00000000,1
1506594369,22450285,0.20000,2203.40659300,1
1506594365,22450279,0.20000,6248.64150138,1
1506594365,22450278,0.20000,11772.35849862,1
1506594359,22450267,0.20000,2121.87593700,1
1506594353,22450257,0.20000,287.88000000,1
1506594341,22450221,0.20000,8020.71048600,1
1506594337,22450211,0.20000,4840.82775500,1
1506594336,22450209,0.20000,11998.88034400,1
1506594334,22450200,0.20000,7071.45253200,1
1506594333,22450198,0.20000,5660.28425300,1
1506594333,22450197,0.20000,10040.36836800,1
1506594329,22450180,0.20000,22535.00000000,1
1506594325,22450169,0.20000,71632.61700000,1
1506594321,22450158,0.20000,25718.27621200,1
1506594306,22450098,0.20000,4705.74628900,1
1506594304,22450093,0.20000,5554.65202500,1
1506594294,22450053,0.20000,70154.85400000,1
1506594290,22450034,0.20000,5124.68899600,1
1506594279,22449998,0.20000,66831.94500000,1
1506594266,22449972,0.20000,2497.37744100,1
1506594265,22449969,0.20000,52856.59866000,1
1506594265,22449968,0.20001,5000.00000000,1
1506594265,22449967,0.20003,2500.00000000,1
1506594186,22449801,0.20000,110573.60620338,1
1506594186,22449800,0.20000,5307.00000000,1
1506594185,22449799,0.20000,756.76273696,1
1506594185,22449798,0.20000,582.00000000,1
1506594185,22449797,0.20000,8000.00000000,1
1506594185,22449796,0.20000,5000.00000000,1
1506594185,22449794,0.20000,50.00000000,1
1506594185,22449792,0.20000,3992.89000000,1
1506594185,22449791,0.20000,21484.49618959,1
1506594185,22449790,0.20001,2500.00000000,1
1506594168,22449759,0.20000,685.53792619,1
1506594165,22449753,0.20050,3899.99994100,1
1506594160,22449742,0.20000,3900.00000000,1
1506594160,22449741,0.20000,325.73275415,1
1506594160,22449739,0.20001,1274.26724585,0
1506594158,22449736,0.20000,10450.00000000,1
1506594158,22449735,0.20000,496.00000000,1
1506594158,22449734,0.20000,352.37733900,1
1506594158,22449732,0.20060,644.62266100,1
1506594157,22449729,0.20060,4257.97733900,1
1506594154,22449721,0.20000,22580.85579107,1
1506594154,22449720,0.20000,15683.75000000,1
1506594154,22449719,0.20000,1000.00000000,1
1506594153,22449718,0.20000,10000.00000000,1
1506594153,22449717,0.20000,10000.00000000,1
1506594153,22449716,0.20000,600.00000000,1
1506594153,22449715,0.20008,7000.00000000,1
1506594153,22449713,0.20009,4985.75640962,1
1506594153,22449712,0.20010,1981.00000000,1
1506594153,22449711,0.20010,30.00000000,1
1506594152,22449710,0.20010,30.00000000,1
1506594152,22449709,0.20018,2170.04986000,1
1506594152,22449708,0.20019,2147.66921000,1
1506594152,22449707,0.20020,35.00000000,1
1506594152,22449706,0.20020,600.00000000,1
1506594152,22449705,0.20020,63.28876000,1
1506594152,22449704,0.20040,600.00000000,1
1506594152,22449703,0.20050,1650.00000000,1
1506594151,22449702,0.20060,546.41509400,1
1506594140,22449684,0.20060,53.58490600,1
1506594136,22449676,0.20099,2141.78959577,0
1506594129,22449661,0.20068,3842.44910000,1
1506594122,22449648,0.20080,4902.60000000,1
1506594122,22449646,0.20080,600.00000000,1
1506594108,22449632,0.20100,2858.56882504,0
1506594105,22449625,0.20100,2858.56882504,0
1506594102,22449621,0.20100,535.00000000,0
1506594095,22449614,0.20100,14312.36192848,0
1506594091,22449611,0.20100,4998.00085032,0
1506594090,22449610,0.20100,16519.00000000,0
1506594089,22449608,0.20100,1010.00000000,0
1506594088,22449603,0.20100,933.35254032,0
1506594088,22449602,0.20099,4064.64831000,0
1506594084,22449598,0.20100,999.66797695,0
1506594080,22449588,0.20100,335.65585366,0
1506594077,22449579,0.20100,16552.66550804,0
1506594076,22449578,0.20100,2631.90750000,0
1506594076,22449577,0.20099,135.09250000,0
1506594071,22449568,0.20100,5408.01764844,0
1506594071,22449566,0.20100,325.16423426,0
1506594071,22449565,0.20090,82.64962000,0
1506594069,22449564,0.20091,81.35038000,1
1506594068,22449559,0.20100,4960.00000000,1
1506594067,22449558,0.20100,196.57199000,1
1506594067,22449557,0.20100,1000.00000000,1
1506594067,22449556,0.20100,2640.00000000,1
1506594067,22449555,0.20100,600.00000000,1
1506594067,22449554,0.20110,30.00000000,1
1506594067,22449553,0.20110,30.00000000,1
1506594067,22449552,0.20118,2973.10383000,1
1506594067,22449551,0.20120,30.00000000,1
1506594066,22449550,0.20120,600.00000000,1
1506594066,22449549,0.20140,600.00000000,1
1506594047,22449515,0.20150,21879.15467735,1
1506594042,22449508,0.20150,4864.90750000,1
1506594042,22449507,0.20151,135.09250000,1
1506594035,22449489,0.20150,4402.14164800,1
1506594010,22449472,0.20150,23728.74848941,1
1506594010,22449471,0.20150,13000.00000000,1
1506594010,22449470,0.20151,719.68312559,1
1506593986,22449450,0.20168,3421.48323000,1
1506593986,22449449,0.20170,34385.39906117,1
1506593976,22449425,0.20170,2647.58500000,1
1506593831,22449341,0.20170,3000.00000000,1
1506593776,22449300,0.20170,5000.00047702,1
1506593767,22449292,0.20171,270.00000000,1
1506593761,22449286,0.20256,335.00000000,0
1506593747,22449275,0.20185,917.00000000,1
1506593747,22449274,0.20186,270.00000000,1
1506593736,22449263,0.20400,3931.00110000,1
1506593736,22449261,0.20275,134.99890000,0
1506593732,22449256,0.20185,4083.00000000,1
1506593730,22449255,0.20187,270.00000000,1
1506593726,22449253,0.20278,2525.00000000,0
1506593706,22449246,0.20190,2500.00000000,0
1506593646,22449190,0.20186,389.18346994,1
1506593646,22449189,0.20189,463.76653006,1
1506593644,22449184,0.20190,270.00000000,1
1506593586,22449116,0.20189,2346.60076990,1
1506593586,22449115,0.20190,736.60409000,0
1506593585,22449111,0.20192,147.29995000,1
1506593585,22449109,0.20193,270.00000000,1
1506593563,22449073,0.20189,2097.51442300,1
1506593563,22449072,0.20190,166.23264000,1
1506593563,22449071,0.20190,831.43940000,1
1506593563,22449070,0.20190,1542.69526000,1
1506593563,22449069,0.20190,270.00000000,1
1506593547,22449045,0.20190,12241.54589000,0
1506593547,22449043,0.20191,1051.29099000,1
1506593547,22449042,0.20192,270.00000000,1
1506593547,22449041,0.20193,210.14966000,1
1506593495,22448910,0.20190,1308.51515000,0
1506593494,22448908,0.20193,270.00000000,1
1506593494,22448907,0.20195,1161.48485000,1
1506593415,22448778,0.20262,1276.66371000,0
1506593412,22448772,0.20304,134.99890000,1
1506593411,22448765,0.20452,12083.86463548,0
1506593410,22448764,0.20350,4724.95414302,0
1506593410,22448763,0.20347,597.56441000,0
1506593409,22448761,0.20303,2987.82205000,0
1506593409,22448758,0.20303,1227.47470000,1
1506593409,22448755,0.20299,270.00000000,0
1506593408,22448754,0.20298,30041.31600000,1
1506593407,22448753,0.20298,14425.42150400,0
1506593407,22448752,0.20298,7212.71075200,0
1506593404,22448743,0.20299,58.96852400,0
1506593226,22448511,0.20340,72.81143994,0
1506593157,22448467,0.20350,394.00000000,0
1506593138,22448455,0.20177,1984.44754000,1
1506593138,22448454,0.20218,3522.83922000,1
1506593137,22448453,0.20220,234.56546000,0
1506593137,22448452,0.20221,1172.76445000,0
1506593137,22448451,0.20268,2815.38333000,1
1506593136,22448450,0.20269,270.00000000,1
1506593065,22448420,0.20318,1813.57264600,1
1506593064,22448419,0.20318,1430.32318200,1
1506593064,22448418,0.20318,428.42061100,1
1506593059,22448417,0.20318,53.87533900,1
1506593034,22448405,0.20318,1759.75733000,1
1506593034,22448404,0.20368,296.29061000,1
1506593032,22448403,0.20368,2454.83101000,1
1506592992,22448373,0.20377,451.28233000,0
1506592875,22448285,0.20368,950.95671000,0
1506592875,22448284,0.20367,666.04329000,0
1506592857,22448273,0.20368,2253.93671445,0
1506592854,22448271,0.20368,2267.00000000,0
1506592832,22448249,0.20369,2751.00000000,0
1506592808,22448231,0.20317,164.00000000,1
1506592734,22448159,0.20368,666.00000000,0
1506592680,22448152,0.20387,2480.00000000,0
1506592680,22448151,0.20386,270.00000000,0
1506592645,22448142,0.20348,3776.70100000,0
1506592645,22448141,0.20347,1208.29900000,0
1506592512,22448085,0.20369,1530.04010000,1
1506592512,22448084,0.20369,270.00000000,1
1506592511,22448083,0.20367,1199.95990000,0
1506591907,22447698,0.20291,135.24200000,0
1506591907,22447697,0.20184,2145.55178081,1
1506591906,22447696,0.20185,7189.89964000,0
1506591906,22447695,0.20210,25.00000000,1
1506591906,22447694,0.20211,2644.00000000,1
1506591905,22447693,0.20212,166.95686000,1
1506591905,22447692,0.20284,744.29800455,1
1506591905,22447691,0.20284,605.73371369,1
1506591904,22447690,0.20289,606.03661000,1
1506591904,22447689,0.20290,270.00000000,1
1506591904,22447688,0.20291,833.87432000,1
1506591902,22447684,0.20292,3594.93686900,1
1506591807,22447628,0.20211,19977.24917884,0
1506591807,22447627,0.20211,1419.16363800,0
1506591807,22447626,0.20211,1726.97860600,0
1506591807,22447625,0.20214,67.69502000,1
1506591806,22447624,0.20215,188.53569000,0
1506591806,22447623,0.20215,7378.41060800,0
1506591805,22447621,0.20283,270.00000000,1
1506591805,22447619,0.20284,725.29436216,0
1506591804,22447617,0.20284,3689.20566400,0
1506591803,22447614,0.20284,135.24200000,1
1506591803,22447613,0.20285,941.47136000,1
1506591770,22447582,0.20386,3078.00000000,0
1506591751,22447558,0.20263,617.84626042,1
1506591751,22447557,0.20264,7600.90004000,1
1506591750,22447556,0.20269,3800.41938700,1
1506591750,22447555,0.20269,270.00000000,1
1506591748,22447552,0.20390,1200.00000000,0
1506591724,22447542,0.20394,112.48856294,0
1506591673,22447496,0.20406,84.11734370,0
1506591616,22447455,0.20322,168.36938000,0
1506591603,22447418,0.20362,58.63062000,0
1506591565,22447307,0.20425,163.87031869,0
1506591477,22447190,0.20350,497.38978137,1
1506591476,22447188,0.20350,3658.44837763,1
1506591438,22447114,0.20350,4647.66992900,0
1506591438,22447112,0.20350,7043.33007100,0
1506591122,22446954,0.20478,304.63413707,0
1506591120,22446953,0.20452,270.00000000,0
1506590949,22446821,0.20455,1023.26530494,0
1506590949,22446819,0.20453,270.00000000,0
1506590838,22446766,0.20214,3336.97665995,0
1506590838,22446765,0.20214,270.00000000,0
1506590837,22446764,0.20225,3592.36888000,1
1506590837,22446763,0.20275,3246.60907000,1
1506590837,22446762,0.20300,82.26574105,1
1506590836,22446761,0.20311,1485.00000000,1
1506590836,22446758,0.20325,2180.96037000,1
1506590835,22446756,0.20326,259.68536000,1
1506590835,22446755,0.20339,1297.62489000,1
1506590835,22446754,0.20375,3834.14055000,1
1506590833,22446753,0.20376,270.00000000,1
1506590540,22446511,0.20376,53.58490600,1
1506590414,22446441,0.20384,6284.64254912,1
1506590414,22446440,0.20392,500.00000000,1
1506590414,22446439,0.20425,3432.99309000,1
1506590411,22446436,0.20503,2273.00000000,0
1506590409,22446434,0.20466,227.00000000,0
1506590300,22446352,0.20430,3020.59695000,0
1506590300,22446350,0.20430,1979.40305000,1
1506590165,22446253,0.20500,1233.00000000,1
1506589980,22446035,0.20429,1030.00000000,1
1506589919,22445993,0.20475,3893.75047000,1
1506589807,22445918,0.20510,58.36762600,0
1506589769,22445895,0.20476,2991.80516800,1
1506589731,22445869,0.20510,5545.63927820,0
1506589596,22445737,0.20520,1635.60526294,1
1506589537,22445657,0.20520,1470.42740500,1
1506589522,22445648,0.20525,1635.60526300,1
1506589520,22445643,0.20525,1314.51204700,1
1506589422,22445571,0.20520,1532.05144206,1
1506589420,22445570,0.20521,2425.78710644,1
1506589359,22445513,0.20521,227.00000000,0
1506589359,22445512,0.20521,2200.00000000,0
1506589086,22445161,0.20525,2722.13757700,1
1506588991,22445062,0.20520,15361.91589000,1
1506588834,22444870,0.20550,3044.64927300,1
1506588765,22444838,0.20550,3658.09672700,1
1506588731,22444802,0.20550,3007.25400000,1
1506588635,22444725,0.20552,198.23273408,1
1506588630,22444724,0.20552,397.26507765,1
1506588625,22444722,0.20552,390.31267177,1
1506588612,22444712,0.20673,57.88000000,0
1506588271,22444472,0.20687,2980.92942944,0
1506588271,22444471,0.20610,25.00000000,0
1506588271,22444470,0.20589,2392.88286000,0
1506588271,22444469,0.20589,138.82334968,0
1506588213,22444436,0.20580,4680.00000000,0
1506588170,22444410,0.20579,4290.18290000,0
1506588169,22444409,0.20579,4926.35125700,0
1506588169,22444408,0.20579,2950.07180000,0
1506588167,22444405,0.20579,551.70800000,0
1506588102,22444370,0.20470,0.00000015,0
1506588102,22444369,0.20470,496.00000000,0
1506588061,22444346,0.20470,2006.45766300,0
1506588061,22444345,0.20460,496.00000000,0
1506588008,22444332,0.20577,58.17475000,0
1506587838,22444200,0.20568,4936.53349863,0
1506587836,22444197,0.20519,1265.13929947,0
1506587802,22444155,0.20519,262.47785253,0
1506587294,22443541,0.20380,1591.62406800,1
1506587289,22443540,0.20449,895.10489510,0
1506587191,22443465,0.20380,135.39220000,1
1506587191,22443464,0.20380,19014.00000000,0
1506587191,22443463,0.20379,3026.65929000,0
1506587163,22443449,0.20300,6652.81674895,1
1506587163,22443448,0.20333,2437.66216505,1
1506587139,22443444,0.20333,1982.06732900,1
1506587138,22443443,0.20333,17441.95635300,1
1506587138,22443442,0.20334,14037.80601000,1
1506587137,22443441,0.20335,4925.21786000,1
1506587114,22443434,0.20394,489.16627439,1
1506587111,22443432,0.20340,1360.00000000,1
1506586938,22443302,0.20341,53.58490600,1
1506586910,22443285,0.20340,1000.00000000,1
1506586833,22443235,0.20319,47.00000000,0
1506586686,22443165,0.20315,36.00000000,1
1506586642,22443137,0.20300,3264.91751000,1
1506586642,22443136,0.20303,1635.08249000,0
1506586642,22443135,0.20303,5000.00000000,0
1506586639,22443132,0.20367,542.04738000,1
1506586639,22443130,0.20367,135.39220000,1
1506586636,22443129,0.20367,273.71610000,1
1506586503,22442981,0.20501,4780.05390684,1
1506586499,22442978,0.20501,1847.68314000,1
1506586498,22442975,0.20501,67.21239000,0
1506586498,22442973,0.20495,322.64544000,0
1506586498,22442972,0.20441,40637.05759000,0
1506586498,22442971,0.20440,3368.60511000,0
1506586497,22442970,0.20440,1613.22718000,0
1506586400,22442849,0.20440,1049.30000000,0
1506586359,22442828,0.20435,10328.96104722,0
1506586291,22442772,0.20370,9864.31750000,1
1506586291,22442771,0.20379,83.29443000,1
1506586274,22442761,0.20379,1916.70557000,0
1506586223,22442715,0.20366,135.68250000,0
1506586205,22442702,0.20368,58.77454800,0
1506586078,22442609,0.20278,568.09300000,1
1506585975,22442547,0.20248,496.00000000,0
1506585975,22442546,0.20247,270.00000000,0
1506585915,22442516,0.20245,901.68250000,0
1506585886,22442498,0.20167,1442.27027000,1
1506585859,22442477,0.20167,53.72973000,1
1506585791,22442427,0.20166,1217.80426700,1
1506585634,22442250,0.20152,719.68308149,1
1506585630,22442241,0.20151,1537.65746841,1
1506585619,22442222,0.20152,109.07250000,1
1506585619,22442220,0.20152,135.68250000,1
1506585600,22442175,0.20151,118.98496000,1
1506585594,22442173,0.20212,2240.58890758,0
1506585586,22442169,0.20212,1051.24815724,0
1506585394,22442076,0.20151,2156.72857100,1
1506585389,22442073,0.20151,466.94587500,1
1506585307,22442021,0.20146,6201.76538100,1
1506585305,22442020,0.20146,17902.18470700,1
1506585278,22442005,0.20146,4250.41506377,1
1506585278,22442004,0.20147,1044.78875278,1
1506585206,22441981,0.20146,2334.92348000,1
1506585205,22441980,0.20191,2334.80783517,0
1506585204,22441979,0.20190,135.62070000,0
1506585168,22441961,0.20146,1866.69608300,1
1506584932,22441774,0.20146,1030.33168879,1
1506584884,22441732,0.20145,5711.20842817,1
1506584882,22441725,0.20146,496.79157183,1
1506584839,22441684,0.20200,828.19891089,0
1506584794,22441643,0.20147,960.00000000,0
1506584790,22441640,0.20146,1037.40812073,0
1506584789,22441638,0.20146,3406.78933783,0
1506584771,22441627,0.20146,555.80254144,0
1506584766,22441622,0.20145,43185.29200000,1
1506584749,22441615,0.20145,26539.91195619,1
1506584749,22441614,0.20146,7782.80367000,1
1506584749,22441613,0.20147,1020.00000000,1
1506584749,22441612,0.20147,135.62070000,1
1506584739,22441608,0.20145,1371.13737400,1
1506584739,22441607,0.20145,100.00000000,1
1506584739,22441606,0.20146,7782.80367000,1
1506584738,22441605,0.20151,10000.00000000,1
1506584738,22441604,0.20160,355.47573800,1
1506584730,22441598,0.20160,244.52426200,1
1506584730,22441597,0.20180,600.00000000,1
1506584730,22441596,0.20189,3440.52827000,1
1506584718,22441583,0.20200,1996.33747482,0
1506584717,22441582,0.20200,908.24524752,0
1506584688,22441519,0.20200,265.26094059,0
1506584679,22441510,0.20200,7905.55054156,0
1506584678,22441509,0.20200,907.88633663,0
1506584604,22441479,0.20200,2492.54000000,0
1506584603,22441478,0.20200,860.03393174,0
1506584594,22441472,0.20200,4100.00000000,1
1506584594,22441471,0.20200,11200.00000000,1
1506584594,22441470,0.20200,14812.15969475,1
1506584592,22441465,0.20200,3000.00000000,1
1506584542,22441432,0.20200,7187.84030525,1
1506584542,22441431,0.20200,103.84000000,1
1506584542,22441430,0.20200,252.37000000,1
1506584542,22441429,0.20200,55.94969475,1
1506584538,22441428,0.20200,544.05030525,1
1506584537,22441427,0.20210,30.00000000,1
1506584537,22441426,0.20210,25.00000000,1
1506584537,22441425,0.20214,2234.18827475,1
1506584536,22441424,0.20215,494.26142000,0
1506584535,22441423,0.20215,1011.50000000,1
1506584535,22441422,0.20250,2000.00000000,1
1506584505,22441404,0.20214,786.00000000,1
1506584448,22441347,0.20214,663.60067723,1
1506584407,22441306,0.20214,100.00000000,1
1506584404,22441305,0.20250,59.01503600,0
1506584358,22441270,0.20214,566.82388700,1
1506584358,22441269,0.20215,270.00000000,1
1506584348,22441253,0.20214,649.38716102,1
1506584347,22441252,0.20214,67.21239000,1
1506584347,22441251,0.20220,30.00000000,1
1506584347,22441250,0.20220,600.00000000,1
1506584347,22441249,0.20239,4257.63349498,1
1506584336,22441243,0.20239,654.80600000,1
1506584334,22441241,0.20239,9964.56702000,1
1506584334,22441240,0.20239,137.33298000,1
1506584319,22441234,0.20239,1619.56000000,1
1506584287,22441206,0.20306,2502.45766315,0
