date,tid,price,amount,type
1506902416,22631520,3682.20,0.00217056,1
1506902272,22631335,3690.79,0.05725000,0
1506902215,22631301,3690.79,0.05698936,0
1506902214,22631300,3690.01,0.01919669,0
1506902170,22631262,3690.01,0.02550771,0
1506902134,22631247,3690.22,0.12214952,0
1506901993,22631202,3690.48,0.03081201,0
1506901954,22631198,3690.69,0.05192450,0
1506901930,22631187,3690.51,0.06666107,0
1506901929,22631184,3680.70,0.14859884,1
1506901917,22631158,3680.60,0.11058333,1
1506901912,22631143,3680.50,0.39061901,1
1506901905,22631121,3680.90,0.20822361,1
1506901905,22631120,3680.93,0.22448135,1
1506901852,22631054,3679.97,0.02805006,1
1506901778,22630982,3678.30,0.00425000,1
1506901777,22630981,3678.24,0.00250000,1
1506901745,22630893,3677.87,0.08839120,1
1506901733,22630828,3677.50,0.06659913,1
1506901720,22630763,3678.31,0.13890155,1
1506901720,22630762,3678.30,0.06639700,1
1506901720,22630759,3678.33,0.25227174,1
1506901664,22630657,3677.43,0.01013251,1
1506901657,22630651,3677.80,0.05910091,1
1506901636,22630629,3677.50,0.04656167,1
1506901636,22630628,3677.50,0.01725060,1
1506901629,22630621,3677.20,0.04470440,1
1506901629,22630618,3677.83,0.38980314,1
1506901628,22630617,3677.80,0.01396932,1
1506901611,22630589,3691.91,0.19395190,0
1506901610,22630586,3690.72,0.10989145,0
1506901596,22630557,3677.20,0.04939693,1
1506901590,22630546,3677.00,0.10000000,1
1506901590,22630545,3677.01,0.60465060,1
1506901590,22630544,3677.11,0.97500000,1
1506901588,22630542,3677.13,0.00437000,1
1506901585,22630534,3677.70,1.03326040,1
1506901575,22630512,3691.70,0.89300670,1
1506901575,22630509,3691.70,0.02500000,1
1506901574,22630508,3691.55,0.04520903,0
1506901572,22630505,3691.90,0.02680572,1
1506901566,22630499,3678.73,0.06517675,1
1506901542,22630446,3691.97,0.14859817,0
1506901537,22630435,3679.93,0.01311000,1
1506901533,22630433,3679.90,0.04000000,1
1506901452,22630381,3691.78,0.00757947,0
1506901395,22630345,3691.99,0.01310305,0
1506901277,22630280,3691.72,0.02163990,1
1506901275,22630277,3691.69,0.05075365,0
1506901233,22630256,3691.32,0.06262617,0
1506901205,22630241,3677.11,0.01523190,1
1506901192,22630238,3691.34,0.00834983,0
1506901129,22630220,3680.30,0.18810400,1
1506901120,22630200,3679.62,0.01706676,1
1506901120,22630199,3679.97,0.41612570,1
1506901120,22630198,3679.99,0.06870418,1
1506901114,22630188,3681.00,0.74200000,1
1506901111,22630186,3680.20,0.13342237,1
1506901031,22630171,3681.20,0.23470805,1
1506900894,22630109,3680.80,0.01249463,0
1506900877,22630105,3680.70,0.01189201,1
1506900851,22630078,3691.59,0.06432076,0
1506900844,22630076,3680.50,1.50163761,1
1506900844,22630075,3680.53,0.19121060,1
1506900844,22630074,3691.89,0.12428560,1
1506900827,22630061,3680.30,3.00000000,1
1506900792,22630027,3691.74,0.18225360,0
1506900727,22629986,3682.40,0.11621146,1
1506900727,22629985,3682.40,0.12210603,1
1506900715,22629974,3680.10,0.22995680,1
1506900702,22629958,3682.30,0.02252829,1
1506900698,22629942,3679.99,0.02825145,1
1506900692,22629940,3680.00,1.43136022,0
1506900691,22629938,3680.00,0.27679743,1
1506900691,22629937,3680.00,0.09320257,1
1506900691,22629936,3682.11,0.01500000,1
1506900691,22629935,3682.20,0.01242600,1
1506900685,22629913,3682.20,0.38240200,1
1506900675,22629904,3682.20,0.02080651,1
1506900673,22629902,3682.20,0.02832994,1
1506900667,22629898,3682.20,0.02063213,1
1506900655,22629883,3682.20,0.04233103,1
1506900649,22629880,3682.20,0.03871949,1
1506900619,22629861,3683.00,1.62221805,1
1506900614,22629856,3691.99,0.25897059,0
1506900612,22629855,3682.91,0.04114747,1
1506900573,22629824,3691.89,0.01649600,0
1506900571,22629823,3682.50,0.02407472,1
1506900570,22629822,3682.50,0.01276795,1
1506900570,22629820,3682.50,0.34329167,1
1506900562,22629813,3682.31,0.00216962,1
1506900558,22629799,3682.26,0.38078955,1
1506900555,22629785,3691.93,0.00895700,0
1506900539,22629760,3691.97,0.00187800,0
1506900539,22629759,3683.30,0.07555673,1
1506900535,22629758,3691.99,0.00375601,0
1506900532,22629753,3691.97,0.00751200,0
1506900529,22629749,3691.80,0.01502400,0
1506900525,22629743,3691.87,0.03004800,0
1506900520,22629741,3691.97,0.06009600,0
1506900497,22629693,3682.50,0.01337649,1
1506900490,22629688,3691.88,0.05645000,0
1506900439,22629620,3682.10,0.00250000,1
1506900439,22629619,3682.10,0.00250000,1
1506900439,22629618,3682.10,0.00250000,1
1506900438,22629617,3682.23,0.00250000,1
1506900390,22629597,3681.43,0.18583564,1
1506900352,22629589,3680.70,0.09977944,1
1506900352,22629588,3680.71,0.04122056,1
1506900350,22629587,3680.77,0.11545908,1
1506900349,22629586,3691.97,0.01353000,0
1506900341,22629578,3691.00,0.22166330,1
1506900340,22629577,3690.90,0.17833670,0
1506900334,22629575,3690.64,0.01649240,0
1506900307,22629564,3681.61,0.02487746,1
1506900262,22629541,3690.83,0.00707268,0
1506900250,22629540,3690.90,0.03224501,0
1506900244,22629533,3690.90,1.13600000,0
1506900234,22629529,3690.90,0.00754403,0
1506900229,22629528,3687.10,0.04933116,1
1506900197,22629514,3690.90,0.54456636,0
1506900107,22629482,3685.35,0.12962000,1
1506900106,22629481,3685.83,0.08743410,1
1506900105,22629480,3685.80,0.34930500,1
1506900093,22629476,3690.90,0.02550340,0
1506900093,22629475,3689.00,0.00000548,0
1506900065,22629472,3689.00,0.15503700,0
1506899991,22629431,3689.00,0.06674392,0
1506899986,22629429,3685.13,0.04824940,1
1506899986,22629428,3689.00,0.04821360,0
1506899984,22629427,3688.88,0.05994724,0
1506899967,22629424,3688.88,0.01353848,0
1506899953,22629423,3688.88,0.02500034,0
1506899953,22629422,3688.81,0.00999966,0
1506899878,22629418,3688.88,0.07500000,0
1506899776,22629353,3690.67,0.01891782,0
1506899772,22629351,3680.88,0.00140000,1
1506899683,22629336,3690.82,0.00291355,0
1506899674,22629334,3690.50,0.01189270,1
1506899644,22629325,3679.97,0.41693140,1
1506899644,22629324,3680.00,0.00583407,1
1506899642,22629322,3681.60,0.86396706,1
1506899642,22629321,3681.68,0.91481461,1
1506899633,22629318,3681.50,0.81000000,1
1506899632,22629317,3690.70,0.00821328,0
1506899591,22629310,3681.07,0.01096030,1
1506899396,22629239,3688.88,0.28227433,0
1506899380,22629231,3688.85,0.45000000,0
1506899344,22629223,3688.88,0.02487746,0
1506899337,22629221,3690.17,0.02237170,1
1506899336,22629220,3690.50,0.15100000,1
1506899291,22629187,3681.93,0.99914910,0
1506899287,22629186,3690.90,0.03063305,0
1506899284,22629185,3690.90,0.04517145,0
1506899284,22629184,3690.54,0.00546140,0
1506899284,22629183,3690.09,0.02249268,0
1506899284,22629182,3690.00,0.02658379,0
1506899211,22629148,3690.00,0.00758245,0
1506899158,22629121,3689.99,0.08678747,1
1506899157,22629120,3689.99,0.91321253,0
1506899151,22629119,3680.50,1.84879327,1
1506899151,22629117,3680.51,0.91417919,1
1506899136,22629114,3689.99,1.65859065,1
1506899135,22629113,3689.50,2.28880000,0
1506899135,22629112,3689.29,0.04000000,0
1506899135,22629111,3687.44,7.96000000,0
1506899126,22629109,3685.90,0.00250000,1
1506899105,22629104,3690.00,0.56366344,0
1506899105,22629103,3690.00,0.12946847,0
1506899104,22629102,3690.00,0.01421926,0
1506899104,22629101,3690.00,0.00733088,0
1506899104,22629100,3689.99,0.14085454,0
1506899086,22629097,3689.99,0.02710034,0
1506899072,22629089,3689.88,0.00498579,1
1506899064,22629083,3689.99,0.00150000,0
1506899013,22629077,3685.87,0.00042251,0
1506898990,22629074,3689.88,0.60383549,1
1506898986,22629071,3689.88,0.13935725,1
1506898983,22629070,3689.88,0.05554235,1
1506898974,22629066,3689.88,0.00253125,1
1506898972,22629065,3689.88,0.00506250,1
1506898970,22629060,3689.88,0.00999966,1
1506898968,22629057,3689.88,0.08189859,1
1506898968,22629056,3689.88,0.00999966,1
1506898967,22629055,3686.70,0.07177359,0
1506898967,22629054,3686.68,0.01999966,0
1506898965,22629053,3686.70,0.02025000,0
1506898839,22629011,3689.74,0.00271012,0
1506898822,22629008,3680.00,0.09137451,0
1506898822,22629007,3680.00,3.74820000,0
1506898821,22629006,3680.00,0.00603903,1
1506898821,22629005,3686.31,0.01938646,1
1506898821,22629004,3687.00,0.13500000,1
1506898751,22628977,3690.00,0.00200000,0
1506898699,22628907,3686.60,0.00216785,1
1506898668,22628881,3690.00,1.42883303,0
1506898668,22628880,3689.99,0.00984719,0
1506898651,22628874,3690.00,0.03295351,0
1506898644,22628868,3690.00,0.02344270,0
1506898619,22628830,3686.40,1.49925000,1
1506898606,22628822,3689.79,0.00609202,1
1506898605,22628821,3689.79,0.19668375,0
1506898598,22628818,3690.00,0.00250000,0
1506898586,22628814,3689.82,0.00810880,0
1506898580,22628813,3686.31,0.00300463,0
1506898576,22628811,3690.00,0.75293988,0
1506898576,22628810,3689.50,0.01000000,0
1506898576,22628808,3688.95,0.00219215,0
1506898576,22628807,3688.40,0.02250291,0
1506898575,22628806,3688.20,0.02250422,0
1506898575,22628805,3688.00,0.50000000,0
1506898575,22628804,3687.99,0.02718164,0
1506898575,22628803,3686.85,0.00219214,0
1506898575,22628802,3686.31,0.00751305,0
1506898575,22628801,3686.30,0.00600924,0
1506898546,22628775,3686.12,0.01201849,1
1506898544,22628774,3686.12,0.02403698,1
1506898538,22628772,3685.98,0.04807396,0
1506898505,22628749,3686.12,0.02637725,0
1506898504,22628748,3681.43,0.20479255,1
1506898468,22628722,3680.00,0.99396097,1
1506898468,22628721,3681.13,0.00138700,1
1506898468,22628720,3681.20,0.00465203,1
1506898464,22628715,3686.24,0.01352869,0
1506898461,22628710,3681.21,0.08091317,0
1506898460,22628707,3681.20,0.00076907,1
1506898408,22628656,3681.20,0.13700000,1
1506898398,22628652,3685.15,0.01320929,1
1506898398,22628651,3685.16,0.02237245,1
1506898397,22628650,3685.70,1.00000000,1
1506898396,22628648,3685.68,0.05572722,0
1506898389,22628636,3685.58,0.03556751,1
1506898387,22628635,3685.40,0.58084514,1
1506898370,22628609,3685.72,0.00742916,0
1506898367,22628608,3685.30,1.00000000,1
1506898363,22628603,3685.72,0.00058682,0
1506898363,22628602,3685.72,0.00700600,0
1506898314,22628563,3685.15,0.00918168,0
1506898313,22628562,3685.18,0.00000382,1
1506898312,22628561,3685.18,0.02252261,0
1506898312,22628560,3685.15,0.00704946,0
1506898312,22628559,3685.00,0.00918550,0
1506898312,22628558,3685.00,0.00674584,0
1506898285,22628531,3685.00,0.01641630,0
1506898206,22628509,3685.00,0.00652999,0
1506898204,22628507,3684.99,0.01837100,0
1506898182,22628490,3683.60,0.85937911,1
1506898182,22628489,3683.63,0.14062089,1
1506898180,22628488,3684.98,0.00341881,1
1506898179,22628487,3684.98,0.04016080,0
1506898047,22628367,3684.96,0.01623348,0
1506898021,22628362,3685.00,0.00030787,0
1506898021,22628361,3684.75,0.00219213,0
1506898015,22628360,3683.53,0.01609933,1
1506898000,22628353,3683.08,0.00177359,0
1506897999,22628352,3683.08,0.02076191,0
1506897999,22628351,3683.07,0.02253556,0
1506897999,22628350,3683.00,0.20000000,0
1506897994,22628348,3682.66,0.00220212,0
1506897990,22628345,3682.56,0.00627603,0
1506897986,22628339,3682.56,0.00057475,0
1506897986,22628338,3682.44,0.00180403,0
1506897986,22628337,3682.44,0.00012122,0
1506897974,22628334,3680.30,0.00360807,0
1506897973,22628333,3682.00,0.01042035,0
1506897972,22628332,3682.00,0.37631290,0
1506897972,22628331,3682.00,0.09295761,0
1506897968,22628327,3680.20,0.00721614,1
1506897964,22628313,3682.00,0.02030914,0
1506897964,22628312,3681.43,0.02254557,0
1506897964,22628310,3681.00,0.40000000,0
1506897964,22628307,3680.60,0.13202236,0
1506897964,22628306,3680.56,0.00220211,0
1506897963,22628305,3680.30,0.74292555,0
1506897963,22628303,3680.14,0.01443228,0
1506897960,22628290,3680.30,0.21707445,0
1506897959,22628289,3680.14,0.00298550,0
1506897941,22628278,3680.04,0.00653595,1
1506897904,22628268,3680.04,0.04469146,1
1506897890,22628264,3680.14,0.00250000,0
1506897864,22628257,3680.00,0.00001263,0
1506897864,22628255,3680.00,0.03156464,0
1506897863,22628253,3680.00,0.08292355,0
1506897863,22628252,3680.00,0.83204178,0
1506897821,22628210,3680.00,0.05209769,0
1506897812,22628207,3680.00,0.00542290,0
1506897784,22628200,3680.00,0.05126155,0
1506897781,22628197,3680.00,0.37848163,0
1506897781,22628196,3679.95,0.02151837,0
1506897641,22628078,3678.10,0.20593716,1
1506897541,22628042,3680.00,0.10014588,0
1506897535,22628028,3680.00,0.56769421,0
1506897459,22627962,3678.00,1.25891440,1
1506897429,22627953,3680.00,0.01285436,0
1506897429,22627952,3680.00,0.00555650,0
1506897424,22627949,3680.00,0.00762792,0
1506897415,22627943,3679.97,0.02239806,0
1506897413,22627942,3680.00,0.43681558,0
1506897413,22627941,3680.00,0.30000000,0
1506897413,22627940,3680.00,0.01384215,0
1506897413,22627939,3680.00,0.05000000,0
1506897413,22627938,3680.00,0.00548900,0
1506897412,22627936,3679.80,0.20000000,0
1506897412,22627935,3679.54,0.02255714,0
1506897412,22627934,3679.16,0.00485698,0
1506897411,22627933,3679.16,0.01768936,0
1506897411,22627932,3679.00,0.30000000,0
1506897411,22627931,3678.63,0.02256271,0
1506897410,22627929,3678.53,0.15000000,0
1506897410,22627928,3678.46,0.00220210,0
1506897409,22627927,3678.28,0.00685078,0
1506897409,22627926,3678.00,0.30000000,0
1506897407,22627925,3677.70,0.20972489,0
1506897392,22627915,3677.70,0.03333500,0
1506897387,22627912,3677.70,0.46076592,0
1506897380,22627903,3677.70,0.06780597,0
1506897358,22627887,3677.70,0.05967045,0
1506897358,22627886,3670.20,2.43725928,1
1506897354,22627884,3677.67,0.00250000,0
1506897349,22627880,3670.72,0.02000000,1
1506897349,22627879,3673.04,0.01402153,1
1506897345,22627878,3674.80,0.36831902,1
1506897333,22627872,3677.70,0.01811197,0
1506897333,22627871,3677.70,0.03111209,0
1506897328,22627869,3677.70,0.27516665,0
1506897328,22627868,3677.10,0.05000000,0
1506897328,22627867,3677.00,0.00377375,0
1506897327,22627866,3677.00,0.00888025,0
1506897327,22627865,3676.46,0.00153659,0
1506897316,22627859,3676.46,0.71800241,0
1506897309,22627853,3676.46,0.63947333,0
1506897284,22627808,3676.46,0.12904211,0
1506897279,22627804,3676.46,0.15702244,0
1506897274,22627803,3676.46,0.12677558,0
1506897273,22627794,3676.46,0.57369816,0
1506897273,22627792,3676.46,0.15444938,0
1506897272,22627791,3676.36,0.00220209,0
1506897272,22627789,3676.23,0.00548270,0
1506897269,22627780,3674.73,0.08490797,1
1506897269,22627779,3676.12,0.01687184,1
1506897265,22627778,3676.12,0.00558447,0
1506897262,22627774,3675.90,0.00702675,0
1506897262,22627773,3675.71,0.02258067,0
1506897261,22627772,3675.07,0.02258462,0
1506897261,22627771,3675.06,0.02258467,0
1506897260,22627770,3675.05,0.02258474,0
1506897260,22627768,3675.00,0.12676263,0
1506897259,22627767,3675.00,0.10699987,0
1506897252,22627741,3675.00,0.01878649,0
1506897252,22627739,3675.00,0.04610136,0
1506897252,22627737,3675.00,0.01000000,0
1506897252,22627736,3675.00,0.13464669,0
1506897248,22627733,3675.00,0.06535331,0
1506897248,22627732,3674.89,0.01074035,0
1506897242,22627706,3674.89,0.03925965,0
1506897241,22627705,3674.73,0.00400000,0
1506897230,22627702,3674.37,0.98609500,0
1506897230,22627701,3674.27,0.00220208,0
1506897230,22627700,3674.05,0.00675247,0
1506897230,22627699,3673.20,0.05600000,0
1506897224,22627682,3673.04,0.00844866,0
1506897221,22627680,3673.00,0.00900000,0
1506897220,22627679,3673.00,0.19100000,0
1506897218,22627672,3672.31,0.03508467,0
1506897218,22627671,3672.31,0.19749411,0
1506897218,22627670,3670.90,0.02730938,0
1506897218,22627669,3670.86,0.02465364,0
1506897207,22627648,3670.00,0.32800000,0
1506897207,22627647,3670.00,0.25000000,0
1506897207,22627646,3670.00,0.59793942,0
1506897207,22627645,3670.00,1.01000000,0
1506897207,22627643,3670.00,0.40000000,0
1506897206,22627642,3670.00,0.02000000,0
1506897206,22627641,3670.00,0.08929697,0
1506897206,22627640,3669.00,0.20000000,0
1506897206,22627638,3669.00,0.00800000,0
1506897206,22627635,3668.89,0.00540639,0
1506897203,22627622,3668.72,0.00871000,1
1506897201,22627611,3668.08,0.10931059,0
1506897201,22627610,3668.00,0.05358184,0
1506897185,22627590,3668.00,0.01622215,0
1506897153,22627580,3668.00,0.03027018,0
1506897153,22627579,3668.00,0.00002799,0
1506897152,22627578,3668.00,0.06997201,0
1506897152,22627577,3667.93,0.00549510,0
1506897152,22627576,3666.50,0.00794724,0
1506897152,22627575,3666.29,0.00549760,0
1506897116,22627564,3665.98,0.82223784,0
1506897063,22627531,3665.98,0.02503286,0
1506897055,22627526,3665.98,0.03112308,0
1506897055,22627525,3665.98,0.03112308,0
1506897044,22627515,3665.98,0.01063908,0
1506897040,22627514,3660.53,0.72100000,1
1506896917,22627490,3665.98,0.12328416,0
1506896892,22627485,3660.63,0.01145100,1
1506896884,22627483,3665.98,0.02503287,0
1506896863,22627478,3665.98,0.01794559,0
1506896830,22627472,3661.30,0.00218301,1
1506896825,22627471,3665.98,0.02448810,0
1506896825,22627470,3664.00,0.00172204,0
1506896818,22627467,3665.98,2.24802673,0
1506896818,22627466,3664.00,0.06328960,0
1506896782,22627455,3665.98,0.21476718,0
1506896776,22627454,3665.98,0.13537195,0
1506896750,22627442,3665.98,0.01576093,0
1506896721,22627430,3665.95,0.01794544,0
1506896658,22627421,3665.98,0.23157322,0
1506896629,22627418,3661.13,0.10597297,1
1506896627,22627417,3665.98,0.01360346,0
1506896591,22627404,3665.98,0.01367203,0
1506896584,22627402,3665.98,0.26647865,0
1506896473,22627391,3665.98,0.00345916,0
1506896427,22627385,3661.60,0.28000000,1
1506896365,22627380,3665.98,0.01617597,0
1506896352,22627378,3665.98,0.05373595,0
1506896281,22627374,3665.98,0.01923427,0
1506896261,22627373,3665.98,0.05116059,0
1506896210,22627369,3665.98,1.13818406,0
1506896205,22627368,3665.98,0.01240050,0
1506896148,22627360,3665.98,0.02704391,0
1506896023,22627346,3665.98,0.02567937,0
1506895998,22627345,3665.98,0.01603150,0
1506895998,22627344,3665.84,0.00344408,0
1506895998,22627343,3665.83,0.04283288,0
1506895944,22627307,3665.95,0.02620111,0
1506895914,22627294,3665.98,0.50614482,0
1506895866,22627284,3665.80,0.00688816,1
1506895865,22627283,3665.98,0.62564978,0
1506895863,22627282,3665.74,0.01377632,0
1506895845,22627280,3665.98,0.12689611,0
1506895844,22627279,3665.78,0.02755263,0
1506895824,22627274,3665.82,0.01075000,0
1506895764,22627250,3665.98,0.20198849,0
1506895764,22627248,3665.90,0.06585528,0
1506895752,22627242,3665.78,0.02985661,0
1506895726,22627228,3665.94,0.01314709,0
1506895629,22627187,3665.98,0.00763213,0
1506895628,22627186,3665.98,0.00759033,0
1506895553,22627176,3665.98,0.18174404,0
1506895485,22627171,3665.98,0.03187699,0
1506895464,22627153,3665.98,0.04166462,0
1506895464,22627152,3665.43,0.02500000,0
1506895461,22627147,3665.98,0.00029187,0
1506895459,22627143,3665.43,1.00000000,0
1506895424,22627123,3665.98,0.00910577,0
1506895331,22627112,3665.98,0.02711812,0
1506895262,22627068,3665.98,0.00272778,0
1506895235,22627065,3665.98,1.22574850,0
1506895224,22627063,3665.98,5.05118381,0
1506895224,22627062,3665.00,2.00000000,0
1506895224,22627061,3665.00,0.03000000,0
1506895224,22627060,3665.00,1.80528919,0
1506895224,22627059,3665.00,0.01950000,0
1506895223,22627058,3665.00,0.46935642,0
1506895223,22627057,3665.00,0.27000000,0
1506895223,22627056,3664.57,0.00001534,0
1506895223,22627055,3664.57,0.04351790,0
1506895223,22627054,3664.00,1.00000000,0
1506895223,22627053,3663.85,0.08991901,0
1506895213,22627051,3663.85,0.06008099,0
1506895213,22627049,3663.85,0.03650863,0
1506895204,22627029,3663.99,0.14601022,0
1506895202,22627027,3663.85,0.00100187,0
1506895164,22627023,3663.85,0.01601244,0
1506895130,22627018,3663.85,0.00102274,0
1506895128,22627016,3663.06,0.00190373,0
1506895125,22627014,3651.90,0.64273981,1
1506895125,22627013,3663.06,0.00859627,0
1506895125,22627012,3663.02,0.00461269,0
1506895073,22626999,3663.00,0.10273817,1
1506895072,22626997,3663.00,0.04897550,1
1506895069,22626996,3663.00,0.01992572,0
1506895069,22626995,3658.20,1.00000000,0
1506894957,22626981,3650.03,0.00218899,0
1506894923,22626975,3663.00,0.02570440,0
1506894922,22626974,3650.54,0.09320000,1
1506894883,22626968,3663.00,0.01315226,0
1506894799,22626952,3651.34,0.13500000,1
1506894744,22626933,3663.02,0.00937731,0
1506894711,22626930,3663.00,0.10000000,0
1506894699,22626929,3663.00,0.20000000,0
1506894693,22626925,3662.28,0.01636759,0
1506894681,22626918,3662.28,0.02204054,0
1506894681,22626917,3662.27,0.03000000,0
1506894647,22626890,3662.27,0.02494081,0
1506894588,22626838,3662.28,1.05745060,0
1506894588,22626837,3662.27,0.03000000,0
1506894588,22626836,3662.27,0.04001173,0
1506894543,22626825,3650.30,0.01697772,1
1506894484,22626803,3650.14,0.04001839,1
1506894484,22626802,3654.37,0.03000000,1
1506894462,22626798,3657.10,0.12483756,0
1506894457,22626797,3657.10,0.12483756,0
1506894456,22626796,3657.10,0.12483756,0
1506894451,22626792,3657.10,0.11282310,0
1506894450,22626791,3657.10,0.04790217,0
1506894450,22626790,3657.10,0.10870618,0
1506894438,22626779,3657.09,0.06821120,0
1506894430,22626771,3654.90,0.27278448,1
1506894430,22626770,3655.09,4.58700000,1
1506894430,22626769,3655.20,0.00198973,1
1506894430,22626768,3655.20,2.30470000,1
1506894426,22626767,3662.28,0.12466099,0
1506894425,22626766,3662.28,0.28625412,0
1506894415,22626760,3660.00,0.06250000,1
1506894398,22626758,3662.20,0.12466099,0
1506894390,22626757,3661.89,0.12481257,0
1506894387,22626755,3661.89,0.13890155,0
1506894385,22626754,3661.89,0.00764357,0
1506894369,22626749,3662.09,0.11230243,0
1506894358,22626742,3661.89,0.13972362,0
1506894282,22626699,3662.10,0.03862964,0
1506894261,22626687,3655.00,0.03466500,1
1506894226,22626677,3662.28,0.01797476,0
1506894224,22626676,3662.28,0.05643315,0
1506894224,22626675,3660.50,0.17578965,0
1506894224,22626674,3660.49,0.03469124,0
1506894144,22626673,3654.90,1.95120000,1
1506894126,22626667,3662.27,0.00544910,0
1506894095,22626659,3662.28,0.08044291,0
1506894089,22626656,3662.28,0.02248839,0
1506894086,22626654,3662.28,0.01280832,0
1506894085,22626653,3662.28,0.02641910,0
1506894084,22626652,3662.28,0.30182470,0
1506894084,22626651,3662.28,0.20325042,0
1506894084,22626650,3662.27,0.04000000,0
1506894083,22626649,3662.26,0.00550360,0
1506894083,22626648,3660.91,0.01000000,0
1506894083,22626647,3660.00,0.52330888,0
1506894083,22626645,3660.00,0.02251182,0
1506894052,22626567,3654.80,1.38621439,1
1506894044,22626566,3660.00,0.00417930,0
1506894043,22626565,3660.00,0.00647565,0
1506893971,22626550,3654.70,0.01373538,1
1506893945,22626548,3660.00,0.01281532,0
1506893944,22626547,3660.00,0.12900573,0
1506893940,22626544,3660.00,0.21260790,0
1506893939,22626543,3654.70,0.03235427,1
1506893938,22626542,3654.91,0.08450550,1
1506893898,22626504,3654.60,0.10586211,1
1506893897,22626503,3654.61,0.02089689,1
1506893894,22626501,3660.00,0.47672100,0
1506893886,22626498,3660.00,0.12536885,0
1506893852,22626491,3659.93,0.15867100,0
1506893821,22626476,3660.00,0.03700555,0
1506893820,22626475,3660.00,0.06852412,0
1506893820,22626472,3660.00,0.04415600,0
1506893819,22626471,3660.00,0.28731988,0
1506893819,22626470,3660.00,0.02369509,0
1506893818,22626469,3660.00,0.04403305,0
1506893818,22626468,3660.00,0.03328298,0
1506893809,22626451,3659.99,1.00000000,0
1506893808,22626450,3659.99,0.00893555,0
1506893806,22626449,3659.92,0.01313351,0
1506893727,22626441,3659.99,0.00595000,0
1506893723,22626440,3659.81,0.02572041,0
1506893695,22626435,3644.80,0.04145011,1
1506893684,22626433,3646.44,0.13825436,1
1506893610,22626423,3652.10,0.01500000,1
1506893589,22626421,3651.91,0.00318578,1
1506893584,22626420,3659.21,0.01783881,0
1506893565,22626419,3659.21,0.01963398,0
1506893453,22626379,3659.21,0.02709765,0
1506893407,22626372,3659.97,0.40547600,0
1506893386,22626366,3659.99,0.03702545,0
1506893386,22626365,3659.98,0.04345660,0
1506893386,22626364,3659.98,0.01976795,0
1506893384,22626363,3659.98,0.01023205,0
1506893352,22626349,3659.97,0.00545250,1
1506893307,22626343,3659.97,0.01682917,0
1506893307,22626342,3659.23,0.00550820,0
1506893307,22626341,3659.00,0.08371675,0
1506893305,22626340,3659.00,0.02406160,0
1506893283,22626336,3659.00,0.01124480,0
1506893241,22626323,3659.00,0.00764671,0
1506893233,22626322,3659.00,0.00319242,0
1506893233,22626321,3659.00,0.03077967,0
1506893232,22626319,3658.00,0.11364527,0
1506893229,22626315,3658.00,0.03529251,0
1506893205,22626284,3658.00,0.10453252,0
1506893138,22626268,3658.99,0.01364703,0
1506893105,22626264,3658.99,0.02624880,0
1506893084,22626262,3646.54,0.00219187,1
1506893019,22626251,3644.44,0.50000000,0
1506893017,22626250,3659.00,0.60818514,0
1506893017,22626249,3657.80,0.10000000,0
1506893016,22626247,3657.47,1.19800980,0
1506893016,22626246,3657.46,0.80000000,0
1506893016,22626245,3652.20,0.05999398,0
1506893016,22626244,3652.20,0.10406693,0
1506893016,22626243,3652.00,0.12974415,0
1506892984,22626235,3643.40,0.12000000,1
1506892929,22626211,3643.31,0.09440728,0
1506892929,22626210,3643.60,0.85000000,0
1506892928,22626209,3648.89,0.03000000,1
1506892928,22626208,3649.68,0.01876644,1
1506892926,22626202,3652.06,0.00682628,1
1506892923,22626192,3656.53,0.06564761,0
1506892923,22626190,3656.52,0.13700000,0
1506892921,22626188,3652.20,0.04351337,1
1506892920,22626187,3652.20,0.93209651,1
1506892907,22626176,3656.53,0.24774161,0
1506892905,22626173,3652.20,0.47710788,1
1506892903,22626171,3656.53,0.01448256,0
1506892901,22626166,3652.20,0.02075459,1
1506892899,22626164,3652.20,0.02074570,1
1506892894,22626158,3652.20,0.19992003,1
1506892881,22626148,3656.53,0.02575553,0
1506892878,22626146,3656.53,4.00000000,0
1506892873,22626142,3657.50,1.93446100,1
1506892861,22626140,3650.43,0.01572070,1
1506892849,22626139,3659.00,0.36103519,0
1506892849,22626138,3658.89,0.00387578,0
1506892848,22626137,3658.70,0.05000000,0
1506892848,22626136,3658.32,0.00433473,0
1506892848,22626135,3658.00,0.01540000,0
1506892848,22626134,3657.61,0.00551060,0
1506892848,22626133,3657.51,0.00551080,0
1506892848,22626132,3657.50,0.55433290,0
1506892828,22626128,3649.80,0.10676554,1
1506892803,22626121,3657.10,3.26910000,1
1506892759,22626111,3657.10,3.33940000,1
1506892739,22626107,3657.00,1.66130000,1
1506892739,22626106,3657.10,3.33870000,1
1506892730,22626104,3656.00,4.00000000,0
1506892730,22626103,3656.00,0.17142395,0
1506892730,22626102,3655.22,0.00693874,0
1506892729,22626101,3655.00,0.00812345,0
1506892729,22626100,3655.00,0.90447225,0
1506892714,22626095,3655.00,0.02255714,0
1506892706,22626094,3655.00,0.07297061,0
1506892706,22626093,3654.37,0.00221660,0
1506892706,22626092,3654.35,0.02271267,0
1506892706,22626091,3654.00,0.90210012,0
1506892666,22626075,3643.57,0.04355516,1
1506892665,22626072,3643.51,0.55500000,1
1506892651,22626066,3654.00,0.00546140,0
1506892645,22626059,3654.00,0.32813000,0
1506892645,22626058,3654.00,0.21785931,0
1506892603,22626039,3654.00,0.78214069,0
1506892603,22626038,3654.00,0.00241876,0
1506892603,22626037,3653.59,0.00302545,0
1506892602,22626036,3653.00,0.20000000,0
1506892602,22626035,3651.99,0.01170889,0
1506892602,22626033,3651.21,0.00193527,0
1506892601,22626032,3651.00,0.03000000,0
1506892601,22626031,3651.00,0.05000000,0
1506892601,22626030,3650.73,0.13059986,0
1506892601,22626029,3650.03,0.32194041,0
1506892600,22626027,3650.00,1.00000000,0
1506892600,22626026,3650.00,0.05000000,0
1506892600,22626025,3650.00,0.17083377,0
1506892600,22626024,3650.00,0.66557460,0
1506892600,22626023,3650.00,1.00000000,0
1506892600,22626021,3649.99,0.03000000,0
1506892599,22626020,3649.95,0.02856735,0
1506892599,22626019,3649.14,0.00552340,0
1506892599,22626018,3649.00,1.00000000,0
1506892598,22626017,3648.55,0.10000000,0
1506892598,22626015,3648.25,0.00300936,0
1506892598,22626014,3646.89,0.00692485,0
1506892597,22626013,3645.00,1.00000000,0
1506892597,22626012,3645.00,0.28735812,0
1506892597,22626011,3644.00,1.00000000,0
1506892597,22626010,3644.00,0.02760000,0
1506892596,22626009,3643.00,0.01926611,0
1506892596,22626008,3643.00,0.20000000,0
1506892596,22626007,3642.80,0.00222193,0
1506892594,22626006,3640.70,0.00222192,0
1506892592,22626003,3639.99,10.00000000,0
1506892589,22626000,3639.93,0.20705548,0
1506892584,22625995,3639.93,0.04294452,0
1506892584,22625993,3639.86,0.03639113,0
1506892583,22625991,3639.86,0.21596297,0
1506892578,22625986,3639.86,0.21587793,0
1506892575,22625981,3639.86,0.21579015,0
1506892570,22625978,3639.86,0.46621630,0
1506892561,22625974,3639.00,9.45401069,0
1506892553,22625971,3639.00,1.24772178,0
1506892543,22625963,3639.00,0.04664900,0
1506892535,22625962,3639.00,0.10010325,0
1506892526,22625960,3639.00,0.02567504,0
1506892500,22625919,3639.00,0.29775643,0
1506892479,22625917,3639.00,0.01686764,0
1506892472,22625913,3639.00,0.06364716,0
1506892465,22625911,3639.00,0.48744435,0
1506892445,22625897,3639.00,0.08082453,0
1506892440,22625891,3639.00,0.21577957,0
1506892438,22625889,3639.00,2.00000000,0
1506892437,22625887,3639.00,0.21555112,0
1506892434,22625883,3639.00,0.21546485,0
1506892429,22625880,3639.00,0.21537931,0
1506892426,22625878,3639.00,0.21529330,0
1506892422,22625872,3639.00,0.21534715,0
1506892416,22625861,3639.00,0.17100140,0
1506892413,22625857,3639.00,0.21505341,0
1506892409,22625853,3639.00,0.21496739,0
1506892408,22625849,3638.10,0.03008425,1
1506892403,22625847,3639.00,0.21502528,0
1506892399,22625843,3639.00,0.21479359,0
1506892395,22625832,3639.00,0.21470956,0
1506892392,22625828,3639.00,0.21475682,0
1506892387,22625822,3639.00,0.21466850,0
1506892387,22625819,3639.00,0.02652875,0
1506892386,22625815,3639.00,0.03000000,0
1506892384,22625812,3639.00,0.21446266,0
1506892384,22625810,3639.00,0.12609233,0
1506892380,22625805,3639.00,0.21437713,0
1506892375,22625802,3639.00,0.21429061,0
1506892371,22625799,3639.00,0.21420459,0
1506892368,22625795,3639.00,0.21406465,0
1506892363,22625793,3639.00,0.21397690,0
1506892361,22625791,3639.00,0.21389040,0
1506892356,22625786,3639.00,0.21380539,0
1506892352,22625783,3639.00,0.21372038,0
1506892349,22625780,3639.00,0.21363537,0
1506892345,22625777,3639.00,0.21355036,0
1506892341,22625772,3639.00,0.21363984,0
1506892338,22625768,3639.00,0.21355476,0
1506892334,22625765,3639.00,0.21346969,0
1506892333,22625762,3637.40,0.00544007,1
1506892327,22625760,3639.00,0.21330804,0
1506892324,22625756,3639.00,0.12981176,0
1506892319,22625743,3639.00,0.12980628,0
1506892315,22625737,3639.00,0.12981138,0
1506892311,22625734,3639.00,0.20400361,0
1506892306,22625729,3639.00,0.01299477,0
1506892303,22625726,3639.00,0.09777040,0
1506892264,22625715,3638.70,0.28022701,1
1506892244,22625714,3639.00,0.00794724,0
1506892241,22625712,3639.00,0.21288617,0
1506892236,22625709,3639.00,0.21280115,0
1506892230,22625704,3639.00,0.21271611,0
1506892227,22625702,3639.00,0.21263110,0
1506892224,22625698,3639.00,0.02677736,0
1506892222,22625692,3639.00,0.21254705,0
1506892217,22625684,3639.00,0.21246203,0
1506892212,22625681,3639.00,0.03238502,0
1506892208,22625679,3639.00,0.21236505,0
1506892204,22625676,3639.00,0.02067525,0
1506892204,22625674,3639.00,0.21228052,0
1506892203,22625672,3639.00,0.01859730,0
1506892199,22625671,3639.00,0.21219549,0
1506892195,22625668,3639.00,0.21211046,0
1506892190,22625665,3639.00,0.21202495,0
1506892184,22625662,3639.00,0.21193993,0
1506892181,22625657,3639.00,0.21185490,0
1506892176,22625652,3639.00,0.21176987,0
1506892173,22625649,3639.00,0.21168857,0
1506892168,22625645,3639.00,0.21160355,0
1506892166,22625641,3639.00,0.00685078,0
1506892164,22625639,3639.00,0.21151852,0
1506892160,22625636,3639.00,0.04268710,0
1506892156,22625635,3639.00,0.21143300,0
1506892152,22625628,3639.00,0.10694307,0
1506892145,22625626,3639.00,0.02956660,0
1506892144,22625624,3639.00,0.00685078,0
1506892142,22625618,3639.00,0.20296197,0
1506892138,22625614,3639.00,0.21122994,0
1506892134,22625612,3639.00,0.21122108,0
1506892131,22625610,3639.00,0.21113601,0
1506892126,22625605,3639.00,0.21105096,0
1506892124,22625601,3639.00,0.00768871,0
1506892122,22625598,3639.00,0.21096591,0
1506892121,22625596,3639.00,0.06376280,0
1506892120,22625595,3639.00,0.77054800,0
1506892119,22625594,3639.00,0.21088359,0
1506892114,22625591,3639.00,0.21079853,0
1506892109,22625586,3639.00,0.09717959,0
1506892108,22625585,3639.00,1.66795461,0
1506892106,22625583,3639.00,0.21066950,0
1506892104,22625580,3639.00,0.03236067,0
1506892098,22625575,3639.00,0.50115965,0
1506892083,22625573,3639.00,0.05313648,0
1506892063,22625570,3639.00,0.00751305,0
1506892053,22625569,3639.00,0.08211932,0
1506892042,22625568,3639.00,0.00816707,0
1506892042,22625567,3639.00,0.02678053,0
1506892038,22625566,3639.00,1.01715000,0
1506891994,22625556,3639.00,0.21058721,0
1506891989,22625553,3639.00,0.21050216,0
1506891986,22625547,3639.00,0.21041987,0
1506891981,22625543,3639.00,0.21033435,0
1506891976,22625540,3639.00,0.00618577,0
1506891974,22625538,3639.00,0.04135280,0
1506891973,22625537,3639.00,0.21026105,0
1506891970,22625534,3639.00,0.26454664,0
1506891969,22625532,3639.00,0.21017875,0
1506891964,22625528,3639.00,0.11777500,0
1506891961,22625527,3639.00,0.21009371,0
1506891957,22625524,3639.00,0.86024929,0
1506891957,22625523,3639.00,0.21000849,0
1506891953,22625520,3639.00,0.20992344,0
1506891945,22625512,3639.00,0.20983792,0
1506891941,22625504,3639.00,0.20975756,0
1506891938,22625502,3639.00,0.20967252,0
1506891934,22625499,3639.00,0.20959022,0
1506891932,22625494,3639.00,0.20950517,0
1506891928,22625491,3639.00,0.20942288,0
1506891927,22625488,3639.00,0.01800000,0
1506891926,22625487,3639.00,0.08110260,0
1506891925,22625486,3639.00,0.01732398,0
1506891925,22625485,3639.00,0.20933784,0
1506891916,22625479,3639.00,0.20924093,0
1506891909,22625471,3639.00,0.20915137,0
1506891904,22625468,3639.00,0.12615554,0
1506891887,22625463,3639.00,0.20919230,0
1506891882,22625460,3639.00,0.20898695,0
1506891877,22625454,3639.00,0.20889901,0
1506891871,22625451,3639.00,0.20881527,0
1506891861,22625447,3639.00,0.20875641,0
1506891851,22625437,3639.00,0.01372063,0
1506891846,22625435,3639.00,0.13932722,0
1506891830,22625427,3639.00,0.20857272,0
1506891827,22625405,3639.00,0.20848902,0
1506891826,22625402,3639.00,0.02671326,0
1506891825,22625401,3639.00,0.20840401,0
1506891819,22625395,3639.00,0.20831645,0
1506891816,22625388,3639.00,0.20813484,0
1506891812,22625383,3639.00,0.20804892,0
1506891806,22625380,3639.00,0.20796670,0
1506891803,22625375,3639.00,0.20788305,0
1506891801,22625371,3639.00,0.20744027,0
1506891798,22625368,3639.00,0.20779457,0
1506891795,22625366,3639.00,0.16907113,0
1506891794,22625365,3639.00,0.20794354,0
1506891787,22625356,3639.00,0.56004000,0
1506891783,22625350,3639.00,0.58396813,0
1506891782,22625346,3639.00,0.39579554,0
1506891776,22625333,3639.00,0.89430887,0
1506891775,22625331,3639.00,0.10629843,0
1506891769,22625325,3639.00,0.96151414,0
1506891768,22625323,3639.00,0.10629568,0
1506891766,22625320,3639.00,0.06720252,0
1506891766,22625318,3639.00,0.67638087,0
1506891765,22625317,3639.00,0.02671037,0
1506891765,22625315,3639.00,0.10629843,0
1506891763,22625310,3639.00,0.10694696,0
1506891762,22625305,3639.00,0.10630118,0
1506891761,22625303,3639.00,0.89238802,0
1506891760,22625300,3639.00,0.10630392,0
1506891758,22625297,3639.00,1.98000000,0
1506891758,22625296,3638.99,0.02000000,0
1506891755,22625294,3639.00,2.00000000,0
1506891752,22625288,3639.00,0.13798746,0
1506891750,22625287,3639.00,0.02910414,0
1506891748,22625283,3639.00,0.29969771,0
1506891747,22625279,3639.00,0.39580654,0
1506891745,22625276,3639.00,0.64202004,0
1506891745,22625274,3638.99,0.02000000,0
1506891709,22625249,3639.00,0.68320500,0
1506891701,22625247,3639.00,0.11348056,0
1506891675,22625242,3638.40,0.04162692,1
1506891665,22625236,3638.99,0.01616753,0
1506891660,22625231,3639.00,0.15977965,0
1506891646,22625228,3639.00,0.02635393,0
1506891641,22625227,3639.00,0.21920452,0
1506891632,22625224,3639.00,0.14925500,0
1506891627,22625223,3639.00,0.03513120,0
1506891621,22625221,3639.00,0.02287470,0
1506891620,22625220,3639.00,0.04386580,0
1506891616,22625218,3639.00,0.02861680,0
1506891612,22625213,3638.99,0.00659522,0
1506891612,22625212,3639.00,0.00384721,0
1506891606,22625209,3639.00,0.02416952,0
1506891605,22625203,3639.00,0.02866317,0
1506891604,22625198,3639.00,0.13890204,0
1506891603,22625195,3639.00,0.25492718,0
1506891586,22625184,3639.00,0.06115219,0
1506891573,22625170,3639.00,0.04892349,0
1506891567,22625169,3639.00,0.14098611,0
1506891541,22625162,3639.00,0.12544149,0
1506891493,22625156,3639.00,0.21871100,0
1506891491,22625147,3639.00,0.33569700,0
1506891490,22625146,3639.00,0.34071100,0
1506891487,22625145,3639.00,0.07014971,0
1506891484,22625143,3639.00,0.04066980,0
1506891463,22625132,3639.00,5.47095153,0
1506891461,22625129,3636.50,0.07177615,1
1506891444,22625114,3639.00,2.68893473,0
1506891443,22625113,3639.00,0.13662439,0
1506891422,22625107,3638.99,0.02833214,0
1506891394,22625095,3639.00,0.26972904,0
1506891394,22625094,3635.80,0.08706699,1
1506891386,22625092,3639.00,0.03000000,0
1506891367,22625091,3639.00,0.99395987,0
1506891364,22625090,3639.00,0.02408070,0
1506891360,22625089,3639.00,0.12000000,0
1506891337,22625087,3639.00,0.19601492,0
1506891315,22625077,3639.00,1.00000000,0
1506891295,22625070,3638.99,0.00872777,1
1506891289,22625069,3639.00,0.09374522,0
1506891284,22625066,3639.00,0.10026103,0
1506891283,22625065,3638.99,0.02123384,1
1506891282,22625064,3638.99,0.00876616,1
1506891269,22625062,3638.99,0.03000000,1
1506891256,22625059,3638.99,0.03000000,1
1506891251,22625058,3639.00,0.00294746,0
1506891251,22625057,3639.00,1.00000000,0
1506891243,22625053,3639.00,0.00801537,0
1506891243,22625051,3638.99,0.04000000,1
1506891241,22625050,3639.00,2.00000000,0
1506891238,22625048,3639.00,0.69485572,0
1506891236,22625043,3639.00,0.15123493,0
1506891236,22625042,3638.99,0.00000500,0
1506891229,22625041,3638.99,0.03999500,1
1506891228,22625038,3639.00,0.16647850,0
1506891228,22625036,3638.99,0.04000000,0
1506891206,22625028,3638.60,0.00329485,1
1506891181,22625016,3638.99,0.00918802,0
1506891173,22625014,3639.00,1.00000000,0
1506891146,22624996,3639.00,0.07301840,0
1506891143,22624995,3639.00,0.01203983,0
1506891139,22624993,3639.00,0.07501155,0
1506891133,22624984,3639.00,0.06178959,0
1506891133,22624972,3639.00,1.00000000,0
1506891130,22624944,3639.00,0.33923055,0
1506891123,22624930,3639.00,0.33922780,0
1506891108,22624915,3639.00,0.05915382,0
1506891108,22624913,3639.00,0.20724479,0
1506891103,22624911,3639.00,0.08335776,0
1506891102,22624908,3639.00,0.04141424,0
1506891100,22624907,3639.00,0.41121187,0
1506891096,22624902,3639.00,0.17436372,0
1506891095,22624900,3639.00,0.01647980,0
1506891094,22624898,3639.00,0.10112624,0
1506891086,22624883,3639.00,0.33922231,0
1506891083,22624878,3639.00,0.33921406,0
1506891079,22624874,3639.00,0.33920307,0
1506891076,22624870,3639.00,0.33919483,0
1506891076,22624868,3639.00,0.31979432,0
1506891076,22624867,3639.00,0.13530483,0
1506891075,22624866,3637.30,0.30000000,1
1506891074,22624862,3639.00,0.19522121,0
1506891071,22624858,3639.00,0.33917834,0
1506891070,22624853,3639.00,0.99657023,0
1506891069,22624848,3639.00,0.02215140,0
1506891059,22624818,3638.99,0.00991346,0
1506891058,22624817,3638.99,0.02008654,0
1506891058,22624813,3639.00,0.04757184,0
1506891057,22624810,3639.00,0.32320700,0
1506891056,22624808,3639.00,0.01870412,0
1506891056,22624807,3639.00,0.25009341,0
1506891056,22624806,3639.00,0.01803351,0
1506891054,22624800,3639.00,0.09334057,0
1506891054,22624798,3639.00,0.03613001,0
1506891053,22624796,3639.00,0.01847316,0
1506891052,22624795,3639.00,10.90000000,0
1506891048,22624789,3639.00,11.07000000,0
1506891048,22624788,3638.99,0.03000000,0
1506891029,22624770,3635.00,2.54347927,0
1506891027,22624768,3635.00,0.20526927,0
1506891026,22624767,3635.00,0.02495441,0
1506891020,22624766,3635.00,0.08864882,0
1506891018,22624764,3635.00,0.08504264,0
1506891016,22624761,3635.00,0.09959787,0
1506891016,22624760,3635.00,0.04427510,0
1506891015,22624758,3635.00,0.30918570,0
1506891015,22624757,3635.00,0.16600826,0
1506891014,22624756,3635.00,0.32858910,0
1506891014,22624755,3635.00,0.37335708,0
1506891012,22624752,3635.00,0.23806327,0
1506891011,22624747,3635.00,0.28138101,0
1506891009,22624745,3635.00,0.01386520,0
1506891009,22624744,3635.00,0.13919669,0
1506891009,22624743,3635.00,0.07112517,0
1506891008,22624740,3635.00,0.04442462,0
1506891008,22624739,3635.00,0.12110029,0
1506891006,22624734,3635.00,0.01386519,0
1506891006,22624733,3635.00,0.72957909,0
1506891002,22624724,3635.00,0.74665288,0
1506890994,22624711,3635.00,0.01386519,0
1506890991,22624706,3635.00,0.45936256,0
1506890990,22624705,3635.00,0.07663299,0
1506890990,22624704,3635.00,0.28691254,0
1506890989,22624702,3635.00,0.26653622,0
1506890989,22624701,3635.00,0.29443466,0
1506890985,22624693,3635.00,0.42912013,0
1506890985,22624692,3635.00,0.30198074,0
1506890983,22624686,3635.00,0.42918379,0
1506890982,22624684,3635.00,0.00769825,0
1506890981,22624682,3635.00,0.10898000,0
1506890980,22624681,3635.00,0.20000000,0
1506890978,22624673,3635.00,0.25175981,0
1506890976,22624664,3635.00,2.00000000,0
1506890974,22624661,3635.00,2.00000000,0
1506890971,22624659,3635.00,0.42362996,0
1506890962,22624650,3635.00,12.20782915,0
1506890961,22624649,3634.50,0.60281690,0
1506890961,22624648,3634.50,0.89935395,0
1506890941,22624646,3634.50,0.05502893,0
1506890914,22624635,3634.50,0.01198000,0
1506890899,22624632,3634.50,0.00998762,0
1506890823,22624619,3634.50,0.07984663,0
1506890823,22624618,3634.49,0.19388147,0
1506890810,22624617,3634.44,0.06211766,0
1506890810,22624616,3634.43,0.02131381,0
1506890806,22624614,3632.80,0.10000000,1
1506890804,22624612,3632.80,0.16410400,1
1506890775,22624589,3633.00,0.01251200,1
1506890774,22624587,3634.44,0.03788234,0
1506890774,22624585,3633.00,0.06211766,0
1506890773,22624582,3633.00,0.06213251,0
1506890764,22624576,3633.00,0.06314891,0
1506890764,22624574,3633.00,0.12470000,0
1506890761,22624567,3633.00,0.01582526,0
1506890721,22624544,3632.30,0.37700000,1
1506890702,22624526,3633.00,0.02590436,0
1506890700,22624524,3633.00,0.01276917,0
1506890687,22624518,3633.00,0.00769825,0
1506890685,22624512,3633.00,0.02570388,0
1506890614,22624480,3634.49,0.01893000,0
1506890592,22624457,3634.49,0.06025000,0
1506890588,22624456,3632.30,0.19900000,1
1506890579,22624451,3634.49,0.02058336,0
1506890443,22624384,3634.49,0.00769929,0
1506890394,22624341,3634.49,0.02711676,0
1506890344,22624333,3634.49,0.06312302,0
1506890341,22624329,3632.30,0.34600000,1
1506890307,22624317,3634.49,0.05376003,0
1506890287,22624316,3634.49,0.55465607,0
1506890287,22624315,3634.00,0.02130700,0
1506890287,22624314,3634.00,0.38315513,0
1506890275,22624313,3632.30,0.21284700,1
1506890251,22624304,3634.00,0.02713176,0
1506890247,22624303,3634.00,0.02487717,0
1506890243,22624302,3634.00,0.01940353,0
1506890237,22624299,3634.00,0.04543241,0
1506890205,22624290,3634.50,0.02055518,0
1506890204,22624288,3634.50,0.25575407,0
1506890200,22624286,3634.50,0.00548906,0
1506890191,22624284,3634.50,0.47602768,0
1506890191,22624283,3634.00,0.12274310,0
1506890184,22624279,3634.00,0.01203990,0
1506890144,22624273,3632.30,0.02257958,1
1506890044,22624257,3634.00,0.12626582,0
1506890013,22624251,3634.50,0.13324058,0
1506890005,22624249,3634.50,0.05273630,0
1506890005,22624248,3634.50,0.72715391,0
1506890003,22624247,3634.50,0.66241302,0
1506889985,22624242,3634.50,0.01300907,0
1506889985,22624241,3634.50,0.46497453,0
1506889984,22624240,3632.30,0.21064577,1
1506889964,22624234,3634.50,0.01248992,0
1506889963,22624233,3634.50,0.02589724,0
1506889946,22624230,3634.50,0.09406231,0
1506889932,22624227,3635.00,0.01346574,0
1506889930,22624226,3632.30,0.00157362,1
1506889927,22624225,3632.30,0.00314724,1
1506889924,22624224,3632.40,0.00629449,1
1506889920,22624218,3635.00,13.10000000,0
1506889920,22624217,3632.31,0.01258898,1
1506889917,22624216,3633.50,0.02517796,1
1506889914,22624214,3633.50,0.05035591,1
1506889912,22624213,3633.41,0.10071182,1
1506889909,22624212,3635.00,0.01132681,0
1506889893,22624189,3635.00,0.02154341,0
1506889873,22624182,3635.00,0.05457075,0
1506889861,22624175,3635.00,0.01518550,0
1506889843,22624171,3635.00,0.00769823,0
1506889808,22624156,3635.00,0.50496269,0
1506889804,22624154,3635.00,0.00762091,0
1506889796,22624152,3635.00,0.02186577,0
1506889783,22624150,3635.00,1.32801651,0
1506889758,22624148,3635.00,15.85000000,0
1506889695,22624100,3634.50,0.05000000,0
1506889695,22624099,3634.50,0.28148753,0
1506889683,22624098,3634.50,0.00787305,0
1506889663,22624092,3634.50,0.01549877,0
1506889661,22624091,3634.50,0.69514065,0
1506889651,22624089,3635.00,0.08232462,0
1506889644,22624086,3635.00,0.23841999,0
1506889631,22624083,3635.00,0.26234113,0
1506889603,22624080,3635.00,0.00730105,0
1506889603,22624079,3634.99,0.00039612,0
1506889597,22624076,3634.99,0.00960388,0
1506889591,22624066,3635.00,0.34971213,0
1506889587,22624064,3635.00,1.94580626,0
1506889585,22624061,3635.00,0.02641787,0
1506889585,22624059,3635.00,1.94502876,0
1506889581,22624055,3635.00,0.01370719,0
1506889564,22624041,3635.00,0.01330861,0
1506889563,22624038,3635.00,0.09660935,0
1506889557,22624035,3634.90,0.00002827,1
1506889557,22624034,3634.99,0.04044873,1
1506889557,22624033,3635.00,0.04181270,0
1506889544,22624029,3635.00,0.12022587,0
1506889540,22624028,3634.99,0.01000000,1
1506889527,22624017,3634.99,0.01000000,1
1506889526,22624016,3635.00,0.02632592,0
1506889525,22624015,3635.00,0.20000000,0
1506889524,22624014,3635.00,0.02026657,0
1506889521,22624013,3635.00,0.01517668,0
1506889521,22624012,3635.00,0.00802419,0
1506889521,22624011,3635.00,0.02210905,0
1506889514,22624007,3634.99,0.01000000,1
1506889500,22624005,3634.99,0.01000000,1
1506889488,22624004,3635.00,0.02056176,0
1506889487,22624001,3634.99,0.01000000,1
1506889474,22623999,3634.99,0.02000000,1
1506889467,22623995,3635.00,0.42083091,0
1506889461,22623994,3635.00,0.01159660,0
1506889461,22623993,3634.99,0.02000000,1
1506889447,22623988,3634.99,0.02000000,1
1506889436,22623983,3635.00,0.00294709,0
1506889434,22623982,3634.99,0.02000000,1
1506889431,22623981,3635.00,0.32037035,0
1506889424,22623979,3635.00,0.07087300,0
1506889419,22623975,3635.00,0.01249370,0
1506889407,22623972,3632.40,0.14000000,1
1506889406,22623971,3635.00,0.06956416,0
1506889403,22623964,3635.00,0.30000000,0
1506889402,22623963,3635.00,0.06956367,0
1506889396,22623958,3635.00,0.14102026,0
1506889388,22623954,3635.00,0.03600646,0
1506889376,22623932,3635.00,0.36804677,0
1506889367,22623930,3635.00,0.02586287,0
1506889366,22623927,3635.00,0.10291854,0
1506889364,22623923,3635.00,0.05703238,0
1506889364,22623922,3635.00,0.04112410,0
1506889364,22623921,3635.00,0.00802425,0
1506889332,22623889,3635.00,0.37461635,0
1506889329,22623886,3635.00,0.98002965,0
1506889329,22623885,3634.99,0.02000000,0
1506889322,22623879,3635.00,16.10000000,0
1506889303,22623874,3635.00,0.00801347,0
1506889296,22623872,3635.00,0.29172753,0
1506889248,22623851,3635.00,1.47720904,0
1506889248,22623850,3635.00,0.06951233,0
1506889239,22623846,3635.00,15.82329358,0
1506889239,22623845,3634.97,0.47670642,0
1506889203,22623836,3633.40,2.19000000,1
1506889200,22623832,3633.33,0.02508528,1
1506889194,22623828,3633.30,0.88718400,1
1506889191,22623826,3633.30,0.01600150,1
1506889183,22623824,3633.13,0.04919020,1
1506889174,22623821,3633.00,0.11433842,1
1506889169,22623820,3632.33,0.15217900,1
1506889168,22623819,3632.30,0.05117530,1
1506889126,22623808,3639.80,0.74974806,0
1506889115,22623803,3632.50,0.75218976,1
1506889113,22623802,3632.53,0.52701421,1
1506889087,22623784,3633.03,0.36230000,1
1506889027,22623743,3639.83,0.02693880,0
1506889025,22623741,3632.20,0.01761310,1
1506889024,22623740,3632.70,0.02711008,1
1506889004,22623737,3639.83,0.18357723,0
1506888988,22623736,3632.33,0.01608088,1
1506888983,22623729,3632.70,0.02682425,1
1506888975,22623724,3639.83,0.03505013,0
1506888975,22623723,3634.99,1.53834433,0
1506888975,22623722,3634.99,0.21572293,0
1506888975,22623721,3634.99,0.93099763,0
1506888972,22623720,3634.99,0.05958614,0
1506888963,22623709,3634.99,0.00769719,0
1506888958,22623707,3634.99,0.01795282,0
1506888957,22623706,3634.99,0.03947858,0
1506888891,22623691,3634.99,0.12141639,0
1506888864,22623686,3634.99,0.57561522,0
1506888863,22623685,3634.99,0.00769719,0
1506888859,22623684,3634.99,0.01043561,0
1506888847,22623681,3634.99,0.08920809,0
1506888835,22623679,3634.99,0.40961507,0
1506888808,22623676,3634.99,0.68600000,0
1506888764,22623668,3634.99,0.05396005,0
1506888759,22623667,3634.99,0.07500000,0
1506888736,22623660,3633.00,0.01175400,1
1506888725,22623659,3634.99,0.01419900,0
1506888723,22623658,3634.99,0.02672995,0
1506888717,22623657,3634.99,0.06764104,0
1506888694,22623647,3634.99,4.00860896,0
1506888603,22623632,3634.99,0.27012726,0
1506888551,22623624,3634.99,0.03261517,0
1506888551,22623623,3634.99,0.03990675,0
1506888541,22623619,3632.23,0.29347528,1
1506888540,22623618,3634.86,0.14602472,1
1506888522,22623613,3634.99,0.05416400,0
1506888403,22623569,3634.99,0.00762611,0
1506888401,22623568,3634.99,0.02586308,0
1506888386,22623565,3634.86,0.06537403,1
1506888385,22623564,3634.99,0.02387580,0
1506888368,22623559,3634.99,0.02708654,0
1506888344,22623526,3634.99,0.43591265,0
1506888344,22623525,3634.86,0.00876926,1
1506888318,22623516,3634.99,0.01687519,0
1506888317,22623514,3635.00,0.11004126,1
1506888302,22623507,3639.86,0.02691598,0
1506888278,22623501,3639.80,0.09789245,0
1506888265,22623500,3639.80,0.02164210,0
1506888252,22623492,3639.80,0.01371744,0
1506888246,22623486,3639.80,0.05336456,0
1506888234,22623482,3639.80,0.05508270,0
1506888214,22623481,3634.86,0.09800790,1
1506888212,22623479,3634.86,0.00015447,1
1506888211,22623478,3635.00,0.22008253,1
1506888204,22623477,3639.80,0.01314973,0
1506888203,22623476,3639.80,0.00794774,0
1506888184,22623472,3639.80,0.00866698,0
1506888134,22623461,3639.80,0.02179826,0
1506888044,22623433,3634.86,0.02522660,1
1506888028,22623418,3639.80,0.01510085,0
1506888026,22623416,3639.80,0.01367646,0
1506888025,22623414,3639.80,0.00755055,0
1506888025,22623413,3639.80,0.00404573,0
1506888023,22623412,3639.80,0.00768704,0
1506888021,22623411,3634.86,0.09250600,1
1506888020,22623410,3639.80,0.00548107,0
1506887987,22623395,3639.80,0.05505522,0
1506887964,22623391,3634.86,0.38119426,1
1506887945,22623389,3639.80,0.01679812,0
1506887939,22623388,3634.86,0.12000000,1
1506887930,22623385,3634.86,1.18541000,1
1506887913,22623381,3639.86,0.23441286,0
1506887884,22623365,3639.80,0.00286752,0
1506887884,22623364,3639.69,0.01133194,0
1506887844,22623350,3639.80,0.02768009,0
1506887840,22623348,3639.80,0.22195298,0
1506887840,22623347,3639.17,0.00140000,0
1506887839,22623341,3635.10,0.01000000,0
1506887838,22623340,3635.10,0.03636825,0
1506887795,22623308,3635.10,0.02853242,0
1506887779,22623302,3634.86,0.20084570,1
1506887742,22623268,3634.86,0.05095035,1
1506887659,22623227,3635.10,0.26488183,0
1506887659,22623226,3635.10,0.26933221,0
1506887658,22623225,3635.10,0.00833178,0
1506887657,22623224,3635.10,0.00963376,0
1506887657,22623223,3632.80,0.00140000,0
1506887656,22623222,3632.43,0.01615231,0
1506887655,22623221,3632.43,0.03257240,0
1506887650,22623219,3632.30,0.07000000,1
1506887625,22623211,3632.43,0.02377529,0
1506887575,22623200,3635.10,0.01591975,0
1506887543,22623195,3639.13,0.00898519,0
1506887519,22623191,3632.43,0.00220018,1
1506887465,22623185,3639.14,0.07201577,0
1506887451,22623184,3639.70,0.05958675,0
1506887442,22623179,3632.93,0.02424240,1
1506887442,22623178,3639.17,0.00410565,1
1506887425,22623176,3639.86,0.02139972,0
1506887425,22623175,3639.73,0.02232776,0
1506887420,22623174,3639.74,0.75475170,0
1506887390,22623165,3639.33,0.02567991,0
1506887324,22623153,3639.67,0.01356800,0
1506887293,22623147,3639.17,0.29643596,1
1506887293,22623146,3639.83,0.00548270,1
1506887290,22623145,3639.83,0.02545756,0
1506887270,22623139,3639.17,0.17358847,1
1506887266,22623137,3639.80,0.00710432,0
1506887266,22623136,3639.50,0.01685102,0
1506887264,22623133,3639.50,0.00828598,0
1506887245,22623106,3639.17,2.13067801,1
1506887196,22623098,3632.10,0.01000000,1
1506887168,22623097,3632.13,0.08677618,1
1506887163,22623092,3639.49,0.02015723,0
1506887064,22623075,3639.86,0.01315640,0
1506887045,22623074,3639.80,0.01405923,0
1506887043,22623073,3639.77,0.06303146,0
1506887026,22623065,3633.01,0.13644890,0
1506887025,22623064,3633.01,0.06355110,1
1506886993,22623062,3639.86,0.00445280,0
1506886993,22623061,3639.85,0.22394440,0
1506886984,22623043,3633.01,0.04338649,1
1506886962,22623020,3639.85,0.00768744,0
1506886946,22623018,3639.85,0.18893812,0
1506886932,22623012,3639.85,0.00913915,0
1506886923,22623009,3639.85,0.00801404,0
1506886906,22623005,3639.85,0.10322279,0
1506886871,22622984,3639.85,0.04792894,0
1506886864,22622970,3639.79,0.02586450,0
1506886825,22622944,3639.85,0.14019571,0
1506886804,22622938,3639.85,0.05154954,0
1506886804,22622937,3639.60,0.08596542,0
1506886765,22622914,3639.60,0.00788780,0
1506886740,22622907,3639.60,0.05974558,0
1506886707,22622898,3639.60,0.02814896,0
1506886705,22622897,3632.30,0.01556132,1
1506886701,22622894,3632.40,0.33456809,1
1506886682,22622890,3639.60,0.10794053,0
1506886571,22622851,3639.60,0.00913915,0
1506886568,22622850,3639.60,0.27409605,0
1506886565,22622848,3639.60,0.04255000,0
1506886564,22622847,3636.90,0.02560011,1
1506886526,22622837,3636.76,0.26697600,1
1506886525,22622836,3636.76,0.26697600,1
1506886524,22622835,3637.20,0.26697600,1
1506886520,22622833,3637.08,0.09378017,0
1506886519,22622832,3637.07,0.01730841,0
1506886470,22622824,3633.10,0.09899937,1
1506886465,22622815,3633.00,0.10444495,1
1506886465,22622814,3633.84,0.00850000,1
1506886464,22622812,3637.08,0.01542083,0
1506886448,22622796,3637.08,4.82136165,1
1506886447,22622795,3637.08,0.36378141,1
1506886445,22622793,3639.60,0.00890000,0
1506886443,22622791,3639.60,0.25488515,0
1506886443,22622790,3639.60,0.02690343,0
1506886398,22622766,3639.60,0.05409699,0
1506886391,22622760,3639.60,0.01452663,0
1506886390,22622759,3633.84,0.33346000,0
1506886386,22622758,3637.40,1.75580000,1
1506886384,22622757,3637.40,0.02579870,1
1506886384,22622756,3639.60,0.02521431,0
1506886377,22622754,3637.40,0.33483300,1
1506886342,22622743,3632.10,0.34378847,0
1506886341,22622742,3632.13,0.65449153,1
1506886333,22622740,3639.40,0.29734876,0
1506886328,22622738,3639.37,0.02656732,0
1506886285,22622706,3639.80,0.05285499,0
1506886225,22622700,3639.37,0.05750000,0
1506886204,22622691,3639.57,0.02662701,0
1506886197,22622689,3639.80,0.02018049,0
1506886164,22622678,3635.29,0.00763519,0
1506886126,22622671,3632.06,0.18261937,1
1506886117,22622666,3639.73,0.25174222,1
1506886116,22622665,3639.73,0.02231657,0
1506886083,22622655,3639.80,0.10501836,0
1506886082,22622654,3639.79,0.00779239,0
1506886065,22622652,3639.79,0.01272123,0
1506886058,22622651,3639.69,0.07265444,0
1506886044,22622648,3639.41,0.00803422,0
1506885992,22622641,3639.58,0.03526814,0
1506885985,22622640,3639.44,0.05643789,0
1506885925,22622628,3639.58,0.01281854,0
1506885903,22622619,3639.79,0.01265000,0
1506885843,22622591,3639.69,0.25487885,0
1506885804,22622581,3639.85,0.01629034,0
1506885795,22622577,3639.61,0.02525000,1
1506885793,22622576,3639.61,0.03661779,0
1506885774,22622573,3632.13,0.04100000,1
1506885747,22622569,3639.85,0.05959270,0
1506885743,22622568,3639.85,0.01194669,0
1506885743,22622567,3639.82,0.00146700,0
1506885722,22622559,3639.79,0.11241478,0
1506885705,22622550,3639.82,0.00923792,0
1506885705,22622549,3639.50,0.18945833,0
1506885703,22622548,3631.51,0.01008204,1
1506885693,22622546,3631.90,0.44990000,1
1506885684,22622545,3639.50,0.05412821,0
1506885683,22622544,3639.50,0.01641346,0
1506885665,22622539,3639.85,0.42562818,0
1506885665,22622538,3639.50,0.57437182,0
1506885664,22622537,3639.50,0.06303613,0
1506885643,22622532,3639.50,0.02690698,0
1506885624,22622528,3639.29,0.01341369,0
1506885571,22622492,3631.91,0.15456000,1
1506885535,22622488,3632.90,0.18140745,1
1506885535,22622487,3632.93,0.21926145,1
1506885510,22622480,3632.31,0.30879309,1
1506885509,22622479,3632.37,0.03754915,1
1506885451,22622471,3637.09,0.03484949,1
1506885447,22622466,3639.29,0.00796005,0
1506885445,22622463,3634.27,0.01246743,1
1506885443,22622462,3634.21,0.09699827,1
1506885424,22622459,3639.50,0.02568507,0
1506885413,22622457,3633.68,0.18844300,0
1506885411,22622455,3639.85,0.15649820,0
1506885411,22622454,3639.77,0.03169051,0
1506885409,22622450,3637.49,0.90932446,0
1506885403,22622449,3637.49,0.09067554,0
1506885403,22622448,3637.48,0.01308737,0
1506885345,22622430,3639.50,0.10708854,0
1506885344,22622429,3633.51,1.57698000,1
1506885343,22622427,3639.50,0.18166046,0
1506885343,22622426,3633.50,0.20600300,1
1506885341,22622424,3633.50,0.06341880,1
1506885340,22622423,3633.43,0.10812000,1
1506885322,22622420,3639.50,0.00553753,0
1506885322,22622419,3639.45,0.00255108,0
1506885307,22622413,3639.45,0.02362366,0
1506885244,22622389,3639.50,0.02033276,0
1506885244,22622387,3639.49,0.05234948,0
1506885162,22622312,3634.00,0.70745740,1
1506885162,22622311,3639.41,0.00165359,1
1506885162,22622310,3639.41,0.09896565,1
1506885155,22622306,3639.41,0.08968839,1
1506885149,22622298,3639.41,0.70664700,1
1506885148,22622296,3639.39,0.10469896,0
1506885119,22622288,3639.39,0.01644506,0
1506885090,22622286,3639.39,0.02180075,0
1506885044,22622281,3631.90,0.28081503,1
1506885041,22622280,3639.37,0.26917339,0
1506885041,22622279,3638.59,0.14256899,0
1506885038,22622278,3632.03,0.00220054,0
1506885027,22622274,3638.59,0.02676198,0
1506885025,22622273,3638.59,0.00797478,0
1506884938,22622256,3639.38,0.08810007,1
1506884938,22622255,3639.38,0.09314993,0
1506884920,22622246,3639.38,0.00685007,0
1506884912,22622216,3639.38,0.02056668,1
1506884911,22622215,3634.39,0.02077000,0
1506884911,22622214,3634.39,0.48011395,0
1506884884,22622207,3634.39,0.02371161,0
1506884881,22622204,3631.36,0.12000000,1
1506884868,22622202,3631.36,0.15981199,1
1506884863,22622199,3631.36,0.07701254,1
1506884847,22622193,3634.39,0.03084058,0
1506884846,22622190,3634.39,0.00802553,0
1506884844,22622189,3634.39,0.53761821,0
1506884844,22622188,3634.00,0.00010896,0
1506884835,22622182,3634.00,0.11694350,0
1506884784,22622169,3631.36,0.04837560,1
1506884771,22622164,3634.00,0.00294754,0
1506884714,22622149,3634.39,0.16063214,0
1506884714,22622148,3634.00,0.12000000,0
1506884673,22622126,3634.39,0.13523270,0
1506884640,22622101,3634.39,0.24909834,0
1506884634,22622097,3634.39,0.13522523,0
1506884582,22622056,3634.39,0.00802555,0
1506884563,22622051,3634.39,0.10802043,0
1506884537,22622045,3634.39,0.05839664,0
1506884521,22622041,3634.39,0.01420138,0
1506884504,22622040,3634.39,0.02590172,0
1506884495,22622035,3634.39,0.00402657,0
1506884465,22622029,3634.39,0.13066650,0
1506884445,22622014,3634.39,0.01216277,0
1506884445,22622013,3634.38,0.01406437,0
1506884385,22622002,3627.00,0.01176856,1
1506884378,22622000,3634.39,0.22212125,0
1506884377,22621999,3634.39,0.01265000,0
1506884376,22621998,3634.39,0.02596476,0
1506884376,22621997,3634.38,0.02812875,0
1506884324,22621985,3634.38,0.01073006,0
1506884293,22621981,3634.39,0.01440330,0
1506884285,22621980,3634.39,0.13261649,0
1506884285,22621979,3634.38,0.05564425,0
1506884284,22621978,3634.37,0.06698756,0
1506884245,22621963,3634.38,0.02690078,0
1506884245,22621962,3634.38,0.01159113,0
1506884243,22621960,3634.38,0.10390872,0
1506884184,22621920,3634.38,0.01847527,0
1506884161,22621917,3634.38,0.10359902,0
1506884159,22621915,3634.38,0.05773506,0
1506884158,22621914,3634.39,0.00420338,0
1506884157,22621913,3634.23,0.00999949,0
1506884156,22621912,3634.36,0.03703727,0
1506884154,22621910,3634.36,0.04686822,0
1506884154,22621909,3634.36,0.02176899,0
1506884154,22621908,3634.27,0.00853035,0
1506884152,22621907,3634.27,0.01581674,0
1506884151,22621906,3634.27,0.00565240,0
1506884151,22621905,3634.25,0.00235349,0
1506884149,22621904,3634.25,0.00764600,0
1506884113,22621897,3626.30,0.20000000,1
1506884000,22621841,3630.11,1.20881847,1
1506883994,22621839,3634.39,0.04327699,0
1506883993,22621838,3634.39,0.10190272,0
1506883993,22621836,3634.34,0.04353798,0
1506883992,22621835,3634.30,0.12456876,0
1506883947,22621823,3634.30,0.05939630,0
1506883872,22621815,3634.30,0.02615068,0
1506883782,22621785,3626.50,0.01527865,1
1506883776,22621783,3634.19,0.00294932,0
1506883725,22621767,3633.99,0.02574081,0
1506883693,22621764,3634.10,0.00294969,0
1506883688,22621762,3627.20,0.10941263,1
1506883675,22621756,3627.20,0.12730604,1
1506883620,22621738,3626.31,1.62308433,1
1506883620,22621737,3628.10,0.00330719,1
1506883604,22621724,3634.30,0.02851614,0
1506883601,22621723,3628.11,0.03447973,1
1506883581,22621716,3634.30,0.00015762,0
1506883581,22621715,3634.00,0.02628995,0
1506883536,22621695,3626.61,0.34424293,1
1506883536,22621694,3631.61,0.00549510,1
1506883536,22621693,3631.90,0.00661437,1
1506883530,22621634,3631.90,0.07109796,1
1506883512,22621623,3631.61,0.48014896,1
1506883503,22621620,3634.30,0.03502962,0
1506883502,22621617,3631.61,0.00482000,1
1506883499,22621611,3631.61,0.60547252,1
1506883492,22621609,3631.61,0.82995215,1
1506883492,22621608,3632.00,0.01322875,1
1506883487,22621601,3631.61,0.17784004,1
1506883486,22621599,3631.61,0.39202793,1
1506883486,22621598,3632.00,0.00141577,1
1506883483,22621596,3632.00,0.02858423,0
1506883480,22621595,3626.40,0.07121931,1
1506883468,22621582,3626.08,0.17811126,1
1506883436,22621572,3626.08,0.06775574,1
1506883427,22621569,3632.00,0.16478524,0
1506883424,22621568,3626.08,0.11186659,1
1506883401,22621561,3632.00,0.07388180,0
1506883400,22621560,3631.50,0.20091838,0
1506883379,22621559,3626.06,0.17341927,1
1506883367,22621557,3626.06,0.06985911,1
1506883365,22621556,3631.50,0.02118400,0
1506883344,22621552,3631.50,0.00770508,0
1506883342,22621548,3622.82,0.08843466,1
1506883285,22621536,3631.50,0.05500000,0
1506883284,22621535,3631.50,0.01519254,0
1506883262,22621533,3622.82,0.00981296,1
1506883174,22621521,3621.03,0.11060768,1
1506883159,22621518,3623.82,0.76559651,1
1506883159,22621517,3626.00,0.09715289,1
1506883152,22621516,3631.67,0.08240011,0
1506883147,22621512,3626.00,0.10486861,1
1506883146,22621511,3626.00,0.09797850,1
1506883121,22621505,3626.84,0.15231685,1
1506883107,22621500,3631.70,0.01655616,0
1506883105,22621498,3631.67,0.00791388,0
1506883084,22621496,3631.30,0.02527194,0
1506883075,22621493,3618.89,0.03695882,1
1506883073,22621492,3626.84,0.02645750,0
1506883069,22621491,3620.85,0.10079445,1
1506883064,22621487,3626.84,0.02644973,0
1506883063,22621486,3620.84,0.10862909,1
1506883063,22621485,3626.84,0.05291500,1
1506883063,22621484,3631.77,0.13732973,1
1506883061,22621483,3631.90,0.05368967,0
1506883033,22621476,3631.77,0.26998242,0
1506882981,22621462,3632.00,0.03274873,0
1506882981,22621461,3631.29,0.02500000,0
1506882981,22621460,3631.27,0.01384739,0
1506882970,22621455,3631.29,0.02000000,1
1506882967,22621454,3631.65,0.02746685,0
1506882950,22621452,3617.02,0.13966155,1
1506882945,22621451,3632.96,0.10079445,0
1506882944,22621450,3632.97,0.00803586,0
1506882932,22621442,3631.11,0.05438689,0
1506882854,22621429,3615.93,0.02187622,1
1506882851,22621428,3630.67,0.02113659,0
1506882850,22621427,3629.74,0.00084280,0
1506882825,22621421,3629.74,0.00167180,0
1506882825,22621420,3629.72,0.02500000,0
1506882825,22621419,3629.72,0.00000486,0
1506882808,22621416,3629.72,0.00802514,1
1506882806,22621415,3629.72,0.01945632,0
1506882761,22621412,3615.93,0.01724614,1
1506882750,22621411,3615.93,0.00221022,1
1506882734,22621404,3628.75,0.02179538,0
1506882733,22621403,3628.74,0.01943636,0
1506882705,22621398,3615.93,0.01942720,1
1506882682,22621392,3615.93,0.05267160,1
1506882681,22621391,3628.75,0.03826865,0
1506882681,22621390,3628.74,0.02675599,0
1506882675,22621389,3615.93,0.01745542,1
1506882667,22621381,3628.75,0.02699286,0
1506882665,22621379,3628.75,0.02647520,0
1506882664,22621378,3628.75,0.00797973,0
1506882625,22621373,3629.74,0.00048540,0
1506882625,22621372,3627.71,0.02529043,0
1506882605,22621363,3627.71,0.09107579,0
1506882582,22621359,3627.71,0.02388678,0
1506882564,22621355,3627.71,0.00770713,0
1506882401,22621306,3627.71,0.02625000,0
1506882386,22621304,3627.71,0.02578987,0
1506882352,22621296,3627.40,0.80517497,0
1506882352,22621295,3624.85,0.19482503,0
1506882323,22621288,3624.80,0.00771926,0
1506882322,22621286,3624.80,0.74591465,0
1506882322,22621285,3624.60,0.25408535,0
1506882312,22621284,3624.20,0.02729829,0
1506882305,22621282,3624.60,0.02525581,0
1506882290,22621280,3624.60,0.02939949,0
1506882289,22621274,3624.60,0.01959949,0
1506882288,22621272,3624.60,0.07165986,0
1506882288,22621271,3624.60,0.03994246,0
1506882246,22621258,3624.60,0.02596975,0
1506882244,22621252,3624.60,0.01321285,0
1506882242,22621250,3615.92,0.00169911,1
1506882238,22621248,3615.92,0.00339824,1
1506882235,22621246,3615.92,0.00679648,1
1506882231,22621245,3615.92,0.01359294,1
1506882227,22621243,3615.92,0.02718590,1
1506882225,22621242,3624.60,0.02651270,0
1506882223,22621241,3615.92,0.02486403,1
1506882223,22621240,3615.92,0.02603966,1
1506882223,22621239,3616.50,0.02833214,1
1506882194,22621206,3624.60,0.04000988,0
1506882193,22621205,3624.60,0.01377302,0
1506882161,22621202,3624.60,0.02701453,0
1506882125,22621198,3624.70,0.01293270,0
1506882101,22621188,3624.85,0.05517497,0
1506882087,22621186,3624.70,0.00789759,0
1506882087,22621185,3624.70,0.16270807,0
1506882020,22621172,3624.80,0.02720387,0
1506882004,22621171,3624.80,0.02531726,1
1506882003,22621170,3624.80,0.02718193,0
1506881950,22621157,3624.80,0.01377265,0
1506881945,22621155,3624.35,0.03882081,0
1506881853,22621141,3624.99,0.06786325,0
1506881826,22621136,3625.00,0.03243329,0
1506881824,22621132,3618.10,0.00900000,1
1506881805,22621129,3618.20,0.03992078,1
1506881799,22621126,3618.10,0.01021405,1
1506881742,22621119,3625.00,0.02718831,0
1506881710,22621113,3624.99,0.01377269,0
1506881702,22621111,3625.00,0.00771843,0
1506881678,22621108,3625.00,0.02029999,0
1506881624,22621098,3625.00,0.01827512,0
1506881603,22621097,3625.00,0.01632586,0
1506881585,22621075,3624.97,0.12936234,0
1506881583,22621074,3617.42,0.22030000,1
1506881583,22621073,3620.00,0.00470000,1
1506881580,22621071,3625.00,0.00146905,0
1506881580,22621070,3624.99,0.02583396,0
1506881547,22621066,3624.99,0.57294952,0
1506881547,22621065,3624.00,0.10500971,0
1506881540,22621064,3624.00,0.02216600,0
1506881535,22621063,3624.00,0.07282429,1
1506881493,22621007,3624.99,0.06788210,0
1506881493,22621006,3624.99,0.02458538,0
1506881474,22621001,3624.99,0.03541859,0
1506881442,22620996,3624.00,0.18051677,1
1506881432,22620989,3623.99,0.02190177,0
1506881354,22620981,3623.99,0.06784823,0
1506881310,22620976,3623.97,0.10587122,0
1506881303,22620973,3623.99,0.01025000,0
1506881264,22620966,3623.99,0.01334790,0
1506881249,22620962,3624.00,0.00207303,0
1506881244,22620961,3624.00,0.07162249,0
1506881241,22620960,3624.00,0.00272232,0
1506881241,22620959,3623.73,0.01282281,0
1506881231,22620956,3623.73,0.23898609,0
1506881184,22620950,3623.99,0.02682713,0
1506881155,22620943,3624.00,0.13565351,0
1506881151,22620941,3624.00,0.05917770,0
1506881123,22620930,3624.16,0.01885000,0
1506881120,22620928,3615.93,0.17958174,1
1506881107,22620922,3616.15,0.22086644,1
1506881078,22620913,3624.17,0.03175370,0
1506881078,22620912,3623.66,0.01044589,0
1506881044,22620904,3623.67,0.00902354,0
1506881032,22620896,3623.87,0.06435822,0
1506881030,22620895,3623.86,0.02089178,0
1506880983,22620891,3623.97,0.02670421,0
1506880964,22620875,3624.17,0.02042238,0
1506880964,22620872,3615.98,0.03804447,1
1506880963,22620871,3620.00,0.00607000,1
1506880963,22620870,3620.00,0.00727000,1
1506880945,22620867,3624.40,0.02649909,0
1506880944,22620866,3624.40,0.06446084,0
1506880944,22620865,3624.39,0.04178355,0
1506880923,22620860,3624.07,0.01293566,0
1506880912,22620858,3624.20,0.00250000,0
1506880905,22620857,3624.30,0.00500000,0
1506880888,22620853,3624.30,0.00999999,0
1506880885,22620851,3624.30,0.08406098,0
1506880844,22620845,3624.30,0.03113237,0
1506880825,22620843,3624.30,0.07011471,0
1506880801,22620816,3624.40,0.00275923,0
1506880731,22620790,3616.33,0.00008688,1
1506880729,22620789,3620.00,0.00212085,1
1506880695,22620786,3624.27,0.04082825,0
1506880686,22620784,3620.00,0.00999915,1
1506880644,22620783,3624.08,0.02597269,0
1506880585,22620777,3624.44,0.00566534,0
1506880585,22620776,3619.57,0.01999915,0
1506880553,22620763,3615.80,0.08403615,1
1506880530,22620757,3612.68,0.00999915,0
1506880484,22620741,3624.43,0.02519186,0
1506880456,22620731,3624.39,0.04082433,1
1506880456,22620730,3624.43,0.01997488,1
1506880455,22620729,3624.39,0.13604295,0
1506880454,22620728,3623.01,0.00743540,0
1506880454,22620727,3623.01,0.02947610,0
1506880454,22620725,3623.01,0.00701395,0
1506880446,22620721,3623.01,0.01265000,0
1506880444,22620720,3623.01,0.01321332,0
1506880373,22620714,3609.10,0.00146700,1
1506880322,22620705,3623.01,0.00798900,0
1506880309,22620703,3611.21,0.05000000,0
1506880264,22620697,3609.10,0.00881409,1
1506880245,22620694,3624.42,0.00091076,0
1506880245,22620693,3623.50,0.02261895,0
1506880226,22620685,3623.50,0.01093198,0
1506880123,22620596,3623.50,0.00772907,0
1506880114,22620595,3606.94,0.10000000,1
1506880090,22620586,3606.60,0.02803008,1
1506880083,22620579,3624.44,0.22769558,0
1506880083,22620578,3624.44,0.77500000,1
1506880082,22620574,3624.43,0.24000000,0
1506880082,22620571,3623.97,0.15459534,0
1506880080,22620570,3622.81,0.00220713,0
1506880065,22620563,3622.81,0.00074744,0
1506880065,22620562,3622.00,0.02500000,0
1506880022,22620540,3622.87,0.00295457,1
1506880004,22620520,3623.08,0.00771141,0
1506879984,22620504,3619.80,0.01018127,0
1506879974,22620489,3620.00,0.01363765,0
1506879965,22620475,3604.31,0.13503128,1
1506879958,22620457,3604.31,0.04622037,1
1506879955,22620434,3603.01,0.63592455,1
1506879954,22620431,3603.01,0.00300000,1
1506879954,22620429,3603.02,0.06000000,1
1506879954,22620428,3608.03,0.67595545,1
1506879953,22620425,3604.30,0.91626815,1
1506879953,22620421,3604.30,5.35512901,1
1506879953,22620418,3604.30,1.75991114,1
1506879953,22620416,3608.11,0.01801400,1
1506879952,22620413,3608.11,0.00698600,0
1506879952,22620408,3604.31,0.07113770,1
1506879952,22620407,3608.04,0.02822150,1
1506879949,22620388,3605.01,0.01947740,1
1506879948,22620376,3605.00,1.16928132,1
1506879947,22620375,3605.00,2.79916235,1
1506879947,22620374,3605.00,0.37000000,1
1506879947,22620373,3605.55,1.00000000,1
1506879947,22620372,3608.00,1.17906133,1
1506879946,22620366,3608.00,2.30314469,1
1506879946,22620362,3608.00,3.79209191,1
1506879946,22620359,3608.00,0.88148002,1
1506879946,22620356,3608.01,0.31000000,1
1506879945,22620355,3608.11,1.49275480,1
1506879945,22620348,3623.79,0.01893528,0
1506879943,22620333,3608.10,0.02320103,1
1506879933,22620252,3608.01,0.04684872,1
1506879931,22620238,3624.99,0.17177260,1
1506879931,22620233,3623.97,0.32847740,0
1506879931,22620229,3608.00,0.01797125,1
1506879930,22620227,3608.00,0.07144174,1
1506879928,22620207,3608.00,0.03489500,1
1506879928,22620204,3608.00,0.01883700,1
1506879928,22620195,3608.00,0.01947000,1
1506879925,22620175,3608.01,0.12984641,1
1506879925,22620173,3608.01,0.00251600,1
1506879924,22620161,3624.00,0.01290066,0
1506879917,22620115,3624.18,0.20883253,0
1506879904,22620062,3624.58,0.05334173,0
1506879902,22620061,3624.60,0.00165173,0
1506879889,22620052,3608.00,0.03360706,1
1506879889,22620051,3608.00,0.50364655,0
1506879889,22620050,3608.01,1.12500000,1
1506879888,22620049,3610.00,0.11500000,1
1506879888,22620048,3610.00,0.01258438,0
1506879888,22620047,3610.04,0.50000000,1
1506879887,22620046,3610.13,0.00690557,1
1506879887,22620045,3611.12,0.03000000,1
1506879887,22620044,3612.00,0.04128000,1
1506879886,22620043,3612.00,0.05000000,0
1506879886,22620041,3613.01,0.00552340,1
1506879886,22620040,3614.00,0.09904893,1
1506879885,22620039,3616.00,0.36001759,1
1506879885,22620038,3618.53,0.05000000,1
1506879883,22620037,3620.00,0.05000000,1
1506879852,22620034,3624.94,0.20324123,0
1506879836,22620028,3624.94,0.04758101,0
1506879805,22620018,3628.09,0.03751677,0
1506879764,22620012,3629.47,0.02677678,0
1506879744,22620003,3630.07,0.15638052,0
1506879739,22620002,3616.00,0.13998241,1
1506879739,22620001,3618.31,0.05000000,1
1506879737,22620000,3618.53,0.31001784,1
1506879703,22619983,3630.94,0.03215024,0
1506879663,22619959,3632.10,0.00920840,0
1506879659,22619957,3618.53,0.05743783,1
1506879647,22619955,3618.31,0.20000000,1
1506879638,22619948,3618.17,0.02119042,1
1506879638,22619947,3633.26,0.25605958,1
1506879636,22619946,3633.26,0.01494418,0
1506879628,22619945,3632.89,0.10022048,1
1506879623,22619943,3632.76,0.05846467,0
1506879606,22619942,3631.18,0.00772655,0
1506879594,22619941,3631.15,0.02320052,0
1506879572,22619940,3631.18,0.05330846,0
1506879571,22619939,3631.12,0.02575671,0
1506879545,22619931,3630.73,0.02527591,1
1506879545,22619930,3631.18,0.05098917,0
1506879545,22619929,3631.00,0.01906129,0
1506879544,22619928,3631.00,0.02692872,0
1506879543,22619927,3630.73,0.02500000,0
1506879536,22619924,3630.73,0.02724489,0
1506879468,22619914,3631.00,0.00764634,0
1506879466,22619913,3630.80,0.01860043,0
1506879444,22619907,3630.57,0.10697935,0
1506879433,22619876,3631.00,0.05959594,0
1506879404,22619871,3632.40,0.01525000,0
1506879391,22619869,3633.06,0.06095121,0
1506879384,22619867,3632.89,0.02513720,0
1506879361,22619864,3633.20,0.04045848,0
1506879354,22619862,3620.03,0.45000000,1
1506879345,22619861,3633.23,0.01885000,0
1506879344,22619860,3620.03,0.13631562,1
1506879344,22619859,3620.03,0.00926059,1
1506879336,22619854,3633.23,0.13564879,1
1506879335,22619852,3633.26,0.02722609,1
1506879325,22619851,3620.43,0.19879590,1
1506879304,22619845,3633.77,0.06999410,0
1506879302,22619844,3620.03,0.03650405,1
1506879288,22619842,3620.06,0.17619571,1
1506879282,22619837,3622.22,0.41017819,1
1506879282,22619836,3622.22,0.33189236,1
1506879163,22619784,3634.00,0.02408276,0
1506879124,22619772,3634.20,0.01338101,0
1506879073,22619742,3634.00,0.01373805,0
1506879072,22619741,3634.00,0.13513047,0
1506879007,22619703,3634.30,0.00009918,1
1506879004,22619700,3634.30,0.27381912,1
1506879003,22619698,3634.39,0.00769868,0
1506878999,22619690,3634.30,0.56565883,1
1506878986,22619684,3634.39,0.00769866,0
1506878984,22619683,3634.39,0.03110246,0
1506878982,22619682,3634.39,0.27446146,0
1506878981,22619681,3634.30,0.18707255,1
1506878979,22619680,3634.30,0.00920200,1
1506878976,22619678,3634.30,0.18321078,1
1506878972,22619674,3634.30,0.16851871,1
1506878971,22619670,3634.30,0.47500000,1
1506878970,22619669,3634.30,2.19120976,0
1506878915,22619656,3634.30,0.13529024,0
1506878844,22619646,3634.29,0.01115829,0
1506878776,22619637,3634.20,0.10647291,0
1506878776,22619636,3634.19,0.17651926,0
1506878771,22619635,3634.19,0.01348074,0
1506878760,22619628,3634.16,0.02383212,0
1506878717,22619606,3613.80,1.11500000,0
1506878711,22619602,3621.23,0.00220728,1
1506878698,22619596,3632.50,0.69243220,0
1506878698,22619595,3630.88,0.26739558,0
1506878696,22619594,3630.00,0.03988500,0
1506878687,22619592,3630.00,0.02720386,0
1506878664,22619580,3630.00,0.05195933,0
1506878661,22619578,3619.54,0.00900000,1
1506878645,22619573,3630.00,0.10812479,0
1506878615,22619558,3630.00,0.00835045,0
1506878585,22619542,3630.00,0.06447657,0
1506878585,22619541,3629.99,0.00550970,0
1506878532,22619528,3629.99,0.01213141,0
1506878512,22619522,3630.88,0.30996463,0
1506878512,22619521,3630.87,0.02845272,0
1506878464,22619513,3630.88,0.13326696,0
1506878464,22619512,3630.73,0.05690545,0
1506878464,22619511,3630.70,0.34756288,0
1506878452,22619509,3630.88,0.15686686,0
1506878452,22619508,3630.77,0.11381089,0
1506878398,22619499,3630.65,0.02727660,0
1506878383,22619496,3630.62,0.02662110,0
1506878284,22619476,3630.61,0.00766228,0
1506878240,22619469,3630.73,0.54113536,0
1506878240,22619468,3628.00,0.62590391,0
1506878224,22619464,3628.00,0.00775000,0
1506878104,22619448,3628.00,0.04118681,0
1506878051,22619411,3628.00,0.02731730,0
1506878019,22619407,3628.00,0.02726698,0
1506877924,22619378,3627.89,0.11344507,1
1506877924,22619377,3627.89,0.01303065,0
1506877824,22619364,3628.90,0.01083382,0
1506877823,22619363,3628.78,0.02343915,0
1506877803,22619359,3628.79,0.01345209,0
1506877755,22619351,3616.12,0.02647642,1
1506877705,22619342,3628.90,0.01956573,0
1506877704,22619341,3628.90,0.00908210,0
1506877703,22619340,3628.89,0.01807510,0
1506877692,22619335,3628.89,0.02726697,0
1506877664,22619328,3628.90,0.00797714,0
1506877623,22619318,3628.90,0.25012539,0
1506877623,22619317,3628.90,0.00551130,0
1506877582,22619307,3628.90,0.01500000,0
1506877566,22619297,3628.90,0.04416989,0
1506877564,22619296,3628.90,0.00771032,0
1506877521,22619283,3628.79,0.00771011,0
1506877504,22619280,3618.71,0.03084949,1
1506877464,22619267,3628.79,0.01436614,0
1506877440,22619258,3628.90,0.04439915,0
1506877424,22619256,3616.81,0.03654538,1
1506877419,22619255,3628.79,0.02959915,0
1506877400,22619251,3628.90,0.13539915,0
1506877386,22619239,3616.00,0.03805209,1
1506877386,22619238,3629.00,0.00453820,1
1506877377,22619234,3629.01,0.22314711,0
1506877363,22619196,3629.01,0.01812881,0
1506877351,22619195,3629.00,0.25000000,1
1506877348,22619194,3629.00,0.03681436,1
1506877347,22619193,3628.90,2.32870000,0
1506877347,22619192,3628.49,0.20000000,0
1506877347,22619191,3628.07,0.07647744,0
1506877339,22619189,3628.08,0.27682908,0
1506877334,22619188,3614.51,0.31265613,1
1506877285,22619184,3614.72,0.13634556,1
1506877285,22619183,3615.00,0.03217472,1
1506877285,22619182,3617.00,0.07245429,1
1506877285,22619181,3617.00,0.01122543,1
1506877285,22619180,3628.90,0.00801519,0
1506877285,22619179,3628.48,0.00477627,0
1506877282,22619178,3628.48,0.00771011,0
1506877279,22619177,3628.48,0.00412294,0
1506877273,22619176,3628.37,0.06328300,0
1506877237,22619169,3617.00,0.00494420,1
1506877237,22619168,3618.00,0.00200000,1
1506877235,22619166,3618.01,0.01305580,1
1506877213,22619156,3618.70,0.00560000,1
1506877144,22619130,3628.90,0.02528865,0
1506877048,22619103,3628.90,0.02713885,0
1506876964,22619089,3630.80,0.02067184,0
1506876930,22619084,3630.77,0.01373538,0
1506876925,22619080,3630.80,0.04869002,0
1506876923,22619079,3620.00,0.02362152,1
1506876923,22619078,3620.27,0.00688623,1
1506876923,22619077,3620.43,0.28236008,1
1506876909,22619075,3630.80,0.02630000,0
1506876907,22619074,3630.80,0.02554754,0
1506876906,22619073,3630.69,0.02662474,0
1506876904,22619072,3630.66,0.05389363,0
1506876883,22619064,3630.16,0.02687832,0
1506876864,22619060,3630.70,0.02586308,0
1506876853,22619057,3620.32,0.01376674,1
1506876847,22619048,3630.57,0.20158813,0
1506876819,22619019,3630.88,0.37141133,0
1506876813,22619009,3620.29,0.00220591,1
1506876794,22618996,3630.88,0.05374972,0
1506876764,22618990,3629.80,1.92455263,1
1506876764,22618989,3629.83,0.99723854,1
1506876764,22618988,3630.88,0.07720883,1
1506876746,22618986,3630.88,0.00560000,1
1506876736,22618984,3630.88,0.01421500,1
1506876712,22618978,3639.80,0.27405352,0
1506876676,22618937,3630.88,0.15297617,1
1506876632,22618927,3639.69,0.00150000,1
1506876624,22618926,3639.59,0.02902845,0
1506876596,22618924,3637.30,0.03428367,0
1506876583,22618923,3639.69,0.15507914,0
1506876581,22618922,3637.49,0.01916766,0
1506876581,22618921,3637.49,0.82567342,0
1506876532,22618914,3635.60,0.01837246,1
1506876528,22618913,3635.60,0.00562754,0
1506876446,22618897,3635.60,0.02719133,1
1506876422,22618886,3635.60,0.01025000,0
1506876398,22618882,3631.73,0.15004142,0
1506876385,22618877,3631.40,0.14992562,1
1506876383,22618876,3639.59,0.01028621,0
1506876372,22618869,3631.60,1.38059840,1
1506876344,22618858,3625.51,0.82319237,1
1506876344,22618857,3626.85,0.00680763,1
1506876344,22618856,3628.00,0.10000000,1
1506876330,22618851,3630.83,0.00276146,0
1506876302,22618848,3640.00,0.01211473,0
1506876301,22618847,3639.00,0.91207241,0
1506876301,22618846,3638.99,0.07581286,0
1506876284,22618843,3639.00,0.01938358,0
1506876283,22618840,3639.00,0.06854401,0
1506876283,22618839,3638.99,0.15162573,0
1506876272,22618836,3638.99,0.01103023,0
1506876244,22618826,3638.99,0.01367684,0
1506876224,22618820,3638.77,0.00014027,0
1506876224,22618819,3638.74,0.13473510,0
1506876123,22618803,3629.27,0.13473510,1
1506876123,22618802,3635.00,0.53436670,1
1506876119,22618800,3638.99,0.01912963,0
1506876115,22618798,3635.00,0.15860000,1
1506876112,22618793,3635.00,1.37953471,1
1506876108,22618786,3635.00,0.06081615,1
1506876069,22618774,3635.00,0.44751200,1
1506876068,22618773,3635.00,0.34781000,1
1506876051,22618757,3635.00,0.05397392,0
1506875964,22618719,3635.00,0.00769929,0
1506875955,22618716,3635.00,0.06783358,0
1506875953,22618715,3634.99,0.01335584,0
1506875865,22618692,3635.00,0.52625511,0
1506875863,22618691,3635.00,0.05225000,0
1506875847,22618683,3635.00,0.08190036,0
1506875845,22618682,3635.00,0.05191100,0
1506875844,22618681,3635.00,0.02850501,0
1506875842,22618680,3635.00,0.12967173,0
1506875842,22618679,3635.00,0.06000000,0
1506875842,22618678,3634.66,0.00007008,0
1506875842,22618677,3634.66,0.17498093,0
1506875842,22618676,3634.00,0.63527726,0
1506875801,22618657,3634.00,0.01847740,0
1506875796,22618655,3634.00,0.10839418,0
1506875777,22618647,3634.00,0.16834657,0
1506875777,22618646,3633.97,0.83165343,0
1506875757,22618640,3633.97,0.05000000,0
1506875736,22618637,3634.00,0.04432800,0
1506875733,22618635,3633.00,0.10000000,1
1506875675,22618628,3633.99,0.05419908,0
1506875662,22618626,3633.99,0.01342264,0
1506875652,22618620,3633.96,0.04071759,0
1506875625,22618614,3626.88,0.02829655,1
1506875621,22618612,3626.85,0.00006610,1
1506875621,22618611,3627.42,0.09381230,1
1506875619,22618610,3627.42,0.10095600,1
1506875613,22618607,3633.99,0.05346358,0
1506875611,22618605,3633.96,0.02656692,0
1506875603,22618601,3627.42,0.26180100,1
1506875596,22618599,3627.42,0.01867380,1
1506875595,22618598,3627.42,0.02475690,1
1506875591,22618597,3627.93,0.87096500,1
1506875567,22618595,3628.00,0.00035947,1
1506875567,22618594,3630.00,0.51301753,1
1506875566,22618593,3630.00,0.06587540,1
1506875553,22618589,3633.99,0.17915069,0
1506875506,22618583,3630.00,0.03279440,1
1506875464,22618571,3633.99,0.22268442,0
1506875463,22618570,3633.98,0.01126941,0
1506875432,22618551,3633.98,0.00945755,0
1506875404,22618547,3633.99,0.31939535,0
1506875404,22618546,3633.98,0.02429666,0
1506875404,22618545,3633.98,0.00769971,0
1506875325,22618503,3634.00,0.02517659,0
1506875324,22618502,3633.92,0.01373157,0
1506875312,22618499,3633.92,0.05000000,0
1506875308,22618498,3633.92,0.00026116,0
1506875308,22618497,3633.90,0.01784270,0
1506875307,22618496,3633.90,0.02572949,0
1506875293,22618491,3633.90,0.04071859,0
1506875283,22618485,3633.99,0.03890709,0
1506875265,22618482,3633.90,0.15782424,0
1506875263,22618481,3633.90,0.12992981,0
1506875253,22618479,3633.50,0.04071859,0
1506875244,22618477,3633.90,0.02570119,0
1506875241,22618476,3633.90,0.00788145,0
1506875227,22618472,3633.80,0.05000000,0
1506875172,22618456,3633.80,0.07025000,0
1506875169,22618455,3633.80,0.11325570,0
1506875163,22618449,3633.80,0.01446165,0
1506875162,22618447,3633.80,0.05000000,0
1506875125,22618442,3633.80,0.23861370,0
1506875108,22618438,3633.80,0.01309086,0
1506875081,22618433,3626.63,0.04967639,1
1506875072,22618430,3633.90,0.10000000,1
1506875067,22618429,3633.90,0.23833692,0
1506875058,22618428,3625.30,0.04016067,1
1506875043,22618425,3633.90,0.00787543,0
1506875027,22618420,3633.90,0.02908273,0
1506875025,22618419,3633.90,0.46476889,0
1506874965,22618409,3633.90,0.26574243,0
1506874884,22618397,3633.90,0.03270232,0
1506874881,22618395,3633.90,0.18692864,0
1506874846,22618383,3633.90,0.01325822,0
1506874816,22618377,3633.90,0.02271267,0
1506874814,22618376,3633.90,0.03211150,1
1506874812,22618375,3630.03,0.00907055,0
1506874772,22618369,3625.70,0.00220418,1
1506874755,22618365,3630.03,0.01379415,0
1506874753,22618359,3630.00,0.00203954,0
1506874752,22618358,3630.00,0.13529024,0
1506874752,22618356,3630.00,0.01375781,0
1506874745,22618355,3630.00,0.08243526,0
1506874743,22618354,3630.00,0.25555647,0
1506874701,22618340,3630.00,0.11940008,0
1506874684,22618334,3630.00,0.31439788,0
1506874684,22618333,3629.99,0.05883949,0
1506874666,22618326,3629.99,0.05554235,0
1506874562,22618258,3629.99,0.00549760,1
1506874521,22618250,3629.99,0.01376892,0
1506874380,22618229,3630.00,0.07712272,0
1506874380,22618228,3630.00,0.03000000,0
1506874380,22618227,3630.00,0.15419739,0
1506874380,22618226,3629.00,0.30000000,0
1506874379,22618225,3628.99,0.44547036,0
1506874379,22618223,3628.98,0.01019611,0
1506874345,22618216,3628.99,0.02899376,0
1506874345,22618215,3628.96,0.14283561,0
1506874345,22618214,3628.00,0.09748962,0
1506874344,22618213,3628.00,0.05377703,0
1506874341,22618212,3625.00,0.03749018,1
1506874272,22618195,3628.00,0.00566205,0
1506874264,22618192,3628.00,0.04307130,0
1506874264,22618191,3626.00,0.05665286,0
1506874264,22618190,3625.89,0.00657004,0
1506874201,22618177,3625.00,0.54997144,1
1506874200,22618176,3625.84,0.00002856,1
1506874197,22618175,3625.89,0.01382218,0
1506874133,22618168,3625.97,0.00500000,0
1506874104,22618163,3621.99,0.04078444,0
1506874091,22618157,3620.83,0.10762348,1
1506874086,22618156,3626.00,0.03528665,0
1506874086,22618155,3622.00,0.07245429,0
1506874064,22618148,3622.00,0.01616963,0
1506874064,22618147,3620.00,0.00696524,0
1506873975,22618114,3626.00,0.01250392,0
1506873975,22618113,3625.99,0.01197959,0
1506873963,22618111,3616.21,0.01726373,1
1506873943,22618077,3626.00,0.02648849,0
1506873937,22618076,3626.00,0.06748769,0
1506873927,22618074,3626.00,0.00550360,0
1506873907,22618067,3626.00,0.02635431,0
1506873904,22618065,3626.00,0.13683189,0
1506873903,22618063,3625.99,0.02395918,0
1506873866,22618053,3626.00,0.00806572,0
1506873862,22618052,3626.00,0.00565772,0
1506873861,22618051,3626.00,0.02216274,0
1506873861,22618050,3626.00,0.00316087,0
1506873860,22618049,3626.00,0.26564053,0
1506873860,22618048,3626.00,0.01383343,0
1506873858,22618047,3625.90,0.05456871,0
1506873856,22618046,3625.90,0.28765207,0
1506873856,22618044,3625.89,0.04791835,0
1506873846,22618040,3625.90,0.01539758,0
1506873766,22618027,3625.89,0.02681654,0
1506873741,22618026,3625.90,0.02643000,0
1506873726,22618022,3625.90,0.00137345,0
1506873718,22618021,3625.90,0.00550208,0
1506873690,22618018,3617.60,0.11275156,1
1506873683,22617997,3625.90,0.00824197,0
1506873669,22617984,3625.90,0.05156807,0
1506873603,22617974,3625.90,0.05179181,0
1506873570,22617962,3626.00,0.31111141,0
1506873567,22617959,3626.00,0.00325817,0
1506873567,22617958,3625.23,0.02600000,0
1506873567,22617957,3625.00,0.60752384,0
1506873562,22617956,3625.00,0.04362758,0
1506873560,22617955,3625.00,0.07363840,0
1506873548,22617949,3625.00,0.01344936,0
1506873547,22617948,3625.00,0.00278000,0
1506873544,22617946,3625.00,0.00772054,0
1506873540,22617944,3625.00,0.04127448,0
1506873529,22617941,3625.00,0.20998580,0
1506873529,22617940,3624.00,0.11902085,0
1506873526,22617938,3624.00,0.23292900,0
1506873523,22617937,3615.30,0.02847457,1
1506873505,22617932,3624.00,0.13400570,0
1506873486,22617927,3624.00,0.05329983,0
1506873436,22617916,3624.00,0.11388435,0
1506873428,22617914,3624.00,0.01230545,0
1506873423,22617912,3624.00,0.06330574,0
1506873406,22617896,3624.00,0.07630000,0
1506873392,22617894,3624.00,0.07000000,0
1506873374,22617883,3624.00,0.02164101,0
1506873372,22617882,3623.99,0.25000000,0
1506873340,22617872,3623.00,0.00550820,1
1506873340,22617871,3623.00,0.02002768,1
1506873281,22617863,3623.00,0.25000000,1
1506873253,22617860,3624.00,0.08146980,0
1506873246,22617857,3623.00,0.57296952,0
1506873246,22617856,3622.99,0.10166639,0
1506873245,22617855,3622.99,0.02662303,0
1506873243,22617854,3622.90,0.02609689,0
1506873243,22617853,3622.60,0.02989121,0
1506873226,22617850,3622.60,0.10566587,0
1506873076,22617828,3622.60,0.08369608,0
1506873076,22617827,3622.50,0.11630392,0
1506873074,22617826,3622.50,0.06525000,0
1506873063,22617823,3622.50,0.12666667,0
1506873053,22617820,3622.50,0.00822463,0
1506873004,22617812,3622.50,0.00772288,0
1506872963,22617805,3622.50,0.00790261,0
1506872924,22617801,3622.50,0.01376674,0
1506872884,22617799,3622.50,0.05416255,0
1506872859,22617794,3622.80,0.29678977,0
1506872857,22617793,3622.60,0.47418923,0
1506872845,22617790,3622.60,0.02581077,0
1506872824,22617789,3622.80,0.01538787,0
1506872811,22617785,3615.00,0.00221067,1
1506872765,22617781,3622.90,0.02665971,0
1506872745,22617776,3621.40,0.01285409,0
1506872740,22617775,3621.40,0.14036197,0
1506872736,22617772,3621.40,0.14063800,0
1506872725,22617770,3621.40,0.00551060,0
1506872725,22617769,3621.40,0.13562588,0
1506872723,22617768,3621.40,0.06138702,0
1506872723,22617767,3621.39,0.01567511,0
1506872701,22617761,3615.00,0.30000000,1
1506872695,22617760,3621.30,0.96501533,0
1506872683,22617758,3621.30,0.01717501,0
1506872683,22617757,3621.28,0.00030510,0
1506872677,22617755,3621.28,0.19969490,0
1506872677,22617754,3621.28,0.16568530,0
1506872677,22617753,3621.00,0.16997513,0
1506872661,22617752,3615.00,0.01361461,1
1506872652,22617749,3621.00,0.00296755,0
1506872612,22617724,3621.00,0.05096106,0
1506872604,22617719,3620.99,0.00805459,0
1506872543,22617712,3621.28,0.03904279,0
1506872530,22617710,3621.27,0.02974923,0
1506872507,22617706,3621.28,0.02754551,0
1506872483,22617703,3621.28,0.00772640,0
1506872436,22617698,3621.27,0.00276146,0
1506872405,22617694,3621.27,0.00967000,0
1506872338,22617685,3621.27,0.03258452,0
1506872297,22617679,3615.00,0.00200000,1
1506872214,22617670,3621.40,0.76860935,0
1506872214,22617668,3621.40,0.03866370,0
1506872174,22617635,3621.20,0.04085749,0
1506872144,22617629,3621.00,0.01324628,0
1506872124,22617628,3621.20,0.00551080,0
1506872103,22617626,3621.30,0.02598899,0
1506872103,22617625,3621.00,0.00000500,0
1506872094,22617624,3620.83,0.11784173,0
1506872085,22617623,3620.91,0.08264474,0
1506872081,22617622,3613.40,0.23075252,1
1506872081,22617621,3617.00,0.54410561,1
1506872079,22617619,3617.01,0.22514187,1
1506872048,22617607,3621.00,0.09999500,0
1506872044,22617594,3620.97,0.00805454,0
1506871936,22617565,3621.50,0.31272775,0
1506871933,22617564,3621.47,0.02583583,0
1506871885,22617541,3621.50,0.00744611,0
1506871885,22617540,3621.49,0.01958856,0
1506871884,22617539,3621.50,0.00772459,0
1506871877,22617538,3621.14,0.26166719,0
1506871824,22617526,3621.46,0.00772367,0
1506871808,22617515,3621.33,0.05375076,0
1506871803,22617514,3621.39,0.01558061,0
1506871761,22617511,3621.43,0.01816500,0
1506871723,22617507,3621.98,0.02875000,0
1506871705,22617505,3622.18,0.02598660,0
1506871694,22617500,3622.26,0.00972239,0
1506871692,22617498,3622.27,0.06549271,0
1506871663,22617493,3622.44,0.10426411,0
1506871645,22617485,3623.00,0.02702870,0
1506871644,22617484,3622.70,0.02948711,0
1506871644,22617483,3622.69,0.07764951,0
1506871626,22617478,3622.90,0.07133740,0
1506871618,22617475,3622.90,0.07688085,0
1506871618,22617474,3621.90,0.06636068,0
1506871605,22617472,3621.67,0.02547397,0
1506871588,22617470,3621.60,0.00160000,0
1506871572,22617465,3613.37,0.03429843,1
1506871560,22617461,3614.74,0.03169260,1
1506871559,22617457,3621.90,0.00005237,1
1506871554,22617454,3621.90,0.12941610,1
1506871554,22617452,3621.99,0.00150000,1
1506871543,22617444,3622.67,0.08082232,0
1506871535,22617443,3622.90,0.02215306,0
1506871521,22617434,3613.01,0.00889060,1
1506871517,22617433,3621.97,0.14046800,0
1506871504,22617428,3622.20,0.02825000,0
1506871501,22617427,3612.31,0.90325891,1
1506871465,22617421,3613.10,0.06890121,1
1506871445,22617420,3622.90,0.01356896,0
1506871424,22617399,3622.90,0.11939363,0
1506871424,22617398,3622.00,0.10000000,0
1506871424,22617397,3621.50,0.32298327,0
1506871401,22617394,3610.44,0.14994408,1
1506871362,22617388,3621.50,0.04695619,0
1506871325,22617381,3621.46,0.05992994,0
1506871323,22617379,3612.77,0.01221462,1
1506871293,22617368,3621.50,0.13006054,0
1506871293,22617367,3621.50,0.14078677,0
1506871292,22617366,3621.40,0.24395504,0
1506871284,22617364,3611.80,0.39670316,1
1506871261,22617354,3621.40,0.01033574,0
1506871224,22617323,3621.39,0.02652206,0
1506871220,22617322,3621.39,0.05433906,0
1506871183,22617307,3621.39,0.08025000,0
1506871165,22617298,3610.80,0.04790045,1
1506871164,22617297,3611.54,0.06381557,1
1506871161,22617296,3621.09,0.40712014,0
1506871120,22617279,3621.40,0.13567076,0
1506871118,22617277,3610.50,0.09213177,1
1506871110,22617274,3621.16,0.09171922,1
1506871108,22617273,3621.13,0.10110735,0
1506871094,22617271,3610.17,0.01300000,0
1506871037,22617258,3621.37,0.06593329,0
1506871022,22617252,3610.00,0.08500000,1
1506871000,22617244,3620.77,0.01108462,0
1506870980,22617238,3611.87,0.02934046,1
1506870944,22617229,3619.98,0.00821520,0
1506870937,22617226,3620.14,0.00295865,1
1506870926,22617224,3621.30,0.01262970,0
1506870925,22617223,3620.50,0.15009533,0
1506870924,22617222,3610.73,0.14400000,1
1506870903,22617216,3611.90,0.00221292,1
1506870891,22617213,3620.29,0.03006212,0
1506870824,22617192,3620.40,0.02208957,0
1506870808,22617188,3619.60,0.12501888,0
1506870765,22617175,3619.90,0.02637178,0
1506870745,22617170,3618.59,0.01477896,0
1506870484,22616951,3617.60,0.02143234,0
1506870469,22616943,3617.70,0.20964502,0
1506870469,22616942,3617.68,0.06090959,0
1506870465,22616938,3617.77,0.04909956,0
1506870465,22616937,3613.00,0.01602541,0
1506870465,22616935,3611.78,0.01654257,0
1506870442,22616919,3611.90,0.04095269,0
1506870425,22616909,3612.09,0.09665457,0
1506870424,22616907,3605.34,0.04970802,1
1506870424,22616906,3610.00,0.00017198,1
1506870420,22616904,3612.10,0.13622634,0
1506870371,22616884,3612.69,0.01924475,0
1506870345,22616870,3610.00,0.42994209,1
1506870339,22616866,3610.00,0.01988593,1
1506870330,22616863,3613.00,0.25794858,0
1506870324,22616861,3612.90,0.14412169,0
1506870312,22616849,3613.00,0.01231950,0
1506870304,22616842,3612.70,0.01552978,0
1506870292,22616840,3611.30,0.13213402,0
1506870292,22616839,3611.27,0.86786598,0
1506870259,22616830,3611.67,0.00170000,0
1506870242,22616827,3605.01,0.29787376,0
1506870242,22616826,3605.01,0.05438286,0
1506870213,22616822,3605.01,0.03141234,0
1506870187,22616799,3610.00,0.13043402,1
1506870187,22616795,3610.00,0.28041674,1
1506870183,22616786,3610.00,0.28040590,1
1506870153,22616769,3613.00,0.46611128,1
1506870122,22616766,3612.31,0.06021691,0
1506870122,22616765,3612.33,0.20550461,0
1506870122,22616764,3613.51,0.04280794,1
1506870116,22616760,3620.50,0.00000077,1
1506870115,22616757,3620.50,0.15015460,1
1506870105,22616756,3621.50,0.10715238,0
1506870103,22616755,3613.51,0.13719206,1
1506870103,22616754,3613.51,0.00543114,1
1506870068,22616744,3620.80,0.00898818,0
1506870020,22616733,3621.27,0.02730358,0
1506869967,22616717,3621.50,0.05206085,0
1506869965,22616716,3621.37,0.01313691,0
1506869954,22616715,3621.80,0.02730729,0
1506869936,22616713,3613.51,0.10456886,0
1506869906,22616708,3613.50,0.05116382,1
1506869906,22616707,3613.51,0.10461069,1
1506869906,22616704,3622.80,0.02076025,0
1506869904,22616703,3622.87,0.00922652,0
1506869901,22616700,3613.47,0.81728528,1
1506869897,22616699,3623.00,0.00000178,1
1506869894,22616698,3623.25,0.05506106,0
1506869870,22616693,3623.00,0.32799822,1
1506869841,22616687,3623.40,0.00772461,0
1506869833,22616657,3623.40,0.03000155,0
1506869806,22616653,3623.50,0.02578837,0
1506869745,22616642,3624.16,0.18031212,0
1506869745,22616641,3624.10,2.33540000,1
1506869681,22616629,3624.50,0.02162718,0
1506869664,22616627,3624.59,0.01560610,0
1506869625,22616618,3624.88,0.10461069,0
1506869606,22616614,3622.19,0.44823585,0
1506869606,22616613,3620.00,0.03000000,0
1506869606,22616612,3618.00,0.02000000,0
1506869606,22616611,3617.43,0.06332069,0
1506869605,22616610,3616.60,0.01363583,0
1506869583,22616596,3616.60,0.25650611,0
1506869575,22616593,3604.70,0.14739664,1
1506869570,22616589,3617.43,0.03667931,0
1506869570,22616588,3617.43,0.00429954,0
1506869569,22616587,3616.66,0.15219340,0
1506869569,22616586,3616.61,0.06600172,0
1506869567,22616584,3616.60,0.01107603,0
1506869517,22616577,3611.20,0.15203694,0
1506869517,22616575,3611.00,0.08000000,0
1506869517,22616574,3611.00,0.00553860,0
1506869515,22616572,3610.00,0.50000000,0
1506869515,22616571,3610.00,1.74920064,0
1506869503,22616564,3610.00,0.02607730,0
1506869442,22616549,3610.00,0.01340114,0
1506869365,22616532,3610.00,0.03431630,0
1506869364,22616531,3610.00,0.03041690,0
1506869353,22616529,3610.00,0.05456686,0
1506869300,22616520,3610.00,0.11052355,0
1506869266,22616510,3609.90,0.02668397,0
1506869243,22616508,3609.90,0.00775069,0
1506869122,22616446,3609.90,0.33214770,0
1506869088,22616436,3609.90,0.22930293,0
1506869079,22616433,3609.90,0.12192183,0
1506869025,22616424,3609.90,0.02712604,0
1506869023,22616422,3609.90,0.03916576,0
1506868994,22616415,3609.90,0.00350901,0
1506868992,22616414,3601.47,0.00221930,1
1506868980,22616411,3609.90,0.00151785,0
1506868978,22616409,3601.00,0.50169906,1
1506868977,22616407,3602.70,0.00514640,1
1506868977,22616406,3604.50,0.00500000,1
1506868977,22616405,3605.00,0.02000000,1
1506868976,22616404,3605.00,0.10000000,1
1506868976,22616403,3605.03,0.03000000,1
1506868976,22616402,3605.43,0.23815454,1
1506868974,22616401,3606.00,0.10000000,1
1506868962,22616395,3609.90,0.00907185,0
1506868947,22616391,3609.90,0.00142780,0
1506868928,22616383,3609.90,0.00141789,0
1506868923,22616380,3609.90,0.02542175,0
1506868873,22616364,3610.00,0.27210765,0
1506868867,22616363,3610.00,0.00140000,0
1506868827,22616357,3609.90,0.01065560,0
1506868766,22616350,3609.90,0.00170000,0
1506868751,22616346,3609.90,0.40867275,0
1506868748,22616345,3609.90,1.12381229,0
1506868729,22616340,3609.90,0.02636937,0
1506868697,22616329,3609.77,0.09072070,0
1506868691,22616326,3609.77,0.10748420,0
1506868689,22616325,3602.70,0.23485360,0
1506868680,22616320,3602.70,0.07239161,0
1506868668,22616319,3602.70,0.03500000,0
1506868610,22616311,3602.70,0.24060000,0
1506868604,22616310,3602.70,0.10461880,0
1506868586,22616305,3602.70,0.10378328,0
1506868558,22616284,3609.77,0.10752720,0
1506868556,22616281,3605.00,0.01772280,0
1506868534,22616276,3605.00,0.01382921,0
1506868512,22616270,3604.00,0.30819416,1
1506868510,22616267,3605.00,0.00001263,1
1506868505,22616264,3605.00,0.03156464,1
1506868503,22616260,3609.84,0.01326724,0
1506868501,22616256,3605.00,0.08292355,1
1506868461,22616237,3610.00,0.00775121,0
1506868435,22616207,3610.00,0.03025000,0
1506868412,22616196,3610.00,1.62975959,0
1506868402,22616191,3610.00,0.01885000,0
1506868401,22616190,3610.00,0.02137886,0
1506868401,22616189,3610.00,0.17241641,0
1506868326,22616173,3609.80,0.00853277,0
1506868324,22616171,3609.80,0.01061366,0
1506868324,22616170,3609.57,0.00481767,0
1506868287,22616164,3609.57,0.06096039,0
1506868287,22616163,3609.56,0.12820605,0
1506868263,22616159,3609.57,0.02215156,0
1506868208,22616153,3609.57,0.00003519,1
1506868205,22616149,3609.57,0.08796481,1
1506868144,22616132,3605.00,0.01079801,1
1506868139,22616130,3605.00,0.03933808,0
1506868124,22616128,3605.00,0.01885000,0
1506868085,22616109,3609.72,0.05813279,1
1506868083,22616106,3605.00,0.06907019,0
1506868079,22616103,3605.00,0.00007864,1
1506868076,22616098,3605.00,0.06909786,1
1506868075,22616096,3605.00,0.12749855,1
1506868047,22616078,3609.63,0.12806012,0
1506868003,22616058,3605.00,0.01140001,1
1506867985,22616024,3609.90,0.00784913,0
1506867983,22616023,3609.80,0.02607752,0
1506867949,22616012,3609.90,0.02763234,0
1506867945,22616011,3609.83,0.01279747,0
1506867940,22616008,3609.90,0.02732101,0
1506867914,22616004,3610.00,0.02741686,0
1506867824,22615938,3609.77,0.02608602,0
1506867792,22615893,3609.97,0.04100458,0
1506867787,22615892,3610.00,0.02608764,0
1506867785,22615891,3610.00,0.02593423,0
1506867779,22615890,3610.00,0.05455943,0
1506867765,22615888,3610.00,0.13409339,0
1506867763,22615887,3610.00,0.10203349,0
1506867746,22615850,3610.00,0.40387979,0
1506867744,22615849,3610.00,0.01885000,0
1506867742,22615846,3610.00,0.03472876,0
1506867718,22615840,3605.00,0.50000000,1
1506867713,22615829,3605.00,0.05633288,1
1506867711,22615826,3605.00,0.05633288,1
1506867710,22615824,3605.00,0.05633288,1
1506867705,22615818,3609.90,0.27587155,0
1506867705,22615816,3608.79,0.03419709,0
1506867705,22615815,3608.78,0.79018136,0
1506867702,22615799,3605.00,0.00825644,1
1506867700,22615794,3605.03,0.04346150,1
1506867684,22615776,3608.78,0.07846064,0
1506867683,22615775,3608.78,0.13185800,0
1506867642,22615733,3605.00,0.02384636,1
1506867554,22615664,3608.50,0.00829153,0
1506867527,22615635,3608.70,0.01895000,0
1506867526,22615634,3608.70,0.34837931,0
1506867465,22615618,3608.37,0.13529677,0
1506867441,22615617,3598.81,0.07120177,1
1506867425,22615616,3608.79,0.01288051,0
1506867341,22615598,3608.44,0.10464414,0
1506867305,22615592,3608.27,0.05331705,0
1506867303,22615591,3594.41,0.05618478,1
1506867303,22615590,3594.42,0.01500000,1
