date,tid,price,amount,type
1506902440,22631578,4377.82,0.01443838,0
1506902436,22631577,4377.82,0.01003095,0
1506902436,22631576,4377.82,0.01003095,0
1506902435,22631573,4377.83,0.13566862,0
1506902435,22631572,4377.83,0.13566862,0
1506902435,22631571,4377.83,0.14100377,0
1506902435,22631570,4377.83,0.14100377,0
1506902434,22631569,4377.83,0.13402941,0
1506902434,22631568,4377.83,0.13402941,0
1506902430,22631565,4377.83,0.08301458,0
1506902429,22631564,4377.83,0.04836901,0
1506902429,22631563,4377.83,0.04673830,0
1506902429,22631562,4377.83,0.04733586,0
1506902428,22631560,4377.83,0.04755366,0
1506902428,22631558,4377.83,0.05988098,0
1506902428,22631556,4377.83,0.34797357,0
1506902428,22631555,4377.83,0.11694695,0
1506902425,22631554,4377.83,0.13938109,0
1506902425,22631553,4377.83,0.13947409,0
1506902425,22631552,4377.83,0.13947409,0
1506902424,22631551,4377.83,0.04673830,0
1506902424,22631550,4377.83,0.11384649,0
1506902424,22631549,4377.83,0.16451257,0
1506902424,22631548,4377.83,0.07378411,0
1506902424,22631547,4377.82,0.11000000,0
1506902423,22631545,4377.83,0.24907061,0
1506902422,22631543,4377.83,0.18347334,0
1506902422,22631542,4377.83,0.03165976,0
1506902422,22631541,4377.76,0.01818895,0
1506902422,22631540,4377.67,0.00766389,0
1506902422,22631539,4377.65,0.01000000,0
1506902421,22631538,4377.44,0.01909921,0
1506902421,22631537,4377.22,1.25298111,0
1506902421,22631536,4377.22,0.00847767,0
1506902415,22631516,4377.22,0.01065465,0
1506902414,22631508,4377.22,0.10592448,0
1506902409,22631480,4377.22,0.08189898,0
1506902403,22631468,4369.33,0.03101206,1
1506902393,22631455,4377.22,0.06717303,0
1506902391,22631453,4377.22,0.15124735,0
1506902385,22631447,4377.22,0.09811110,0
1506902380,22631429,4377.22,2.40000000,0
1506902379,22631428,4377.22,2.40000000,0
1506902378,22631427,4377.22,0.10000000,0
1506902373,22631413,4377.22,2.22319145,0
1506902363,22631411,4377.22,0.07565761,0
1506902360,22631410,4377.22,0.04090000,0
1506902359,22631409,4377.22,0.04090000,0
1506902356,22631407,4377.22,0.05004105,0
1506902354,22631406,4377.22,0.09540000,0
1506902349,22631402,4377.22,0.09046750,0
1506902346,22631397,4377.22,0.00561138,0
1506902343,22631395,4377.22,0.05968386,0
1506902339,22631392,4377.22,1.33850438,0
1506902339,22631391,4377.22,1.33850438,0
1506902333,22631389,4377.22,0.00447703,0
1506902330,22631388,4377.22,1.05872787,0
1506902326,22631387,4377.22,0.53890639,0
1506902326,22631386,4377.22,0.53890639,0
1506902321,22631385,4377.22,0.01884740,0
1506902315,22631372,4377.22,0.90800000,0
1506902314,22631371,4377.22,0.01631232,0
1506902314,22631370,4377.22,0.20516004,0
1506902313,22631369,4377.22,1.01401358,0
1506902313,22631368,4377.00,0.01100000,0
1506902313,22631367,4376.80,0.01000000,0
1506902313,22631366,4376.67,0.01896421,0
1506902313,22631365,4376.65,0.01519746,0
1506902313,22631364,4376.56,0.01820230,0
1506902313,22631363,4376.00,1.39762245,0
1506902310,22631361,4376.00,0.01500000,0
1506902310,22631360,4376.00,0.01500000,0
1506902295,22631359,4375.04,0.20045821,0
1506902294,22631358,4373.41,0.15525642,0
1506902283,22631354,4368.62,0.02578018,0
1506902283,22631353,4368.62,0.02898607,0
1506902248,22631314,4371.00,0.00900000,1
1506902237,22631312,4373.42,0.09907991,0
1506902237,22631311,4373.42,0.09907991,0
1506902236,22631310,4373.42,0.14060582,0
1506902236,22631309,4373.42,0.14060582,0
1506902233,22631308,4372.98,0.15060846,0
1506902216,22631303,4373.42,0.02825810,0
1506902215,22631302,4375.04,0.11664072,0
1506902214,22631298,4375.04,0.14533028,0
1506902214,22631297,4375.00,0.08059566,0
1506902214,22631296,4372.99,0.69403380,0
1506902214,22631295,4368.61,0.00136581,0
1506902203,22631287,4372.99,0.05000000,0
1506902196,22631283,4372.99,0.01562770,0
1506902196,22631282,4372.99,0.01562770,0
1506902193,22631281,4372.99,0.55000000,0
1506902186,22631279,4372.99,0.56173713,0
1506902186,22631278,4372.99,0.46681606,0
1506902186,22631277,4372.97,0.09492107,0
1506902185,22631276,4372.97,0.45000000,0
1506902185,22631275,4372.97,0.45000000,0
1506902184,22631274,4372.97,0.00507893,0
1506902178,22631272,4372.99,0.01007168,0
1506902177,22631271,4372.99,0.22307763,0
1506902177,22631270,4372.99,0.22307763,0
1506902176,22631268,4372.99,0.47422255,0
1506902176,22631266,4372.99,0.47422255,0
1506902174,22631265,4372.99,0.11983465,0
1506902174,22631264,4372.99,0.73634500,0
1506902168,22631261,4372.99,0.09288338,0
1506902166,22631260,4372.99,0.22985758,0
1506902165,22631259,4372.99,0.45000000,0
1506902163,22631258,4372.99,0.15127520,0
1506902157,22631255,4372.98,0.03024571,0
1506902156,22631254,4372.98,0.03024571,0
1506902152,22631252,4365.42,0.08230284,1
1506902151,22631251,4370.00,0.05097908,1
1506902149,22631250,4372.99,0.45000000,0
1506902131,22631245,4372.99,0.01128976,0
1506902121,22631242,4376.00,0.09145533,0
1506902104,22631239,4376.00,0.01878161,0
1506902103,22631238,4371.60,0.00218960,0
1506902090,22631232,4376.00,0.02661462,0
1506902090,22631231,4376.00,0.36614422,0
1506902089,22631230,4376.00,0.39275884,0
1506902084,22631226,4376.00,0.74608799,0
1506902074,22631222,4376.00,1.10000000,0
1506902074,22631221,4376.00,0.03071082,0
1506902067,22631220,4376.00,0.22815916,0
1506902067,22631219,4376.00,0.22815916,0
1506902066,22631218,4376.00,0.03427505,0
1506902055,22631216,4376.00,0.00334244,0
1506902053,22631215,4376.00,0.04247701,0
1506902053,22631213,4376.00,0.23335839,0
1506902050,22631212,4376.00,0.54198113,0
1506902050,22631211,4376.00,0.54198113,0
1506902048,22631209,4376.00,0.60417343,0
1506902048,22631208,4376.00,0.60417343,0
1506902043,22631207,4376.00,2.07592705,0
1506902034,22631206,4376.00,0.26315623,0
1506902031,22631205,4376.00,0.08200802,0
1506901983,22631201,4371.62,0.05553799,1
1506901983,22631200,4371.63,0.15731734,1
1506901955,22631199,4376.00,0.01336459,0
1506901954,22631197,4376.00,0.03859540,0
1506901949,22631196,4376.00,0.00656635,0
1506901949,22631195,4371.62,0.02038236,0
1506901949,22631194,4371.62,0.02694871,0
1506901930,22631185,4376.00,0.84494744,0
1506901929,22631183,4375.99,0.15516489,0
1506901913,22631146,4370.02,0.05670553,1
1506901911,22631132,4376.00,0.01116773,0
1506901905,22631122,4370.02,0.09399578,1
1506901891,22631105,4376.00,0.40548499,0
1506901890,22631104,4376.00,0.04600000,0
1506901890,22631103,4375.98,0.87150000,0
1506901890,22631102,4375.82,0.00273414,0
1506901890,22631101,4375.00,1.00000000,0
1506901890,22631100,4375.00,0.00500000,0
1506901890,22631099,4375.00,0.10000000,0
1506901890,22631098,4375.00,0.04200000,0
1506901889,22631097,4375.00,0.02728087,0
1506901881,22631094,4370.00,0.04902092,1
1506901875,22631091,4375.00,0.00671913,0
1506901869,22631082,4374.52,2.50000000,0
1506901869,22631081,4374.52,0.55793619,0
1506901869,22631080,4374.50,0.00200000,0
1506901868,22631079,4374.50,0.00458287,0
1506901868,22631078,4374.47,0.20000000,0
1506901868,22631077,4374.40,0.01261584,0
1506901868,22631076,4374.26,0.00656600,0
1506901868,22631075,4374.00,1.71629910,0
1506901868,22631074,4374.00,0.28245571,0
1506901868,22631073,4374.00,0.04600000,0
1506901867,22631072,4373.98,0.01683666,0
1506901867,22631071,4373.98,0.00186106,0
1506901867,22631070,4373.14,0.10358163,0
1506901867,22631068,4373.14,0.45073506,0
1506901866,22631067,4373.14,0.02099065,0
1506901866,22631065,4373.14,0.25061108,0
1506901858,22631058,4373.14,0.20243100,0
1506901857,22631057,4373.14,0.20243100,0
1506901847,22631051,4373.14,0.10093901,0
1506901847,22631050,4373.14,0.10093901,0
1506901844,22631047,4373.14,0.21276179,0
1506901844,22631046,4373.14,0.21276179,0
1506901842,22631045,4361.58,0.04260191,1
1506901833,22631042,4373.14,0.01023576,0
1506901827,22631038,4373.14,0.06579111,0
1506901827,22631037,4373.14,0.06579111,0
1506901823,22631033,4372.17,0.39291462,0
1506901822,22631032,4372.17,0.11889293,0
1506901821,22631031,4372.17,0.02587159,0
1506901820,22631029,4372.17,0.11880684,0
1506901816,22631028,4361.07,0.00540031,1
1506901805,22631025,4372.17,2.21988301,0
1506901804,22631024,4372.17,0.09374782,0
1506901800,22631023,4372.17,0.18636917,0
1506901800,22631022,4372.17,0.18636917,0
1506901797,22631021,4372.15,0.20668831,0
1506901797,22631020,4372.15,0.20668831,0
1506901796,22631019,4372.15,0.09492360,0
1506901794,22631018,4372.13,0.08876774,0
1506901794,22631017,4372.13,0.19367354,0
1506901793,22631016,4370.66,5.52689772,0
1506901788,22631013,4372.13,0.13938395,0
1506901788,22631012,4372.13,0.13938395,0
1506901788,22631011,4372.13,0.04541000,0
1506901788,22631010,4372.13,0.04541000,0
1506901788,22631009,4372.13,0.30823856,0
1506901787,22631008,4372.00,0.00212859,0
1506901787,22631007,4372.00,0.04600000,0
1506901787,22631006,4371.44,0.00276642,0
1506901787,22631005,4371.12,0.00143297,0
1506901787,22631004,4371.00,0.08231555,0
1506901787,22631003,4370.27,0.99384370,0
1506901787,22631001,4370.27,1.43672579,0
1506901786,22630997,4370.27,0.16001000,0
1506901786,22630996,4370.27,0.09041000,0
1506901786,22630994,4370.27,0.09041000,0
1506901785,22630993,4370.27,0.04541100,0
1506901785,22630992,4370.27,0.04541100,0
1506901784,22630991,4370.27,0.24488529,0
1506901784,22630990,4370.27,0.02570054,0
1506901782,22630986,4370.27,1.69104876,0
1506901775,22630974,4370.27,0.01200000,0
1506901775,22630973,4370.27,0.01200000,0
1506901769,22630956,4370.27,0.15214392,0
1506901765,22630951,4368.06,2.15870900,0
1506901765,22630950,4368.06,2.15870900,0
1506901761,22630945,4368.06,0.34129100,0
1506901753,22630928,4370.11,0.05300871,1
1506901752,22630926,4370.11,0.00493453,1
1506901752,22630925,4370.11,0.14914106,0
1506901752,22630923,4370.00,0.11087428,0
1506901752,22630922,4370.00,0.45000000,0
1506901751,22630920,4370.00,0.07534900,0
1506901749,22630911,4370.00,0.02115600,0
1506901747,22630908,4370.00,0.34262072,0
1506901747,22630907,4369.96,0.02288400,0
1506901747,22630906,4369.92,0.01680754,0
1506901747,22630904,4369.92,0.06768774,0
1506901746,22630902,4369.92,0.31059504,0
1506901746,22630900,4369.92,0.08290732,0
1506901746,22630898,4369.92,0.39350236,0
1506901745,22630892,4369.92,0.01680754,0
1506901738,22630859,4369.92,0.37828278,0
1506901732,22630826,4360.01,0.11276897,1
1506901726,22630784,4360.01,0.26244352,1
1506901723,22630765,4369.95,0.00789549,0
1506901720,22630761,4360.00,0.23406917,1
1506901714,22630753,4360.01,0.18479252,1
1506901714,22630752,4360.10,0.08121901,1
1506901710,22630745,4368.04,2.50000000,0
1506901709,22630744,4368.04,2.50000000,0
1506901708,22630742,4360.24,0.28111997,1
1506901700,22630732,4360.09,0.35691061,1
1506901699,22630730,4370.11,2.36550743,0
1506901699,22630729,4370.11,2.21007615,0
1506901699,22630728,4368.49,0.15543128,0
1506901695,22630721,4370.09,0.41890787,0
1506901695,22630719,4368.50,0.14402234,0
1506901695,22630718,4360.01,0.01129800,1
1506901694,22630717,4368.50,0.13855665,0
1506901694,22630713,4360.01,0.03814374,1
1506901694,22630711,4360.36,0.17194154,1
1506901691,22630709,4368.50,0.68175900,0
1506901688,22630698,4360.38,0.54899618,1
1506901687,22630697,4360.38,0.29037100,1
1506901684,22630690,4368.50,1.78094957,0
1506901679,22630685,4368.50,1.13298246,0
1506901678,22630684,4368.50,1.13298246,0
1506901677,22630680,4368.50,0.02434789,0
1506901677,22630679,4368.50,0.02434789,0
1506901676,22630678,4360.48,0.37264204,1
1506901676,22630677,4360.99,0.06991919,1
1506901667,22630664,4368.50,0.13418107,0
1506901667,22630663,4368.50,0.03137067,0
1506901666,22630662,4360.35,0.00300000,1
1506901664,22630659,4370.11,0.45236553,0
1506901664,22630658,4368.41,1.71277585,0
1506901663,22630654,4368.41,0.20000000,0
1506901657,22630650,4368.41,0.10257162,0
1506901655,22630649,4368.41,0.03228700,0
1506901653,22630648,4368.41,0.48980200,0
1506901651,22630646,4360.25,0.08415199,1
1506901650,22630645,4368.41,0.20000000,0
1506901650,22630644,4368.41,0.20000000,0
1506901648,22630641,4365.76,2.50000000,0
1506901645,22630640,4360.22,0.06022513,1
1506901638,22630633,4360.20,0.06381226,1
1506901637,22630631,4365.76,0.59407635,0
1506901636,22630630,4365.76,0.59407635,0
1506901632,22630626,4368.41,0.09140000,0
1506901632,22630625,4368.41,2.09683953,0
1506901632,22630624,4365.57,0.24762451,0
1506901631,22630623,4365.55,0.15553596,0
1506901630,22630622,4365.57,0.12538500,0
1506901629,22630620,4360.15,0.02372856,1
1506901629,22630619,4360.99,0.01310985,1
1506901628,22630616,4365.56,0.02102580,0
1506901627,22630615,4365.56,0.02102580,0
1506901618,22630609,4365.57,0.03767600,0
1506901617,22630606,4365.57,0.03767600,0
1506901617,22630605,4365.57,0.17996601,0
1506901616,22630602,4365.57,0.17996601,0
1506901616,22630599,4365.57,0.13195659,0
1506901615,22630598,4365.57,0.01166428,0
1506901615,22630597,4365.57,0.01166428,0
1506901611,22630590,4360.04,0.09435235,1
1506901611,22630588,4360.99,0.00349596,1
1506901605,22630580,4365.57,1.33647366,0
1506901605,22630579,4365.57,1.33647366,0
1506901604,22630578,4365.57,0.68173700,0
1506901604,22630576,4365.57,0.68173700,0
1506901599,22630566,4366.03,2.48073011,0
1506901599,22630565,4366.03,2.48073011,0
1506901596,22630558,4366.03,0.01926989,0
1506901596,22630556,4361.31,0.20727533,1
1506901590,22630543,4361.28,0.06516991,1
1506901587,22630539,4370.11,0.09240983,0
1506901571,22630504,4369.95,2.50000000,0
1506901569,22630503,4370.01,0.12937934,1
1506901560,22630498,4371.00,0.08522198,0
1506901560,22630497,4371.00,0.01885797,0
1506901560,22630496,4371.00,0.08522198,0
1506901557,22630494,4371.00,0.22838252,0
1506901557,22630493,4370.72,0.17783665,0
1506901557,22630492,4370.72,0.03534436,0
1506901556,22630489,4370.72,0.00901076,0
1506901556,22630488,4370.71,0.00189095,0
1506901554,22630484,4370.71,4.84183133,1
1506901553,22630482,4370.61,0.00024147,0
1506901553,22630480,4370.61,0.01219869,0
1506901553,22630478,4370.61,0.00655035,0
1506901553,22630475,4370.58,5.12903480,0
1506901552,22630473,4370.00,4.00000000,0
1506901552,22630471,4370.00,0.20000000,0
1506901552,22630470,4370.00,0.03958400,0
1506901552,22630469,4370.00,1.00000000,0
1506901552,22630467,4370.00,0.01000000,0
1506901552,22630466,4370.00,0.02356922,0
1506901552,22630465,4370.00,0.12575451,0
1506901551,22630464,4370.00,0.14422578,0
1506901551,22630463,4370.00,0.01143936,0
1506901551,22630462,4370.00,0.04600000,0
1506901551,22630461,4369.92,0.01899347,0
1506901550,22630460,4369.78,0.00497500,0
1506901550,22630459,4369.00,0.10000000,0
1506901550,22630458,4369.00,1.08400000,0
1506901550,22630456,4369.00,0.04627845,1
1506901549,22630455,4368.97,0.00182882,0
1506901549,22630454,4368.80,8.00000000,0
1506901549,22630453,4368.68,9.61827816,0
1506901549,22630452,4368.68,0.01201439,0
1506901548,22630451,4368.68,0.01201439,0
1506901548,22630450,4368.66,0.01165516,0
1506901548,22630449,4368.66,0.85984484,0
1506901541,22630445,4360.49,0.03379400,1
1506901541,22630444,4361.00,0.01000000,1
1506901540,22630442,4368.66,0.01165516,0
1506901535,22630434,4360.49,0.03988876,1
1506901530,22630430,4360.48,0.01820700,1
1506901530,22630429,4360.48,0.87150000,1
1506901529,22630428,4360.48,1.61029300,1
1506901529,22630427,4368.68,0.01154851,0
1506901529,22630426,4368.68,0.01154851,0
1506901528,22630425,4368.68,0.11049050,0
1506901527,22630424,4360.48,0.05929000,1
1506901526,22630422,4368.68,0.27531121,0
1506901526,22630421,4368.68,0.27531121,0
1506901525,22630419,4360.48,0.07341700,1
1506901522,22630418,4368.68,0.08855782,0
1506901522,22630415,4368.68,0.11047255,0
1506901520,22630413,4368.68,0.07793684,0
1506901520,22630412,4368.68,0.02685323,0
1506901520,22630411,4368.67,0.05108361,0
1506901503,22630403,4368.68,0.06621520,0
1506901503,22630402,4368.68,0.02619900,0
1506901494,22630401,4368.68,0.08108212,0
1506901493,22630400,4368.68,0.02472625,0
1506901487,22630399,4362.62,0.06436885,1
1506901475,22630394,4362.56,0.06523753,1
1506901464,22630388,4362.61,0.04544640,1
1506901446,22630375,4368.68,0.00497500,0
1506901435,22630370,4368.68,0.03023000,0
1506901435,22630369,4368.68,0.03023000,0
1506901427,22630366,4368.68,0.02500000,0
1506901421,22630365,4368.68,2.15755313,0
1506901412,22630362,4362.12,0.10987024,1
1506901412,22630361,4362.12,0.03901327,1
1506901405,22630359,4368.67,0.60000000,0
1506901404,22630358,4368.67,0.60000000,0
1506901404,22630357,4368.67,1.80831772,0
1506901404,22630356,4366.00,0.02632078,0
1506901404,22630355,4366.00,0.06536150,0
1506901400,22630347,4362.01,0.03823920,1
1506901391,22630343,4368.68,0.68704577,0
1506901390,22630341,4368.68,0.22073026,0
1506901390,22630340,4368.68,0.22073026,0
1506901387,22630335,4368.68,0.49912290,0
1506901387,22630334,4368.65,0.06517643,0
1506901381,22630333,4365.29,0.23937527,0
1506901375,22630332,4365.29,0.05096400,0
1506901375,22630331,4365.29,0.02142053,0
1506901374,22630330,4365.29,0.06390025,0
1506901374,22630329,4365.29,0.01997198,0
1506901374,22630328,4365.29,0.02150630,0
1506901364,22630300,4365.29,0.11248764,0
1506901363,22630299,4365.29,0.01518705,0
1506901346,22630298,4360.34,0.02930264,1
1506901333,22630295,4365.29,0.19146760,0
1506901333,22630294,4360.97,0.00853240,0
1506901332,22630293,4360.97,0.01085964,0
1506901327,22630290,4360.97,0.01651437,0
1506901279,22630285,4360.14,0.02087570,1
1506901275,22630279,4360.14,0.02161739,1
1506901263,22630275,4360.14,0.02516792,1
1506901262,22630274,4360.14,0.33386567,1
1506901254,22630270,4360.14,0.02489400,1
1506901232,22630255,4355.44,0.01547695,1
1506901205,22630243,4354.83,0.02312344,1
1506901194,22630239,4367.46,0.45000000,0
1506901173,22630236,4367.46,0.30000000,0
1506901170,22630235,4367.46,0.08242663,0
1506901152,22630233,4353.74,0.06687423,1
1506901144,22630232,4367.46,0.29933878,0
1506901140,22630229,4368.67,0.24190216,0
1506901139,22630228,4367.63,0.15795234,0
1506901130,22630226,4367.63,0.63139100,0
1506901130,22630225,4367.63,0.63139100,0
1506901129,22630224,4367.63,1.86860900,0
1506901129,22630223,4367.63,0.89850000,0
1506901129,22630222,4367.61,0.24010900,0
1506901129,22630221,4365.53,0.73000000,0
1506901128,22630219,4365.53,2.50000000,0
1506901128,22630218,4365.53,2.50000000,0
1506901127,22630217,4367.61,0.63139100,0
1506901126,22630216,4367.58,0.24010900,0
1506901126,22630215,4367.58,0.63139100,0
1506901126,22630214,4365.87,0.17710000,0
1506901126,22630213,4364.68,1.69150900,0
1506901126,22630211,4364.68,0.75700000,0
1506901126,22630210,4364.66,0.87150000,0
1506901123,22630207,4364.68,0.87150000,0
1506901122,22630206,4364.68,2.50000000,0
1506901121,22630205,4364.68,0.26700000,0
1506901121,22630204,4364.67,0.09000000,0
1506901121,22630203,4364.65,0.87150000,0
1506901121,22630202,4362.53,0.40000000,0
1506901120,22630201,4362.53,1.62850000,0
1506901119,22630197,4362.53,0.87150000,0
1506901119,22630196,4362.53,0.87150000,0
1506901118,22630195,4362.53,1.62850000,0
1506901118,22630194,4362.51,0.87150000,0
1506901117,22630193,4362.51,2.50000000,0
1506901117,22630192,4362.51,1.62850000,0
1506901117,22630191,4362.49,0.87150000,0
1506901115,22630190,4360.02,2.50000000,0
1506901115,22630189,4360.02,2.50000000,0
1506901111,22630187,4358.73,0.92780549,0
1506901110,22630185,4358.74,0.92780549,1
1506901107,22630184,4360.02,0.08714594,0
1506901107,22630183,4360.00,0.13035406,0
1506901107,22630182,4359.19,2.28250000,0
1506901106,22630181,4360.00,0.38464594,0
1506901106,22630180,4359.27,0.37235406,0
1506901106,22630179,4358.86,0.87150000,0
1506901106,22630178,4358.75,0.87150000,0
1506901094,22630176,4359.27,0.04764594,0
1506901093,22630175,4359.25,0.03585058,0
1506901074,22630174,4348.69,0.00560000,1
1506901036,22630172,4358.81,0.00334559,0
1506901005,22630165,4359.00,1.55000000,0
1506901005,22630164,4358.69,0.95000000,0
1506901001,22630163,4358.77,0.65000000,0
1506900998,22630162,4358.87,0.03589582,0
1506900989,22630160,4358.74,0.20000000,0
1506900989,22630159,4358.74,0.20000000,0
1506900984,22630158,4358.89,0.01012039,0
1506900984,22630157,4350.86,0.00069000,0
1506900972,22630156,4350.86,0.10800000,0
1506900970,22630154,4359.01,0.09136472,0
1506900968,22630153,4359.03,0.05000000,0
1506900967,22630152,4359.06,0.02850000,0
1506900967,22630151,4359.06,0.42150000,0
1506900966,22630150,4359.06,0.45000000,0
1506900962,22630149,4347.00,0.60307159,1
1506900962,22630148,4347.04,2.27910000,0
1506900962,22630147,4347.04,0.22000000,0
1506900961,22630146,4347.30,1.74300000,1
1506900961,22630145,4347.30,0.87150000,1
1506900960,22630144,4347.33,0.13711996,1
1506900958,22630143,4359.12,0.04577071,0
1506900957,22630142,4359.12,0.05000000,0
1506900957,22630141,4359.12,0.05000000,0
1506900956,22630140,4359.12,0.40000000,0
1506900956,22630139,4359.12,0.16178501,0
1506900956,22630138,4359.00,0.23821499,0
1506900955,22630137,4359.00,0.05000000,0
1506900955,22630136,4359.00,0.05000000,0
1506900954,22630134,4358.97,0.11027328,0
1506900934,22630133,4346.95,0.87349661,1
1506900928,22630130,4359.16,0.45000000,0
1506900927,22630129,4359.16,0.45000000,0
1506900926,22630128,4359.16,0.45000000,0
1506900925,22630127,4359.27,0.05000000,0
1506900924,22630126,4359.27,0.45000000,0
1506900921,22630124,4359.27,0.08000000,0
1506900917,22630121,4359.17,0.09651552,0
1506900917,22630120,4359.17,0.09651552,0
1506900916,22630119,4359.17,0.08583884,0
1506900916,22630118,4359.17,0.08583884,0
1506900911,22630117,4359.17,0.02127269,0
1506900911,22630116,4359.17,0.02127269,0
1506900906,22630115,4359.17,0.21281115,1
1506900903,22630113,4359.15,0.01180700,0
1506900885,22630107,4359.23,0.20256880,0
1506900885,22630106,4359.23,0.20256880,0
1506900877,22630104,4359.25,0.01503968,0
1506900874,22630097,4359.53,1.27079402,0
1506900874,22630096,4359.33,0.87150000,0
1506900855,22630080,4346.36,1.35842681,0
1506900854,22630079,4346.36,0.88357319,0
1506900839,22630072,4346.11,0.69890105,1
1506900839,22630070,4354.98,0.30109895,1
1506900837,22630068,4354.98,0.15591346,0
1506900836,22630067,4346.09,1.00000000,1
1506900835,22630065,4346.08,0.93036000,0
1506900834,22630064,4346.08,0.06964000,0
1506900830,22630062,4346.08,0.87150000,1
1506900813,22630050,4348.16,0.06718339,1
1506900813,22630049,4351.32,0.08253113,1
1506900812,22630046,4351.32,0.11746887,1
1506900809,22630042,4355.00,0.05760197,1
1506900805,22630039,4355.99,0.13996569,0
1506900805,22630038,4355.99,0.13996569,0
1506900800,22630033,4356.00,0.16405438,1
1506900798,22630032,4356.00,1.00000000,1
1506900796,22630031,4356.00,0.06806434,1
1506900794,22630030,4356.00,0.13889787,1
1506900792,22630028,4356.00,0.18224373,1
1506900783,22630020,4358.07,0.02400769,1
1506900757,22629995,4362.00,0.11000000,0
1506900747,22629992,4362.09,5.00000000,0
1506900746,22629991,4362.09,0.08758200,0
1506900744,22629990,4362.09,0.13015829,0
1506900740,22629989,4362.09,0.50000000,0
1506900725,22629984,4362.68,0.10000000,0
1506900725,22629983,4362.68,0.10000000,0
1506900723,22629981,4364.68,0.01299100,0
1506900708,22629970,4364.65,0.48998725,0
1506900708,22629969,4364.65,0.48998725,0
1506900707,22629966,4358.04,0.15900000,1
1506900684,22629910,4362.69,0.12088583,0
1506900674,22629903,4358.03,1.00000000,1
1506900671,22629901,4357.63,0.12850000,1
1506900671,22629900,4357.65,0.87150000,1
1506900667,22629897,4358.00,0.08575097,0
1506900666,22629896,4358.00,0.08575097,0
1506900664,22629894,4362.70,0.02086726,0
1506900663,22629892,4362.70,0.02086726,0
1506900663,22629890,4358.00,1.00000000,1
1506900658,22629886,4358.01,0.11991202,0
1506900651,22629882,4358.03,1.00000000,1
1506900644,22629876,4367.63,0.14884690,0
1506900644,22629875,4367.63,0.14324563,0
1506900639,22629871,4367.63,0.60430776,0
1506900638,22629870,4367.63,0.60430776,0
1506900634,22629869,4367.63,0.16514180,0
1506900632,22629868,4367.63,0.08092615,0
1506900628,22629865,4367.63,0.01112800,0
1506900628,22629864,4367.63,0.01112800,0
1506900618,22629860,4367.63,0.08596233,0
1506900617,22629859,4367.63,0.08596233,0
1506900615,22629858,4368.67,0.01115200,0
1506900615,22629857,4368.67,0.01115200,0
1506900605,22629851,4368.67,0.07761295,0
1506900603,22629849,4368.67,0.09991589,0
1506900600,22629847,4368.67,0.02308737,0
1506900594,22629842,4368.68,0.02683478,0
1506900564,22629817,4368.68,0.16691933,0
1506900560,22629808,4356.23,0.21653771,1
1506900558,22629802,4368.68,0.38629603,0
1506900558,22629801,4368.68,0.38629603,0
1506900557,22629797,4368.68,0.02371700,0
1506900546,22629764,4355.24,0.12850000,1
1506900546,22629763,4355.24,0.87150000,1
1506900534,22629757,4368.05,1.00000000,0
1506900532,22629754,4368.05,0.07569136,0
1506900530,22629752,4368.05,0.00581329,0
1506900530,22629751,4368.05,0.01889718,0
1506900530,22629750,4368.05,0.00581329,0
1506900527,22629747,4368.05,0.07224675,0
1506900527,22629746,4367.39,0.02775325,0
1506900527,22629745,4367.39,0.10000000,0
1506900526,22629744,4367.39,0.01774675,0
1506900516,22629739,4368.68,0.30575962,0
1506900516,22629738,4368.66,0.68901782,0
1506900516,22629737,4368.66,0.18248218,0
1506900516,22629736,4368.66,0.81229526,0
1506900515,22629733,4368.66,0.93070474,0
1506900514,22629732,4368.47,0.01899979,0
1506900514,22629731,4368.32,0.00185030,0
1506900514,22629730,4368.14,0.01900125,0
1506900514,22629729,4368.05,0.00118297,0
1506900514,22629728,4368.00,0.03500000,0
1506900514,22629727,4368.00,0.05600000,0
1506900514,22629726,4368.00,0.03960000,0
1506900513,22629725,4368.00,0.04600000,0
1506900513,22629724,4367.99,0.05000000,0
1506900513,22629723,4367.68,0.01376892,0
1506900513,22629722,4367.12,0.00656600,0
1506900513,22629721,4367.00,0.13000000,0
1506900513,22629720,4367.00,0.04180000,0
1506900513,22629719,4366.50,0.05339477,0
1506900512,22629718,4366.44,0.00445500,0
1506900512,22629717,4366.01,0.12030000,0
1506900512,22629716,4366.01,0.02000000,0
1506900512,22629715,4366.00,0.04600000,0
1506900512,22629714,4365.50,0.01000000,0
1506900512,22629713,4365.27,0.01634635,0
1506900512,22629712,4365.27,0.00167244,0
1506900511,22629711,4365.15,0.00497500,0
1506900511,22629710,4365.02,0.00497500,0
1506900511,22629709,4365.00,0.19689117,0
1506900510,22629708,4365.00,1.00310883,0
1506900510,22629707,4364.50,0.00200000,0
1506900510,22629706,4364.45,0.70000000,0
1506900510,22629705,4364.36,0.16437487,0
1506900509,22629704,4364.36,0.59452799,0
1506900487,22629686,4364.36,0.03052500,0
1506900487,22629685,4364.36,0.03052500,0
1506900486,22629684,4364.36,0.08002357,0
1506900486,22629683,4364.36,0.08002357,0
1506900479,22629675,4364.36,0.02000000,0
1506900475,22629664,4364.34,0.04908484,0
1506900470,22629657,4364.34,0.13996194,0
1506900469,22629652,4364.34,0.10057853,0
1506900469,22629650,4364.34,0.10057853,0
1506900454,22629629,4364.43,0.11248345,0
1506900437,22629616,4364.41,1.63687874,0
1506900437,22629615,4364.39,0.05256634,0
1506900436,22629614,4364.39,0.81055492,0
1506900436,22629613,4364.39,0.00837874,0
1506900424,22629610,4364.39,0.05256634,0
1506900406,22629598,4364.43,0.02635524,0
1506900349,22629585,4364.46,0.02739371,0
1506900349,22629584,4364.00,0.01980000,0
1506900349,22629583,4364.00,0.04600000,0
1506900349,22629582,4364.00,0.04400629,0
1506900306,22629563,4362.19,0.45000000,0
1506900306,22629562,4362.19,0.45000000,0
1506900304,22629561,4362.19,0.18726200,0
1506900304,22629560,4362.19,0.01319407,0
1506900303,22629559,4362.19,0.05367343,0
1506900288,22629557,4362.19,0.01001810,0
1506900287,22629556,4362.19,0.01001810,0
1506900286,22629555,4362.19,2.00000000,0
1506900283,22629554,4362.19,0.88230625,0
1506900270,22629549,4362.19,0.45000000,0
1506900269,22629548,4362.13,0.04956600,0
1506900268,22629547,4362.13,0.04956600,0
1506900268,22629546,4362.13,0.35000000,0
1506900266,22629545,4362.13,0.31895051,0
1506900266,22629544,4359.44,0.69506353,0
1506900266,22629543,4359.44,0.85825973,0
1506900266,22629542,4359.43,0.15575431,0
1506900249,22629539,4359.44,1.65409037,0
1506900248,22629538,4359.44,1.65409037,0
1506900245,22629535,4359.44,0.06924800,0
1506900245,22629534,4359.44,0.06924800,0
1506900238,22629532,4358.51,0.00340000,1
1506900238,22629531,4358.51,4.68284991,1
1506900238,22629530,4358.53,0.24110088,1
1506900229,22629525,4362.17,0.45304505,0
1506900229,22629523,4362.15,0.87150000,0
1506900229,22629522,4361.00,0.50000000,0
1506900228,22629521,4359.30,5.97190000,0
1506900208,22629516,4358.51,0.64478499,0
1506900206,22629515,4358.51,0.01800000,0
1506900195,22629511,4358.51,0.01395200,0
1506900194,22629510,4358.51,0.10000000,0
1506900193,22629509,4358.51,0.01000000,0
1506900188,22629507,4358.51,0.01478215,0
1506900182,22629505,4358.51,0.20000000,0
1506900181,22629504,4358.51,0.12120000,0
1506900180,22629503,4358.51,0.07728086,0
1506900180,22629502,4357.85,0.12271914,0
1506900180,22629501,4357.85,0.20000000,0
1506900179,22629500,4357.85,0.37728086,0
1506900179,22629499,4357.76,0.00200000,0
1506900179,22629498,4356.26,0.07131653,0
1506900179,22629497,4356.26,0.27281164,0
1506900179,22629496,4355.00,0.17778575,0
1506900163,22629495,4356.26,0.34450250,0
1506900163,22629494,4356.00,0.00027950,0
1506900156,22629493,4356.00,0.02255394,0
1506900155,22629492,4356.00,0.00609600,0
1506900155,22629491,4356.00,0.00609600,0
1506900154,22629490,4356.00,0.41401929,0
1506900123,22629488,4356.00,0.11009500,0
1506900123,22629487,4356.00,0.00264364,0
1506900123,22629486,4356.00,0.00800000,0
1506900093,22629474,4353.05,0.01000000,1
1506900031,22629466,4356.00,0.04471663,0
1506900029,22629465,4353.02,0.01097596,1
1506900021,22629460,4353.01,0.00200000,1
1506900013,22629458,4356.00,0.38550000,0
1506900013,22629457,4355.15,1.00000000,0
1506900012,22629456,4355.09,1.00000000,0
1506900012,22629455,4355.07,1.74300000,0
1506900012,22629454,4355.07,0.87150000,0
1506899871,22629417,4352.16,2.28220000,0
1506899871,22629416,4351.00,0.19521482,0
1506899870,22629415,4350.95,0.15605787,0
1506899799,22629411,4341.30,0.00954773,0
1506899799,22629410,4341.30,0.00521931,0
1506899799,22629409,4341.30,0.00382781,0
1506899799,22629408,4341.30,0.00670784,0
1506899799,22629407,4341.30,0.02005678,0
1506899798,22629406,4341.30,0.04880733,0
1506899798,22629405,4341.30,0.00446976,0
1506899798,22629404,4341.30,0.01968496,0
1506899798,22629403,4341.30,0.00275395,0
1506899798,22629402,4341.30,0.04015740,0
1506899798,22629401,4341.30,0.01303523,0
1506899797,22629400,4341.30,0.00587062,0
1506899797,22629399,4341.30,0.00995033,0
1506899797,22629398,4341.30,0.02077531,0
1506899797,22629397,4341.30,0.01402734,0
1506899797,22629396,4341.30,0.11445604,0
1506899797,22629395,4341.30,0.01597313,0
1506899796,22629394,4341.30,0.58378260,0
1506899796,22629393,4341.30,0.00467315,0
1506899796,22629392,4341.30,0.00313710,0
1506899796,22629391,4341.30,0.05085926,0
1506899796,22629390,4341.30,0.00240478,0
1506899796,22629389,4341.30,0.15113529,0
1506899795,22629388,4341.30,0.00775116,0
1506899795,22629387,4341.30,0.00637935,0
1506899795,22629386,4341.30,0.06076034,0
1506899795,22629385,4341.30,0.00190836,0
1506899795,22629384,4341.30,0.01234748,0
1506899794,22629383,4341.30,0.01239747,0
1506899794,22629382,4341.30,0.00534046,0
1506899793,22629381,4341.30,0.04568328,0
1506899793,22629380,4341.30,0.01958080,0
1506899793,22629379,4341.30,0.00158062,0
1506899793,22629378,4341.30,0.00982180,0
1506899793,22629377,4341.30,0.01170036,0
1506899793,22629376,4341.30,0.01113352,0
1506899792,22629375,4341.30,0.02223059,0
1506899792,22629374,4341.30,0.02258838,0
1506899792,22629373,4341.30,0.00826334,0
1506899792,22629372,4341.30,0.00507157,0
1506899792,22629371,4341.30,0.04299680,0
1506899792,22629370,4341.30,0.72299960,0
1506899791,22629369,4341.30,0.02715368,0
1506899791,22629368,4341.30,0.05533998,0
1506899788,22629367,4347.55,0.02406446,1
1506899788,22629366,4347.55,0.02856767,1
1506899788,22629365,4350.00,0.02786672,1
1506899788,22629364,4350.00,0.03232301,1
1506899787,22629363,4350.00,0.41707383,1
1506899787,22629362,4350.00,0.00878168,1
1506899787,22629361,4350.00,0.13068748,1
1506899787,22629360,4350.00,0.04456813,1
1506899787,22629359,4350.01,0.03055665,1
1506899787,22629358,4350.01,0.02451620,1
1506899786,22629357,4350.01,0.01927029,1
1506899780,22629354,4350.00,0.50211170,1
1506899772,22629352,4351.00,0.01499232,0
1506899764,22629350,4350.00,3.83658745,0
1506899754,22629345,4349.43,0.06965499,0
1506899737,22629343,4347.55,0.06855700,1
1506899735,22629342,4347.56,0.00144300,1
1506899727,22629341,4349.45,0.00732666,0
1506899676,22629335,4349.98,0.00308471,0
1506899666,22629333,4350.00,1.12850000,0
1506899666,22629332,4349.96,0.07759761,0
1506899666,22629331,4349.96,0.79390239,0
1506899665,22629330,4349.96,0.07759761,0
1506899661,22629329,4350.28,0.03339755,1
1506899661,22629328,4350.29,0.00151500,1
1506899649,22629327,4351.00,0.00497500,0
1506899644,22629326,4351.00,0.28481786,0
1506899641,22629320,4350.00,0.02983103,0
1506899641,22629319,4349.00,1.00000000,0
1506899605,22629312,4348.75,0.23423768,0
1506899605,22629311,4348.75,0.87150000,0
1506899580,22629309,4338.26,0.11084897,1
1506899580,22629308,4347.54,0.36784103,1
1506899579,22629307,4347.54,0.70537223,1
1506899578,22629306,4347.54,0.05039476,1
1506899577,22629305,4347.55,0.00159700,1
1506899533,22629300,4346.40,0.03993500,0
1506899523,22629299,4343.13,0.77775393,0
1506899523,22629298,4343.12,2.28870000,0
1506899518,22629297,4343.05,0.07725783,0
1506899517,22629296,4336.71,0.15657030,0
1506899511,22629293,4335.64,0.12684100,0
1506899511,22629292,4335.64,0.00165900,0
1506899510,22629291,4335.73,0.87150000,1
1506899509,22629290,4335.62,0.12675700,0
1506899508,22629289,4335.65,0.00174300,1
1506899508,22629288,4335.69,0.87150000,1
1506899507,22629286,4336.72,0.00359966,0
1506899504,22629284,4335.64,0.12850000,1
1506899504,22629283,4335.64,0.87150000,1
1506899499,22629282,4336.71,0.05286580,0
1506899496,22629281,4339.32,0.00239966,1
1506899495,22629280,4336.73,0.12878454,0
1506899491,22629278,4336.73,0.00359966,1
1506899481,22629275,4339.29,0.12141983,1
1506899480,22629274,4339.30,0.00182600,1
1506899456,22629267,4346.48,0.02647392,0
1506899428,22629263,4346.52,0.12849875,1
1506899419,22629262,4349.44,0.02017019,0
1506899413,22629258,4335.40,0.25500000,0
1506899407,22629254,4349.52,0.02126232,0
1506899406,22629253,4335.29,0.34313610,0
1506899406,22629252,4339.10,0.00341700,1
1506899406,22629251,4339.11,0.00341700,1
1506899405,22629250,4339.12,0.00341700,1
1506899405,22629249,4339.12,0.00322900,0
1506899405,22629248,4339.13,0.00339800,0
1506899404,22629247,4339.15,0.62975390,0
1506899404,22629246,4339.16,0.00341700,1
1506899404,22629245,4339.19,0.00341700,1
1506899403,22629244,4339.27,0.00339800,0
1506899400,22629242,4339.25,1.33667889,0
1506899398,22629241,4339.25,0.00339800,0
1506899383,22629232,4350.01,0.23267450,1
1506899375,22629230,4350.99,0.62850000,0
1506899375,22629229,4350.46,0.87150000,0
1506899357,22629228,4350.00,0.12219567,1
1506899355,22629227,4350.00,2.28640000,1
1506899353,22629226,4350.00,0.87150000,1
1506899353,22629225,4350.00,0.19445118,0
1506899315,22629194,4348.00,0.01460941,0
1506899310,22629192,4348.00,0.03360331,0
1506899298,22629190,4344.00,0.00837374,1
1506899297,22629189,4344.01,0.00359300,0
1506899296,22629188,4344.01,2.28860000,1
1506899275,22629180,4344.00,0.00247000,1
1506899275,22629179,4344.01,0.00378000,1
1506899238,22629166,4348.00,0.01205025,0
1506899238,22629165,4340.00,0.01433249,0
1506899233,22629163,4340.00,0.03566751,0
1506899233,22629162,4339.00,0.00036201,0
1506899231,22629161,4339.00,0.38502178,0
1506899218,22629152,4339.00,0.00264673,0
1506899212,22629149,4336.09,0.20000000,1
1506899207,22629147,4339.00,0.05468907,0
1506899207,22629146,4339.00,0.20562693,0
1506899201,22629145,4339.00,0.12850702,0
1506899195,22629142,4338.99,0.15648803,0
1506899179,22629134,4339.00,0.01799874,0
1506899172,22629133,4339.00,0.02911137,0
1506899171,22629132,4340.94,0.17202135,1
1506899171,22629131,4340.95,0.00401500,1
1506899168,22629128,4340.94,1.00000000,1
1506899164,22629124,4340.95,0.00422700,0
1506899158,22629122,4340.95,0.00470900,1
1506899151,22629118,4340.96,0.06045667,0
1506899150,22629116,4340.96,0.00471000,1
1506899115,22629108,4346.39,0.93917020,0
1506899114,22629107,4346.01,1.35871897,0
1506899111,22629106,4346.01,0.51902064,0
1506899099,22629099,4346.00,0.02418062,0
1506899087,22629098,4346.01,0.00407868,0
1506899084,22629096,4341.10,0.00182404,1
1506899079,22629092,4346.01,0.02798743,0
1506899071,22629088,4341.08,0.04270933,1
1506899071,22629087,4341.09,0.00507000,1
1506899052,22629082,4346.01,0.01702260,0
1506899049,22629081,4341.40,0.05014100,1
1506899049,22629080,4341.41,0.00485900,1
1506898990,22629073,4346.01,0.26797100,0
1506898971,22629064,4340.94,1.38156019,1
1506898971,22629063,4340.95,0.70466358,0
1506898971,22629062,4340.95,0.00733700,1
1506898970,22629061,4341.36,2.28690000,0
1506898970,22629059,4341.36,0.20000000,1
1506898970,22629058,4341.37,0.00550300,1
1506898953,22629051,4346.01,0.01399257,0
1506898923,22629045,4346.01,0.13962770,0
1506898923,22629044,4345.00,0.01399975,0
1506898923,22629043,4340.95,1.00000000,0
1506898922,22629042,4340.92,0.15641846,0
1506898902,22629038,4336.34,0.12226700,1
1506898902,22629037,4336.42,0.00623300,1
1506898902,22629036,4336.46,0.87150000,1
1506898885,22629035,4340.95,0.73587817,0
1506898881,22629034,4340.95,0.02667183,0
1506898881,22629033,4340.95,0.00200000,0
1506898869,22629031,4341.28,0.00761500,0
1506898868,22629030,4341.28,0.01162300,1
1506898868,22629029,4341.29,0.02675932,1
1506898867,22629028,4341.29,0.00848800,1
1506898860,22629023,4341.33,0.00864900,0
1506898860,22629022,4341.33,0.00871700,1
1506898860,22629021,4341.61,0.87150000,1
1506898853,22629020,4346.01,0.01833434,0
1506898847,22629016,4346.01,0.02975359,0
1506898835,22629010,4352.68,0.06895848,0
1506898819,22629003,4355.66,0.43019284,0
1506898819,22629002,4355.00,0.28553187,0
1506898819,22629001,4352.68,0.20000000,0
1506898818,22629000,4345.87,0.08427529,0
1506898818,22628999,4345.87,0.00970500,0
1506898817,22628998,4345.87,0.11849871,1
1506898817,22628997,4346.05,0.00970600,1
1506898783,22628992,4355.63,0.00264839,0
1506898734,22628940,4357.76,0.12747979,1
1506898730,22628927,4357.76,0.02949104,1
1506898722,22628922,4357.76,0.48781839,1
1506898722,22628921,4357.71,0.79298385,0
1506898722,22628920,4357.71,0.07851615,0
1506898722,22628919,4355.00,0.00070787,0
1506898716,22628915,4355.00,0.20500000,0
1506898708,22628914,4355.00,0.04869383,0
1506898702,22628912,4355.00,0.74559830,0
1506898702,22628911,4355.00,0.04603200,0
1506898701,22628910,4354.99,1.50000000,0
1506898685,22628905,4357.76,1.16480944,1
1506898684,22628904,4357.71,2.28250000,1
1506898683,22628903,4355.00,2.27960000,1
1506898673,22628885,4349.04,0.00171000,1
1506898673,22628884,4349.05,0.01276300,1
1506898673,22628883,4349.08,0.01276300,1
1506898673,22628882,4349.09,0.01276400,1
1506898665,22628879,4350.03,0.01276300,0
1506898664,22628878,4350.04,0.01277500,1
1506898653,22628875,4357.86,0.04616945,1
1506898648,22628873,4342.46,0.65771249,0
1506898647,22628872,4349.00,0.01612200,1
1506898647,22628871,4349.01,0.01612200,1
1506898647,22628870,4350.02,0.01612200,1
1506898645,22628869,4350.03,0.01612200,1
1506898634,22628867,4357.97,1.00000000,1
1506898630,22628866,4357.97,0.65116541,0
1506898630,22628865,4357.93,0.34883459,0
1506898628,22628839,4350.00,1.00000000,1
1506898624,22628832,4350.00,0.05000000,0
1506898612,22628826,4348.98,1.00000000,0
1506898607,22628824,4347.00,1.00000000,0
1506898596,22628816,4346.99,1.00000000,0
1506898587,22628815,4346.99,0.17100000,0
1506898576,22628812,4338.11,0.78222540,0
1506898576,22628809,4338.11,0.01703000,1
1506898571,22628800,4348.84,0.11222205,0
1506898566,22628796,4348.85,0.10882900,0
1506898566,22628795,4348.85,0.72595147,0
1506898565,22628794,4348.87,0.11391392,0
1506898534,22628768,4348.82,0.10376323,0
1506898533,22628767,4339.00,0.01009472,0
1506898518,22628758,4339.00,0.01372140,0
1506898510,22628756,4339.00,0.22358293,0
1506898510,22628755,4338.00,0.22624799,0
1506898510,22628754,4337.99,0.01969030,1
1506898510,22628753,4337.99,0.14760270,0
1506898509,22628752,4337.99,0.02346070,0
1506898506,22628750,4337.20,0.01361260,1
1506898503,22628747,4337.99,0.22000000,0
1506898498,22628741,4337.99,0.24708508,0
1506898497,22628740,4337.99,0.01863440,0
1506898496,22628739,4337.99,0.22000000,0
1506898494,22628738,4337.99,0.12321712,1
1506898480,22628734,4338.00,0.10080495,0
1506898480,22628733,4338.00,0.01899833,0
1506898480,22628732,4338.00,0.14542898,0
1506898476,22628731,4338.00,0.03955455,0
1506898474,22628730,4338.00,0.10089342,0
1506898472,22628728,4338.00,0.00299657,0
1506898471,22628724,4338.00,0.70328488,0
1506898468,22628719,4337.99,0.03278288,0
1506898467,22628718,4337.99,0.10080495,0
1506898467,22628717,4337.99,0.02293627,0
1506898462,22628714,4336.38,1.98139100,1
1506898462,22628713,4336.42,0.01860900,1
1506898462,22628712,4338.00,0.04019638,0
1506898461,22628711,4338.00,0.22000000,0
1506898460,22628709,4338.00,0.08091317,0
1506898455,22628697,4338.00,0.22000000,0
1506898450,22628695,4338.00,0.10068078,0
1506898445,22628693,4339.00,0.10069956,0
1506898445,22628692,4339.00,0.09955146,0
1506898443,22628691,4336.32,1.00000000,1
1506898440,22628690,4336.31,0.12850000,1
1506898440,22628689,4336.31,0.87150000,1
1506898438,22628687,4339.00,0.39367490,0
1506898437,22628686,4339.00,0.07715953,0
1506898432,22628683,4339.00,0.03431450,0
1506898431,22628681,4340.26,0.02493800,1
1506898431,22628679,4340.27,0.02226300,1
1506898425,22628677,4344.75,0.00299569,0
1506898425,22628676,4340.30,0.10625400,0
1506898424,22628675,4340.30,0.87150000,1
1506898424,22628674,4340.31,0.02224600,1
1506898419,22628671,4345.00,0.22000000,0
1506898417,22628670,4345.00,0.02493900,0
1506898416,22628669,4345.82,0.02626900,1
1506898416,22628668,4345.85,0.01439915,1
1506898416,22628667,4348.96,0.14500000,1
1506898410,22628665,4340.23,0.14779386,1
1506898410,22628664,4340.29,0.01439915,1
1506898410,22628663,4345.85,0.02180699,1
1506898410,22628662,4340.23,0.00446701,0
1506898409,22628661,4335.91,0.14843249,1
1506898409,22628660,4339.70,0.03556751,1
1506898409,22628659,4340.23,0.00959915,0
1506898409,22628658,4340.25,0.00200000,1
1506898408,22628657,4345.81,0.10093384,1
1506898402,22628655,4349.98,0.26677579,0
1506898402,22628654,4349.98,0.23268849,0
1506898399,22628653,4349.99,0.22825916,0
1506898395,22628647,4348.97,0.28640343,0
1506898395,22628646,4348.97,0.25084806,0
1506898390,22628643,4340.22,0.91141500,1
1506898390,22628642,4344.00,0.05709000,1
1506898390,22628640,4344.01,0.03149500,1
1506898387,22628634,4349.96,0.00273927,0
1506898384,22628630,4339.70,0.08545600,0
1506898384,22628629,4340.22,0.05754400,0
1506898381,22628628,4340.00,1.42304237,0
1506898381,22628627,4340.00,0.05752000,0
1506898380,22628626,4340.00,0.04314000,0
1506898380,22628625,4340.00,1.00000000,0
1506898379,22628624,4340.01,0.00897463,1
1506898379,22628623,4340.12,0.12610000,1
1506898379,22628622,4340.31,2.00000000,1
1506898379,22628621,4341.93,0.06602300,1
1506898379,22628620,4345.79,4.27480000,1
1506898378,22628618,4345.81,0.25700000,1
1506898378,22628617,4345.81,0.74300000,1
1506898376,22628616,4345.80,1.00000000,0
1506898374,22628615,4351.07,1.43678318,0
1506898374,22628614,4344.00,1.96100653,0
1506898372,22628612,4344.07,0.02000000,1
1506898372,22628611,4344.51,0.01899347,1
1506898371,22628610,4349.00,0.09800000,0
1506898366,22628607,4345.80,0.73260300,1
1506898366,22628606,4349.00,0.22000000,1
1506898366,22628605,4349.01,0.04739700,1
1506898363,22628604,4351.07,0.40381756,0
1506898362,22628601,4350.00,1.00000000,0
1506898360,22628599,4351.07,0.25489021,0
1506898355,22628598,4350.00,0.10000000,1
1506898355,22628597,4350.00,0.10000000,1
1506898355,22628596,4350.00,0.57520632,1
1506898355,22628595,4350.00,0.01000000,1
1506898354,22628594,4350.00,0.12852314,1
1506898353,22628593,4351.07,0.22000000,0
1506898348,22628587,4350.49,0.22000000,0
1506898347,22628586,4350.49,0.04951800,0
1506898345,22628585,4350.68,0.01907746,1
1506898341,22628584,4354.12,1.06181600,1
1506898341,22628583,4354.13,0.05234600,1
1506898338,22628582,4355.00,0.95255931,1
1506898338,22628581,4355.08,0.01893510,1
1506898338,22628580,4355.09,0.05234700,1
1506898327,22628579,4360.00,0.00332514,1
1506898326,22628578,4364.00,0.00039871,0
1506898326,22628577,4363.90,0.01901969,0
1506898325,22628576,4363.87,0.01901981,0
1506898325,22628575,4363.74,0.00146299,0
1506898324,22628574,4363.72,0.01902046,0
1506898324,22628573,4363.50,0.01902142,0
1506898324,22628572,4363.38,0.01902198,0
1506898322,22628571,4362.90,0.00818946,0
1506898318,22628569,4362.90,0.00790554,0
1506898318,22628568,4362.57,0.00185029,0
1506898318,22628567,4362.48,0.00186104,0
1506898317,22628566,4362.04,0.00481196,0
1506898315,22628564,4361.48,0.04550340,0
1506898310,22628556,4362.04,0.01890428,0
1506898308,22628555,4362.04,0.08493732,0
1506898308,22628554,4362.00,0.04600000,0
1506898307,22628553,4361.56,0.01902986,0
1506898307,22628552,4361.49,0.00497500,0
1506898307,22628551,4361.48,0.05000000,0
1506898306,22628550,4360.42,0.00547756,0
1506898306,22628549,4360.20,0.01178075,0
1506898304,22628548,4360.10,0.50000000,0
1506898300,22628546,4360.00,0.01162511,0
1506898299,22628544,4360.00,3.30776480,1
1506898299,22628543,4360.00,1.00000000,1
1506898298,22628542,4360.00,4.95720000,1
1506898296,22628541,4360.00,0.60000000,0
1506898296,22628540,4360.00,0.20000000,0
1506898296,22628539,4360.00,0.00732730,0
1506898296,22628538,4360.00,5.56030700,0
1506898296,22628537,4359.01,6.03557048,0
1506898296,22628536,4359.00,1.16724502,0
1506898296,22628535,4358.99,2.28050000,0
1506898296,22628534,4358.95,4.88408540,0
1506898288,22628533,4354.13,0.04744069,0
1506898286,22628532,4354.13,0.05652400,0
1506898285,22628530,4354.13,0.89603531,0
1506898282,22628529,4354.12,0.88583856,1
1506898282,22628528,4354.13,0.06378300,1
1506898282,22628527,4356.03,0.05037844,1
1506898281,22628526,4358.95,0.19591460,0
1506898273,22628524,4356.03,0.06802612,1
1506898270,22628523,4356.04,0.06752700,0
1506898266,22628519,4359.01,0.00402952,0
1506898264,22628518,4356.04,0.06757600,1
1506898246,22628517,4359.99,0.48019023,1
1506898245,22628516,4360.00,0.01319233,0
1506898219,22628514,4360.00,0.06814797,0
1506898215,22628512,4360.00,0.03591704,0
1506898210,22628511,4360.00,0.00485927,0
1506898209,22628510,4360.00,0.02418062,0
1506898204,22628508,4360.00,0.05261927,0
1506898197,22628504,4360.00,0.02638679,0
1506898193,22628502,4360.00,0.97044166,0
1506898185,22628496,4360.00,2.00000000,0
1506898172,22628486,4360.00,12.53797763,0
1506898155,22628475,4360.00,0.00457569,0
1506898155,22628474,4360.00,0.00457569,0
1506898154,22628471,4360.00,0.01892638,0
1506898154,22628470,4360.00,1.25889340,0
1506898149,22628462,4360.00,3.41899926,0
1506898149,22628461,4360.00,0.01146560,0
1506898149,22628459,4360.00,0.04600000,0
1506898149,22628458,4359.95,0.00656600,0
1506898149,22628457,4359.68,0.00474497,0
1506898148,22628456,4359.68,0.01427705,0
1506898148,22628455,4359.51,0.00742707,0
1506898148,22628454,4359.51,0.01158219,0
1506898148,22628452,4359.20,0.00189093,0
1506898118,22628413,4359.00,0.59158290,0
1506898118,22628412,4359.00,1.00000000,0
1506898118,22628411,4359.00,0.10000000,0
1506898118,22628410,4358.88,0.00183305,0
1506898118,22628409,4358.56,2.46464401,0
1506898115,22628406,4358.56,0.01890648,0
1506898109,22628396,4358.56,0.09498889,0
1506898108,22628395,4358.48,0.01904333,0
1506898108,22628394,4358.48,0.01904333,0
1506898108,22628393,4358.35,0.01904392,0
1506898108,22628392,4358.21,0.01903604,0
1506898107,22628391,4358.02,0.01814390,0
1506898107,22628390,4358.00,0.01000000,0
1506898107,22628389,4358.00,0.17000000,0
1506898107,22628388,4358.00,0.04600000,0
1506898105,22628387,4357.97,0.01212844,0
1506898099,22628386,4356.82,0.00186028,0
1506898099,22628385,4356.66,0.01905128,0
1506898099,22628384,4356.35,0.01905265,0
1506898099,22628383,4356.14,0.01341050,0
1506898099,22628382,4356.05,0.13248923,0
1506898099,22628381,4356.05,0.31048900,0
1506898098,22628380,4356.04,0.99416711,0
1506898097,22628379,4356.03,0.02284893,1
1506898092,22628375,4356.03,0.02284893,1
1506898090,22628373,4356.04,0.00583289,1
1506898085,22628372,4356.02,0.15587624,0
1506898052,22628368,4354.28,0.08348296,1
1506898035,22628366,4356.05,0.50000000,0
1506898025,22628363,4356.05,0.00694981,0
1506898009,22628358,4356.05,0.01268163,0
1506897986,22628340,4356.05,8.00000000,0
1506897968,22628328,4356.05,1.41445805,0
1506897967,22628325,4356.05,0.00264042,0
1506897966,22628323,4356.05,0.05829109,0
1506897965,22628321,4356.05,0.00459132,0
1506897965,22628319,4356.05,0.02291076,0
1506897964,22628308,4356.05,0.00821707,0
1506897959,22628288,4356.05,0.05990116,0
1506897950,22628282,4356.05,0.02328000,0
1506897950,22628281,4356.05,3.00000000,0
1506897933,22628276,4354.18,0.14852816,1
1506897933,22628275,4354.21,0.00137797,1
1506897923,22628274,4356.05,3.43867036,0
1506897919,22628273,4356.05,9.00962974,0
1506897919,22628272,4356.04,0.99037026,0
1506897906,22628269,4356.04,0.00962974,0
1506897895,22628266,4356.05,3.43867036,0
1506897893,22628265,4356.05,0.01526739,0
1506897889,22628263,4356.05,0.50000000,0
1506897887,22628262,4356.05,0.13648143,0
1506897885,22628261,4356.05,2.71390229,0
1506897882,22628260,4356.05,3.43867036,0
1506897878,22628259,4356.05,3.43867036,0
1506897867,22628258,4356.05,3.43867036,0
1506897864,22628256,4356.05,0.05345741,0
1506897863,22628254,4355.37,0.94654259,0
1506897861,22628250,4356.05,0.18608595,0
1506897860,22628249,4355.98,0.81391405,0
1506897860,22628248,4355.98,0.01894537,0
1506897858,22628247,4356.05,0.12850000,0
1506897858,22628246,4356.03,0.87150000,0
1506897857,22628244,4356.05,0.99975895,0
1506897855,22628243,4356.05,0.05037821,0
1506897853,22628242,4356.05,4.58535370,0
1506897853,22628241,4356.05,1.00342282,0
1506897853,22628240,4356.00,0.00232000,0
1506897852,22628239,4356.00,0.04600000,0
1506897852,22628238,4355.98,0.87150000,0
1506897852,22628237,4355.86,0.01905479,0
1506897851,22628236,4355.78,0.00770241,0
1506897851,22628235,4355.37,0.00693684,0
1506897851,22628234,4354.28,0.01000000,0
1506897850,22628233,4354.00,0.03500000,0
1506897850,22628232,4354.00,0.07000000,0
1506897850,22628231,4354.00,0.70000000,0
1506897850,22628230,4354.00,0.03000000,0
1506897850,22628229,4354.00,0.06200000,0
1506897850,22628228,4354.00,0.05500000,0
1506897850,22628227,4354.00,0.04600000,0
1506897848,22628226,4353.22,0.47453376,0
1506897846,22628225,4353.22,0.01896421,0
1506897844,22628224,4352.14,0.00200000,1
1506897844,22628223,4352.14,0.00200000,1
1506897843,22628222,4353.22,0.00650203,0
1506897843,22628221,4353.10,0.01361412,0
1506897843,22628220,4352.95,0.01906754,0
1506897843,22628219,4352.73,0.00754600,0
1506897843,22628218,4352.32,0.01907031,0
1506897839,22628217,4352.13,0.01639794,0
1506897833,22628216,4352.12,0.00202967,0
1506897828,22628215,4352.00,0.31060524,0
1506897828,22628214,4352.00,0.01003600,0
1506897828,22628213,4352.00,0.07800000,0
1506897827,22628212,4352.00,0.04600000,0
1506897823,22628211,4351.62,0.00139258,0
1506897817,22628209,4351.07,0.00186027,0
1506897812,22628208,4351.02,0.00692992,0
1506897804,22628206,4351.00,0.17000000,0
1506897804,22628205,4351.00,0.11609771,0
1506897793,22628204,4351.00,0.91390229,0
1506897793,22628203,4350.97,0.00187102,0
1506897793,22628202,4350.90,0.00105074,0
1506897784,22628201,4350.90,0.01894926,0
1506897781,22628198,4350.77,0.47251850,0
1506897777,22628195,4350.77,0.02057850,0
1506897777,22628194,4350.68,0.01907746,0
1506897769,22628193,4350.67,0.37698242,0
1506897763,22628192,4350.67,0.12301758,0
1506897763,22628191,4350.58,0.02971788,0
1506897763,22628190,4350.54,0.00186026,0
1506897763,22628189,4350.06,0.01957406,0
1506897758,22628187,4350.00,0.02500000,0
1506897758,22628185,4350.00,1.45007844,0
1506897758,22628184,4350.00,0.00558000,0
1506897758,22628183,4350.00,0.07239704,0
1506897757,22628182,4350.00,0.12760296,0
1506897757,22628181,4350.00,0.58857716,0
1506897757,22628180,4350.00,0.25000000,0
1506897757,22628179,4350.00,0.27121463,0
1506897757,22628178,4350.00,0.20000000,0
1506897757,22628177,4350.00,0.34470000,0
1506897757,22628176,4350.00,0.03331655,0
1506897757,22628175,4350.00,0.18458870,0
1506897753,22628174,4350.00,0.50000000,0
1506897751,22628170,4350.00,0.03143300,0
1506897751,22628169,4350.00,1.00000000,0
1506897751,22628168,4350.00,0.30000000,0
1506897751,22628167,4350.00,0.03113000,0
1506897751,22628166,4350.00,0.00337464,0
1506897747,22628163,4350.00,0.05000000,0
1506897747,22628162,4350.00,0.48260437,0
1506897747,22628161,4350.00,1.00000000,0
1506897747,22628160,4350.00,0.10000000,0
1506897747,22628159,4350.00,0.16419410,0
1506897746,22628157,4350.00,0.33580590,0
1506897745,22628155,4350.00,0.01250512,0
1506897745,22628154,4350.00,0.01149195,0
1506897745,22628153,4350.00,0.04600000,0
1506897745,22628152,4349.99,0.00900072,0
1506897745,22628151,4349.90,0.80000000,0
1506897745,22628150,4349.89,0.05000000,0
1506897745,22628149,4349.88,0.00662016,0
1506897745,22628148,4349.54,0.00897615,0
1506897745,22628146,4349.14,0.41960000,0
1506897744,22628144,4349.14,0.02040000,0
1506897737,22628125,4349.00,0.05150799,0
1506897733,22628119,4349.00,0.01127819,0
1506897730,22628114,4349.00,0.01118586,0
1506897726,22628113,4349.00,0.03604130,0
1506897711,22628110,4349.00,6.80588864,0
1506897711,22628109,4348.00,0.19411136,0
1506897675,22628097,4348.00,1.00000000,0
1506897672,22628096,4348.00,0.00266713,0
1506897669,22628094,4348.00,2.00000000,0
1506897665,22628092,4347.99,0.01281530,0
1506897619,22628070,4348.00,0.04609620,0
1506897618,22628068,4348.00,0.09566067,0
1506897607,22628067,4347.99,0.15616411,0
1506897605,22628066,4340.02,1.00000000,0
1506897603,22628065,4348.00,0.01446460,0
1506897602,22628064,4348.00,0.01799699,0
1506897595,22628062,4338.77,0.57556951,0
1506897595,22628061,4340.00,0.00200000,1
1506897594,22628060,4340.03,0.14997940,1
1506897586,22628059,4348.00,0.50000000,0
1506897580,22628058,4348.00,3.09440026,0
1506897572,22628056,4348.00,0.01501682,0
1506897570,22628054,4348.00,1.02826604,0
1506897570,22628053,4347.97,0.97173396,0
1506897559,22628050,4348.72,0.87150000,0
1506897547,22628046,4345.00,0.96690063,0
1506897540,22628038,4341.31,0.14086133,0
1506897537,22628033,4341.31,0.10913867,0
1506897512,22627992,4340.00,0.01500000,0
1506897499,22627987,4340.00,0.13393677,0
1506897497,22627983,4340.00,0.13559827,0
1506897488,22627976,4340.00,0.01607112,0
1506897477,22627965,4340.00,0.04106007,0
1506897452,22627961,4340.00,0.03000000,0
1506897449,22627960,4340.00,0.00200000,0
1506897449,22627959,4340.00,0.00178142,0
1506897428,22627951,4340.00,0.05000000,0
1506897426,22627950,4340.00,0.01744703,0
1506897418,22627946,4336.00,1.00000000,1
1506897415,22627944,4336.00,1.00000000,1
1506897413,22627937,4336.00,1.00000000,1
1506897410,22627930,4340.00,0.50000000,0
1506897403,22627922,4340.00,0.05000000,0
1506897402,22627921,4340.00,0.09200000,0
1506897400,22627920,4340.00,0.09200000,0
1506897394,22627919,4340.00,0.26442525,0
1506897394,22627918,4339.99,0.07618110,0
1506897394,22627917,4335.83,0.44959364,0
1506897393,22627916,4335.83,0.34375969,0
1506897387,22627913,4339.99,0.08027087,0
1506897386,22627911,4340.00,0.50000000,0
1506897385,22627910,4335.84,1.00000000,1
1506897382,22627907,4335.80,0.12850000,1
1506897382,22627906,4335.82,0.87150000,1
1506897381,22627905,4335.84,0.49000000,0
1506897378,22627900,4335.77,1.00000000,0
1506897377,22627899,4340.00,0.05000000,0
1506897374,22627898,4335.83,0.12850000,1
1506897374,22627897,4335.84,0.87150000,1
1506897372,22627896,4335.82,0.12850000,1
1506897372,22627895,4335.82,0.87150000,1
1506897369,22627894,4335.80,1.00000000,1
1506897367,22627893,4335.77,0.12850000,0
1506897366,22627892,4335.83,0.87150000,1
1506897364,22627891,4341.31,0.01841417,0
1506897364,22627890,4341.31,0.05284580,0
1506897359,22627888,4341.31,0.16520000,1
1506897355,22627885,4343.40,0.00942978,0
1506897354,22627883,4343.43,0.02254393,0
1506897354,22627882,4343.43,0.09850000,1
1506897351,22627881,4343.43,1.00000000,1
1506897342,22627877,4343.43,0.01150000,1
1506897341,22627876,4344.14,0.00850000,1
1506897338,22627875,4347.52,0.06012045,0
1506897332,22627870,4348.99,0.01883626,1
1506897310,22627854,4349.00,2.00000000,0
1506897303,22627850,4348.99,0.00397608,0
1506897287,22627810,4346.99,2.83859627,0
1506897285,22627809,4347.00,0.22393313,1
1506897284,22627807,4349.00,4.83850000,0
1506897263,22627776,4349.00,0.05805137,0
1506897259,22627766,4346.98,0.10686824,1
1506897253,22627744,4349.00,0.05000000,0
1506897252,22627743,4349.00,1.00000000,0
1506897244,22627729,4349.00,30.13676178,0
1506897244,22627728,4349.00,0.20000000,0
1506897244,22627727,4349.00,0.12500000,0
1506897244,22627725,4349.00,2.00000000,0
1506897244,22627724,4348.99,0.10000000,0
1506897244,22627723,4348.97,0.20000000,0
1506897244,22627722,4348.79,0.00183731,0
1506897243,22627721,4348.22,15.00000000,0
1506897243,22627720,4348.00,0.25000000,0
1506897243,22627719,4348.00,0.00500000,0
1506897243,22627718,4348.00,0.01000000,0
1506897243,22627717,4348.00,0.15000000,0
1506897243,22627716,4348.00,0.02000000,0
1506897243,22627715,4348.00,0.03200000,0
1506897243,22627714,4348.00,0.03200000,0
1506897243,22627713,4348.00,0.04600000,0
1506897242,22627712,4347.98,0.87150000,0
1506897242,22627710,4347.70,0.00190091,0
1506897242,22627709,4347.57,0.26800000,0
1506897242,22627708,4347.00,0.05000000,0
1506897242,22627707,4347.00,0.50000000,0
1506897235,22627703,4346.98,0.87150000,0
1506897229,22627694,4346.00,0.00140000,0
1506897229,22627693,4346.00,0.04600000,0
1506897224,22627685,4345.80,0.00692902,0
1506897224,22627684,4345.00,0.20999141,0
1506897224,22627683,4345.00,0.24266207,1
1506897220,22627678,4345.00,0.02000000,0
1506897220,22627677,4345.00,0.50000000,0
1506897220,22627676,4345.00,0.01250000,0
1506897219,22627675,4345.00,0.22483793,0
1506897219,22627674,4345.00,0.77516207,0
1506897219,22627673,4345.00,0.22483793,0
1506897216,22627668,4345.00,0.72754891,0
1506897215,22627667,4345.00,0.04761316,0
1506897215,22627666,4344.79,0.00186025,0
1506897214,22627665,4344.76,0.00115311,0
1506897214,22627664,4344.50,0.00200000,0
1506897214,22627663,4344.14,0.00047935,0
1506897214,22627661,4344.14,0.00918479,0
1506897212,22627660,4343.53,0.10678965,0
1506897209,22627659,4343.00,0.21340638,0
1506897208,22627658,4344.14,0.00900747,0
1506897208,22627657,4344.00,0.02200000,0
1506897208,22627655,4344.00,0.04600000,0
1506897208,22627653,4343.97,0.80312438,0
1506897208,22627652,4343.00,0.02000000,0
1506897208,22627650,4343.00,0.00986815,0
1506897206,22627636,4343.00,0.01502018,0
1506897204,22627629,4343.97,0.03588963,0
1506897204,22627628,4343.68,0.01411037,0
1506897204,22627627,4343.00,0.06000000,0
1506897204,22627626,4343.00,0.06000000,0
1506897203,22627625,4343.00,0.05000000,0
1506897203,22627623,4343.00,0.26000000,0
1506897203,22627621,4343.00,0.39000000,0
1506897203,22627618,4343.00,1.00000000,0
1506897203,22627617,4342.95,0.01187982,0
1506897203,22627616,4342.93,1.58719577,0
1506897202,22627615,4342.58,0.01058379,0
1506897202,22627614,4342.00,0.20000000,0
1506897202,22627613,4342.00,0.20000000,0
1506897202,22627612,4342.00,0.04600000,0
1506897199,22627609,4341.37,0.01075308,0
1506897199,22627608,4341.00,0.03502000,0
1506897199,22627607,4340.80,0.05000000,0
1506897199,22627606,4340.33,0.10920627,0
1506897198,22627605,4340.00,0.23695367,0
1506897198,22627604,4340.00,0.00300000,0
1506897198,22627603,4340.00,0.06000000,0
1506897198,22627602,4340.00,0.24288752,0
1506897198,22627601,4340.00,0.50000000,0
1506897198,22627600,4340.00,0.04600000,0
1506897197,22627599,4340.00,0.20000000,0
1506897197,22627598,4340.00,0.03500000,0
1506897197,22627597,4340.00,3.53773587,0
1506897193,22627596,4340.00,0.50000000,0
1506897184,22627589,4340.00,1.87315225,0
1506897184,22627588,4340.00,8.12684775,0
1506897180,22627585,4339.47,0.61328667,0
1506897143,22627572,4339.47,0.03180853,0
1506897131,22627568,4339.47,0.10723485,0
1506897128,22627567,4339.47,0.00982705,0
1506897123,22627566,4339.47,0.06008073,0
1506897114,22627562,4340.00,0.01901969,0
1506897110,22627561,4340.00,3.31600000,0
1506897110,22627560,4339.99,0.26000000,0
1506897110,22627559,4339.91,0.01964065,0
1506897110,22627558,4339.47,0.00187100,0
1506897109,22627557,4339.33,0.01912737,0
1506897109,22627556,4339.19,0.20000000,0
1506897109,22627555,4339.04,0.00187024,0
1506897108,22627554,4339.00,0.01500000,0
1506897108,22627553,4339.00,0.01000000,0
1506897108,22627552,4338.91,0.00650000,0
1506897108,22627551,4338.70,0.00184159,0
1506897107,22627550,4338.35,0.02086035,0
1506897107,22627549,4338.05,0.05597524,0
1506897107,22627548,4338.00,0.04600000,0
1506897105,22627545,4337.00,0.02200000,0
1506897105,22627544,4337.00,0.01500000,0
1506897104,22627543,4336.00,0.01629130,0
1506897071,22627534,4336.00,0.04370870,0
1506897071,22627533,4336.00,0.06000000,0
1506897070,22627532,4336.00,0.00361821,0
1506897061,22627529,4336.00,0.10732691,0
1506897052,22627523,4336.00,0.27905488,0
1506897052,22627522,4336.00,0.04600000,0
1506897052,22627521,4335.00,0.67494512,0
1506897024,22627511,4334.99,0.10248644,0
1506897014,22627509,4333.03,0.01049902,1
1506897014,22627508,4333.91,0.03761058,1
1506897011,22627506,4335.00,0.00117659,0
1506897006,22627505,4335.00,0.01146532,0
1506897004,22627504,4333.02,0.12135720,1
1506897004,22627503,4333.03,0.02587280,1
1506897003,22627501,4335.00,0.10584775,0
1506896971,22627496,4335.00,0.19741385,0
1506896971,22627495,4333.44,0.21678615,0
1506896962,22627494,4333.44,0.00991372,0
1506896932,22627492,4333.44,0.00530364,0
1506896926,22627491,4333.44,0.50000000,0
1506896911,22627488,4333.44,0.06008029,0
1506896887,22627484,4333.43,0.02135000,0
1506896882,22627481,4333.43,0.01004100,0
1506896875,22627480,4333.44,0.02338938,0
1506896859,22627477,4333.44,0.18452682,1
1506896851,22627476,4334.10,0.05616419,1
1506896851,22627475,4335.65,0.09917797,1
1506896850,22627474,4335.65,0.49827426,0
1506896832,22627473,4335.65,0.00300652,0
1506896823,22627469,4335.65,0.02256258,0
1506896822,22627468,4334.13,1.00000000,1
1506896812,22627465,4335.00,0.05000000,0
1506896812,22627464,4335.00,0.05000000,0
1506896812,22627463,4335.00,1.40583948,0
1506896812,22627462,4334.95,0.03580928,0
1506896807,22627459,4334.38,0.19541923,0
1506896787,22627458,4334.38,2.61558531,0
1506896784,22627457,4334.38,6.00000000,0
1506896784,22627456,4334.38,10.00000000,0
1506896743,22627437,4334.38,0.06010080,0
1506896720,22627429,4334.38,0.16623321,0
1506896708,22627427,4334.38,0.06011785,0
1506896705,22627426,4334.38,0.41109195,0
1506896676,22627422,4334.38,0.01000000,0
1506896654,22627420,4334.38,0.00601305,0
1506896648,22627419,4334.38,5.00000000,0
1506896602,22627406,4334.38,0.20501894,0
1506896600,22627405,4334.00,0.01821541,0
1506896588,22627403,4334.00,0.07963804,0
1506896532,22627399,4333.01,0.00880688,1
1506896496,22627395,4334.36,0.21397003,0
1506896496,22627394,4333.98,0.02400000,0
1506896496,22627393,4333.79,0.04162700,0
1506896463,22627390,4333.79,0.01837300,0
1506896453,22627387,4333.99,0.05303505,0
1506896418,22627384,4334.04,0.00321000,0
1506896282,22627375,4334.28,0.00330522,0
1506896257,22627372,4333.00,1.83862715,1
1506896256,22627371,4333.05,0.05884170,0
1506896246,22627370,4334.34,0.03981950,0
1506896178,22627364,4334.00,0.00253115,0
1506896169,22627363,4333.00,0.05470744,0
1506896163,22627362,4333.00,0.00396200,0
1506896126,22627358,4332.83,1.55351583,1
1506896124,22627357,4332.73,0.69481515,1
1506896124,22627356,4332.73,0.95978386,0
1506896088,22627354,4332.12,0.04606521,0
1506896065,22627353,4332.15,0.02175281,0
1506896055,22627352,4327.43,0.03100000,0
1506896055,22627351,4327.43,0.01306806,0
1506896043,22627350,4332.22,0.01060743,0
1506896036,22627348,4332.15,0.06016964,0
1506895995,22627342,4332.46,0.02091614,0
1506895973,22627339,4332.64,0.01930000,0
1506895941,22627306,4322.38,1.00000000,0
1506895940,22627305,4333.25,0.01163690,0
1506895937,22627303,4322.40,1.00000000,1
1506895935,22627302,4322.38,0.32863218,1
1506895935,22627301,4322.38,0.09200000,1
1506895935,22627300,4322.39,0.57936782,1
1506895932,22627299,4322.38,0.12850000,1
1506895932,22627298,4322.40,0.87150000,1
1506895930,22627297,4322.35,1.00000000,1
1506895921,22627296,4325.99,0.00463365,1
1506895917,22627295,4327.30,0.12961753,0
1506895893,22627289,4334.38,0.06780370,0
1506895871,22627286,4334.38,23.10830153,0
1506895869,22627285,4334.00,0.09900000,0
1506895819,22627273,4334.38,0.09431443,0
1506895813,22627271,4334.38,1.00000000,0
1506895810,22627270,4334.38,1.00000000,0
1506895804,22627267,4334.33,0.17188869,0
1506895799,22627266,4334.00,0.00200000,0
1506895799,22627265,4334.00,0.04600000,0
1506895790,22627260,4333.33,0.01500000,0
1506895784,22627259,4333.29,0.00200000,1
1506895782,22627258,4333.29,0.00187023,0
1506895776,22627257,4333.00,0.05000000,0
1506895771,22627256,4332.82,0.01086679,0
1506895762,22627247,4332.05,0.05000000,0
1506895757,22627246,4332.00,0.02314262,0
1506895756,22627245,4332.00,0.01000000,0
1506895756,22627244,4332.00,0.04600000,0
1506895751,22627240,4331.88,0.05000000,0
1506895743,22627237,4331.83,0.71699099,0
1506895743,22627236,4331.83,0.00300901,0
1506895740,22627235,4331.83,1.00000000,0
1506895737,22627234,4331.83,1.00000000,0
1506895735,22627233,4331.66,0.49817211,0
1506895731,22627230,4331.66,0.03094521,0
1506895729,22627229,4331.66,0.01905479,0
1506895722,22627224,4331.61,0.01916145,0
1506895717,22627222,4330.05,0.04999988,0
1506895715,22627221,4331.00,0.00000012,1
1506895714,22627220,4331.00,0.07999984,0
1506895714,22627219,4331.00,0.50200000,0
1506895713,22627218,4331.00,0.05000000,0
1506895713,22627217,4330.05,0.05000000,0
1506895713,22627216,4330.00,5.00000000,0
1506895713,22627215,4330.00,0.59010804,0
1506895701,22627213,4330.00,1.00000000,0
1506895700,22627212,4330.00,10.00000000,0
1506895699,22627211,4330.00,1.00000000,0
1506895688,22627210,4330.00,1.90000000,0
1506895685,22627209,4330.00,2.00000000,0
1506895676,22627207,4330.00,1.00000000,0
1506895674,22627206,4330.00,1.00000000,0
1506895672,22627205,4330.00,1.00000000,0
1506895669,22627204,4330.00,1.00000000,0
1506895668,22627203,4330.00,9.00000000,0
1506895666,22627201,4330.00,1.00000000,0
1506895664,22627200,4330.00,1.00000000,0
1506895661,22627199,4330.00,1.00000000,0
1506895658,22627197,4330.00,1.00000000,0
1506895656,22627195,4330.00,1.00000000,0
1506895654,22627194,4330.00,0.50989196,0
1506895654,22627193,4330.00,0.04600000,0
1506895654,22627192,4330.00,0.20000000,0
1506895653,22627191,4330.00,0.00433694,0
1506895653,22627190,4330.00,0.23977110,0
1506895646,22627189,4329.99,0.39587825,0
1506895624,22627183,4329.99,0.01170287,0
1506895603,22627180,4329.99,0.04800000,0
1506895584,22627179,4329.99,0.01170287,0
1506895577,22627177,4329.99,0.03271601,0
1506895533,22627175,4327.05,0.03716980,1
1506895485,22627172,4330.00,0.06022890,0
1506895483,22627168,4327.02,0.14448526,1
1506895456,22627142,4329.64,0.18661486,1
1506895456,22627141,4329.40,0.17580000,0
1506895456,22627140,4329.00,0.01932817,0
1506895455,22627139,4329.00,0.00267183,0
1506895455,22627138,4328.61,0.00184588,0
1506895455,22627137,4328.46,0.07153000,0
1506895454,22627136,4328.33,0.00115749,0
1506895454,22627135,4328.00,0.00212859,0
1506895454,22627134,4328.00,0.04600000,0
1506895454,22627133,4327.96,0.00188098,0
1506895453,22627132,4327.54,0.00187022,0
1506895453,22627131,4327.00,0.05000000,0
1506895452,22627130,4326.00,0.44368969,0
1506895447,22627127,4326.00,0.09257600,0
1506895444,22627126,4326.00,0.02369700,0
1506895443,22627125,4326.00,0.05291200,0
1506895422,22627122,4326.00,2.76974575,0
1506895383,22627120,4326.00,0.05292800,0
1506895355,22627118,4326.00,0.15582755,0
1506895322,22627110,4326.00,0.05303051,0
1506895317,22627109,4326.00,0.10407686,0
1506895305,22627106,4326.00,0.10000000,0
1506895304,22627105,4326.00,0.01000000,0
1506895295,22627104,4326.00,0.13619510,0
1506895286,22627103,4326.00,31.00000000,0
1506895269,22627078,4325.99,0.65999555,0
1506895268,22627077,4325.99,0.08450000,0
1506895266,22627076,4325.99,1.00000000,0
1506895265,22627075,4325.99,0.12700445,0
1506895263,22627074,4325.99,0.12850000,0
1506895263,22627073,4325.97,0.87150000,0
1506895225,22627064,4326.00,0.00675871,0
1506895215,22627052,4319.05,0.01500000,1
1506895213,22627050,4326.00,3.57583935,0
1506895211,22627047,4323.05,0.20000000,0
1506895208,22627045,4326.00,12.91330096,0
1506895208,22627044,4326.00,0.04600000,0
1506895208,22627043,4326.00,0.20000000,1
1506895208,22627042,4325.43,2.30520000,1
1506895207,22627039,4325.23,0.50000000,0
1506895207,22627038,4325.00,0.10432227,0
1506895207,22627037,4325.00,0.05000000,0
1506895207,22627036,4325.00,0.20000000,1
1506895206,22627035,4324.94,0.20000000,0
1506895206,22627034,4324.18,0.07243745,0
1506895206,22627033,4324.18,0.20000000,1
1506895205,22627032,4324.00,0.52953515,0
1506895205,22627031,4323.05,0.20000000,1
1506895205,22627030,4323.00,0.91251800,0
1506895203,22627028,4322.05,0.18493318,0
1506895193,22627025,4322.05,0.01506682,0
1506895130,22627020,4322.98,0.73914403,1
1506895130,22627019,4322.98,0.87150000,1
1506895130,22627017,4322.90,0.29890609,0
1506895113,22627011,4323.18,0.01021500,0
1506895093,22627009,4323.49,0.12850000,1
1506895093,22627008,4323.39,0.87150000,0
1506895084,22627007,4320.30,0.02124158,0
1506895083,22627006,4320.30,0.02580969,0
1506895083,22627004,4320.30,0.06033444,0
1506895080,22627003,4320.25,0.14840000,0
1506895078,22627002,4317.03,0.20000000,0
1506895075,22627001,4317.00,0.01265162,0
1506895074,22627000,4317.00,0.93391307,0
1506895072,22626998,4317.00,1.00000000,0
1506895064,22626994,4317.00,0.02661102,0
1506895047,22626992,4316.99,1.51064581,0
1506894983,22626984,4316.99,0.08083081,0
1506894975,22626983,4316.99,0.08083081,0
1506894973,22626982,4316.99,0.01330555,0
1506894957,22626980,4312.52,0.01166728,1
1506894945,22626978,4316.99,0.20000000,0
1506894941,22626977,4316.99,0.00300000,0
1506894924,22626976,4316.99,0.08324185,0
1506894904,22626973,4316.99,0.02000000,0
1506894887,22626972,4312.41,0.20040510,1
1506894868,22626962,4316.99,0.00814517,0
1506894834,22626959,4317.00,0.01444426,0
1506894824,22626958,4317.00,0.04526381,0
1506894815,22626956,4317.00,0.46786206,0
1506894811,22626954,4317.00,0.32610683,0
1506894810,22626953,4316.98,0.93966783,0
1506894789,22626949,4315.00,0.01000000,1
1506894786,22626948,4315.00,0.20000000,1
1506894775,22626944,4316.98,1.00000000,0
1506894772,22626943,4315.15,0.13319504,0
1506894767,22626942,4315.14,0.15735295,0
1506894760,22626940,4315.00,0.50000000,0
1506894751,22626938,4312.24,0.09850099,1
1506894750,22626937,4315.15,0.04680496,0
1506894748,22626934,4315.15,0.02000000,0
1506894692,22626924,4315.11,0.01900000,0
1506894666,22626907,4312.20,0.01846477,1
1506894629,22626880,4312.20,0.00576057,1
1506894627,22626878,4315.10,0.09474710,1
1506894624,22626875,4315.10,0.20000000,1
1506894623,22626874,4315.07,0.20000000,0
1506894623,22626873,4315.01,0.00525290,0
1506894620,22626872,4315.01,0.02000000,0
1506894603,22626870,4315.01,0.00166797,1
1506894592,22626867,4316.98,0.06033217,0
1506894543,22626824,4316.99,0.08748200,0
1506894488,22626808,4317.00,0.01076000,0
1506894487,22626806,4316.01,0.00790000,0
1506894477,22626799,4317.00,0.05161937,0
1506894454,22626795,4316.95,0.00950000,1
1506894451,22626793,4312.00,1.00000000,1
1506894449,22626789,4312.00,1.00000000,1
1506894446,22626787,4312.00,1.00000000,1
1506894443,22626784,4312.00,1.00000000,1
1506894441,22626781,4312.00,1.00000000,1
1506894435,22626777,4316.99,0.46886692,0
1506894435,22626776,4316.96,0.67671463,0
1506894435,22626775,4315.06,0.85441845,0
1506894433,22626774,4315.07,0.14558155,1
1506894423,22626765,4317.00,0.21488997,0
1506894382,22626752,4317.00,0.06035122,0
1506894372,22626751,4317.00,0.03087753,0
1506894371,22626750,4317.00,0.06400000,0
1506894365,22626747,4317.00,0.20000000,0
1506894363,22626746,4317.00,0.05314338,0
1506894359,22626743,4317.00,0.20000000,0
1506894353,22626741,4317.00,0.20000000,0
1506894347,22626737,4317.00,0.20000000,0
1506894341,22626736,4317.00,0.20000000,0
1506894335,22626735,4317.00,0.20000000,0
1506894322,22626734,4317.00,2.00000000,0
1506894305,22626726,4317.00,0.11696338,0
1506894288,22626700,4317.00,0.01848506,0
1506894257,22626685,4317.00,0.07368818,0
1506894249,22626682,4317.00,0.01600000,0
1506894133,22626669,4317.00,0.01909921,0
1506894123,22626666,4317.00,0.01060400,0
1506894114,22626661,4317.00,0.02560000,0
1506894087,22626655,4317.00,0.03900000,0
1506894064,22626571,4317.00,0.01173805,0
1506894063,22626568,4317.00,0.03976700,0
1506894040,22626563,4317.00,0.00132401,0
1506894040,22626562,4317.00,0.06027333,0
1506894030,22626561,4317.00,0.03521885,0
1506894029,22626559,4317.00,0.02337656,0
1506894017,22626558,4312.63,0.01851138,1
1506894015,22626557,4317.00,0.00700000,0
1506894005,22626556,4317.00,0.13255600,0
1506893986,22626553,4317.00,0.01230430,0
1506893943,22626546,4317.00,0.01000000,0
1506893920,22626539,4317.00,0.07050000,0
1506893886,22626499,4317.00,0.01173805,0
1506893857,22626494,4317.00,0.01400000,0
1506893852,22626492,4317.00,0.00844453,0
1506893848,22626487,4317.00,0.02253181,0
1506893844,22626485,4317.00,0.01155200,0
1506893833,22626483,4317.00,0.03016274,0
1506893832,22626482,4317.00,0.07975712,0
1506893820,22626474,4317.00,0.01700000,0
1506893781,22626446,4317.00,0.01507398,0
1506893771,22626445,4317.00,0.02310632,0
1506893768,22626444,4317.00,0.00900000,0
1506893712,22626439,4312.50,0.44810000,1
1506893712,22626438,4312.54,2.30190000,1
1506893704,22626437,4318.05,0.02125265,0
1506893685,22626434,4318.02,0.00262636,0
1506893655,22626431,4318.05,0.00453380,0
1506893647,22626428,4318.02,0.01400000,0
1506893614,22626424,4318.05,0.00338374,0
1506893557,22626418,4319.05,0.66669741,0
1506893557,22626417,4318.00,0.61808686,0
1506893536,22626402,4319.25,0.01329324,0
1506893524,22626400,4319.53,0.21476411,0
1506893510,22626392,4310.70,0.00157723,1
1506893510,22626391,4310.71,0.01642277,1
1506893497,22626390,4320.29,0.05788776,0
1506893479,22626388,4320.91,0.01700000,0
1506893463,22626387,4320.97,0.02123814,0
1506893463,22626386,4320.97,0.21452700,0
1506893457,22626382,4317.55,0.20000000,0
1506893403,22626371,4317.29,0.02118800,0
1506893392,22626370,4317.40,0.02659717,0
1506893377,22626362,4317.48,0.06441902,0
1506893373,22626361,4317.50,0.00531907,0
1506893371,22626360,4317.50,0.01590322,0
1506893371,22626359,4310.37,0.20000000,0
1506893371,22626358,4310.36,0.00052745,0
1506893370,22626357,4310.36,0.15700000,0
1506893368,22626356,4310.32,0.01700546,0
1506893356,22626351,4310.32,0.00456375,0
1506893352,22626350,4315.82,0.00874569,0
1506893331,22626348,4315.82,0.01174128,0
1506893290,22626338,4315.82,0.08189762,0
1506893254,22626330,4315.77,0.00301568,0
1506893246,22626329,4308.24,0.13527848,0
1506893245,22626328,4310.00,0.04000000,1
1506893245,22626327,4310.29,0.05434528,1
1506893243,22626325,4318.68,0.17439757,0
1506893243,22626324,4315.78,0.15349411,0
1506893232,22626320,4315.78,0.00305594,0
1506893203,22626282,4315.78,0.01329487,0
1506893193,22626281,4315.78,0.03015508,0
1506893165,22626277,4316.00,1.26649907,1
1506893165,22626276,4315.94,0.20000000,0
1506893164,22626275,4315.89,0.39050115,0
1506893164,22626274,4315.89,9.96389978,0
1506893164,22626273,4315.77,2.30760000,0
1506893164,22626272,4315.73,0.87150000,0
1506893149,22626271,4315.89,0.01210022,0
1506893149,22626270,4314.05,0.15476738,0
1506893142,22626269,4314.05,0.04523262,0
1506893128,22626266,4314.00,0.06031017,0
1506893079,22626261,4315.88,0.05383307,0
1506893072,22626260,4315.89,0.02400000,0
1506893072,22626259,4312.37,0.30084451,0
1506893070,22626258,4312.38,0.10664749,1
1506893053,22626257,4315.89,0.02000000,0
1506893047,22626256,4315.89,0.01820010,0
1506893044,22626255,4315.89,0.05315705,0
1506893028,22626252,4309.90,0.01151292,1
1506893017,22626248,4315.89,0.02700000,0
1506892984,22626234,4315.94,0.03705500,0
1506892984,22626233,4315.94,0.10631470,1
1506892983,22626232,4315.96,0.01312200,0
1506892957,22626229,4316.44,0.06030063,0
1506892946,22626224,4316.62,0.01338884,0
1506892940,22626223,4316.82,0.12187701,0
1506892936,22626221,4306.25,1.00000000,1
1506892935,22626219,4316.82,0.69230987,0
1506892935,22626218,4316.84,0.04564413,1
1506892934,22626217,4316.84,0.12992618,0
1506892933,22626216,4306.25,0.12850000,1
1506892933,22626215,4306.27,0.87150000,1
1506892932,22626214,4306.23,0.74000602,0
1506892931,22626213,4306.23,0.05999398,1
1506892931,22626212,4308.37,0.20000000,1
1506892927,22626207,4306.24,0.12850000,1
1506892927,22626206,4306.26,0.87150000,1
1506892926,22626205,4316.83,0.05934910,0
1506892926,22626203,4306.28,0.09593307,0
1506892926,22626201,4306.28,0.10406693,0
1506892924,22626195,4305.17,0.06000000,0
1506892923,22626191,4306.23,0.20000000,0
1506892921,22626189,4311.97,0.93209651,1
1506892919,22626185,4305.10,0.56202460,1
1506892918,22626184,4305.13,0.25170244,1
1506892918,22626183,4308.32,0.18627296,1
1506892916,22626182,4311.97,0.06753065,0
1506892914,22626181,4308.32,0.01372704,1
1506892911,22626180,4308.26,0.10100000,1
1506892909,22626179,4311.97,0.31963889,1
1506892907,22626178,4311.97,0.15746899,1
1506892905,22626174,4308.27,0.89900000,1
1506892903,22626170,4308.26,0.10774541,1
1506892903,22626169,4308.28,0.87150000,1
1506892902,22626167,4311.97,0.02075459,1
1506892899,22626165,4311.97,0.02074570,0
1506892896,22626162,4313.72,0.18648290,1
1506892895,22626161,4313.72,0.01343713,0
1506892894,22626160,4311.97,0.01593358,0
1506892894,22626157,4311.97,0.12720000,1
1506892890,22626155,4313.72,0.18656287,0
1506892884,22626150,4312.00,0.00232000,1
1506892881,22626149,4313.85,1.00000000,1
1506892880,22626147,4313.84,1.00000000,0
1506892875,22626144,4321.71,0.01200000,0
1506892873,22626143,4313.84,1.00000000,1
1506892863,22626141,4321.80,0.13364600,0
1506892843,22626131,4322.01,0.01722809,0
1506892833,22626130,4322.00,0.17783665,1
1506892832,22626129,4322.00,0.04303443,1
1506892810,22626123,4322.00,0.02025600,1
1506892808,22626122,4322.46,0.00661600,0
1506892803,22626120,4322.00,0.04174530,1
1506892803,22626119,4322.02,0.15825470,1
1506892802,22626117,4322.02,0.01200000,1
1506892776,22626114,4322.49,0.00362985,0
1506892774,22626113,4322.44,0.20412852,0
1506892761,22626112,4322.44,0.00339514,0
1506892751,22626110,4322.05,0.10280884,0
1506892734,22626105,4322.00,0.09363579,1
1506892726,22626099,4322.05,0.01641595,0
1506892673,22626078,4322.00,0.01195726,1
1506892666,22626076,4322.00,0.01107607,1
1506892666,22626073,4322.05,0.02659025,0
1506892660,22626070,4322.00,0.15126872,1
1506892655,22626067,4322.05,0.00900000,0
1506892648,22626060,4322.00,0.14978663,1
1506892642,22626057,4322.00,0.82529680,1
1506892622,22626048,4322.00,2.30020000,1
1506892621,22626046,4322.00,1.14582487,0
1506892620,22626045,4321.99,0.15710356,0
1506892620,22626044,4317.84,0.04881457,0
1506892612,22626043,4317.84,0.05417608,1
1506892612,22626042,4320.53,0.13822841,1
1506892609,22626040,4320.53,0.01965000,1
1506892600,22626028,4322.00,0.01100000,0
1506892600,22626022,4322.00,0.00356085,0
1506892598,22626016,4321.99,0.15710356,0
1506892593,22626004,4320.52,0.21608295,1
1506892589,22625999,4320.52,0.20705547,1
1506892585,22625997,4320.52,0.21592896,1
1506892584,22625992,4321.68,0.18000000,0
1506892583,22625990,4320.52,0.20569267,1
1506892583,22625988,4320.53,0.01014855,1
1506892581,22625987,4321.68,0.02000000,0
1506892578,22625985,4320.52,0.21575622,1
1506892575,22625983,4320.52,0.21566849,1
1506892563,22625975,4321.63,0.02000000,0
1506892550,22625970,4321.64,0.00200900,0
1506892550,22625969,4321.64,0.02110627,0
1506892546,22625967,4315.35,0.48848506,1
1506892546,22625966,4315.40,0.01184277,0
1506892545,22625965,4315.40,0.09967217,1
1506892528,22625961,4321.91,0.00786809,0
1506892525,22625958,4321.96,0.01691825,0
1506892525,22625957,4321.96,0.01172562,0
1506892516,22625921,4321.59,0.02756498,0
1506892473,22625916,4321.22,0.19955425,0
1506892473,22625915,4318.11,0.11703445,0
1506892461,22625907,4315.20,0.21452335,1
1506892454,22625900,4318.11,0.01338897,0
1506892447,22625898,4318.09,0.02658918,0
1506892445,22625895,4315.20,0.08081459,1
1506892444,22625894,4318.09,0.02125245,0
1506892442,22625892,4315.20,0.21575253,0
1506892437,22625888,4315.20,0.21546046,1
1506892437,22625886,4315.23,0.00006365,1
1506892436,22625884,4315.23,0.21543635,0
1506892431,22625881,4315.22,0.21535133,0
1506892425,22625876,4315.23,0.21526582,1
1506892425,22625875,4315.23,1.58188499,1
1506892423,22625874,4315.23,0.21532067,1
1506892421,22625870,4318.11,0.08342501,0
1506892421,22625869,4318.11,0.06288701,0
1506892421,22625868,4318.11,0.20449051,0
1506892419,22625866,4315.25,0.17094190,0
1506892414,22625859,4315.22,0.21498008,0
1506892409,22625851,4315.25,0.21489508,1
1506892403,22625845,4315.21,0.21495345,1
1506892399,22625842,4315.20,0.20648368,1
1506892399,22625840,4315.21,0.00823816,1
1506892398,22625839,4318.11,0.00927026,0
1506892398,22625838,4315.21,0.21176184,0
1506892396,22625834,4315.24,0.00287500,1
1506892393,22625829,4318.10,0.01959941,0
1506892392,22625827,4315.20,0.21468458,0
1506892388,22625825,4315.44,0.21437860,0
1506892388,22625824,4315.43,0.20356560,0
1506892387,22625820,4315.21,0.21137079,1
1506892387,22625817,4315.21,0.00322600,1
1506892383,22625809,4315.43,0.00750000,0
1506892379,22625803,4315.45,0.00322800,1
1506892375,22625801,4315.43,0.21420860,1
1506892371,22625798,4315.42,0.21412360,1
1506892360,22625789,4318.11,0.21367436,1
1506892357,22625788,4321.95,0.02779744,0
1506892356,22625784,4318.11,0.21358943,1
1506892352,22625781,4318.11,0.21350451,1
1506892348,22625778,4318.11,0.21341959,1
1506892345,22625776,4318.11,0.20991266,1
1506892345,22625775,4318.12,0.00342200,1
1506892341,22625773,4318.11,0.17646859,1
1506892341,22625771,4318.12,0.03695546,1
1506892337,22625767,4318.11,0.21333906,1
1506892334,22625764,4318.11,0.21325407,1
1506892327,22625761,4318.11,0.21309259,1
1506892325,22625758,4318.11,0.12602499,1
1506892325,22625757,4318.12,0.00373800,1
1506892324,22625751,4318.45,0.01200000,0
1506892323,22625750,4318.11,0.14744062,1
1506892323,22625749,4320.00,0.00000938,1
1506892322,22625748,4320.00,4.31925800,0
1506892322,22625747,4320.00,0.40604418,0
1506892322,22625746,4320.00,0.30438180,0
1506892322,22625745,4318.46,0.21098885,0
1506892322,22625744,4318.46,0.17201779,0
1506892319,22625741,4315.20,0.12581923,1
1506892319,22625740,4315.21,0.00394300,1
1506892318,22625739,4315.37,0.00000039,1
1506892316,22625738,4315.37,0.12976261,0
1506892311,22625735,4315.20,0.07023737,1
1506892311,22625733,4315.37,0.12976262,1
1506892311,22625731,4315.38,0.00393500,1
1506892304,22625728,4315.36,0.04872523,0
1506892304,22625727,4315.36,0.04900866,0
1506892295,22625724,4315.36,0.21280667,0
1506892294,22625723,4315.36,0.19337543,0
1506892292,22625722,4315.36,0.01934625,0
1506892290,22625721,4315.33,0.15734602,0
1506892232,22625706,4318.46,0.00600000,0
1506892230,22625705,4315.36,0.21263668,1
1506892226,22625700,4315.36,0.20887869,1
1506892226,22625699,4315.37,0.00367300,1
1506892221,22625690,4315.36,0.16275628,1
1506892221,22625689,4315.37,0.04971140,1
1506892218,22625687,4318.44,0.02314262,0
1506892217,22625686,4315.36,0.21238269,1
1506892212,22625680,4315.36,0.03237266,1
1506892208,22625677,4315.36,0.21228395,1
1506892204,22625675,4315.36,0.21219945,1
1506892199,22625670,4315.36,0.21211446,1
1506892195,22625666,4315.36,0.21202946,1
1506892190,22625663,4315.36,0.21194398,1
1506892184,22625661,4315.36,0.21185899,1
1506892182,22625658,4318.46,0.00600000,0
1506892181,22625656,4315.36,0.21177400,1
1506892176,22625654,4315.36,0.20913600,1
1506892176,22625653,4315.37,0.00255300,1
1506892173,22625650,4318.46,0.02688609,0
1506892172,22625648,4315.36,0.19822380,1
1506892172,22625646,4315.37,0.01338393,1
1506892168,22625644,4315.36,0.21152274,1
1506892166,22625642,4318.44,0.04019044,0
1506892164,22625640,4315.36,0.20917175,1
1506892164,22625638,4315.37,0.00226600,1
1506892156,22625633,4315.36,0.21135225,1
1506892155,22625631,4315.37,0.00000001,1
1506892154,22625630,4315.37,0.10417499,0
1506892152,22625627,4315.37,0.00272700,1
1506892144,22625625,4315.37,0.10690136,0
1506892143,22625623,4315.37,0.00272700,0
1506892142,22625622,4315.37,0.00288000,1
1506892142,22625621,4315.48,0.09037563,1
1506892142,22625620,4315.48,0.00136497,1
1506892140,22625617,4315.48,0.00825940,0
1506892138,22625616,4315.48,0.00288400,0
1506892138,22625615,4315.50,0.20000000,1
1506892130,22625608,4320.00,0.01330000,0
1506892130,22625607,4319.94,1.92500000,0
1506892126,22625604,4318.46,0.21081892,1
1506892125,22625603,4319.94,0.07100000,0
1506892124,22625602,4318.46,0.02531631,1
1506892123,22625600,4318.46,0.18114035,1
1506892122,22625597,4318.47,0.02959361,1
1506892119,22625592,4318.46,0.21065173,1
1506892114,22625590,4318.46,0.21056677,1
1506892110,22625588,4318.46,1.66795461,1
1506892107,22625584,4319.94,0.00400000,0
1506892106,22625582,4318.46,0.21058661,1
1506892103,22625579,4317.79,0.18480025,0
1506892098,22625576,4315.41,0.18246422,0
1506892078,22625572,4315.34,0.06662703,0
1506892036,22625565,4313.47,0.02635337,1
1506892036,22625564,4313.48,0.00396800,1
1506892035,22625563,4315.21,0.00244357,1
1506892028,22625561,4315.40,0.02239691,0
1506892009,22625559,4315.41,0.02200000,0
1506892005,22625558,4315.41,0.00604013,0
1506891992,22625554,4317.79,0.02526222,0
1506891989,22625551,4315.41,0.21041934,1
1506891987,22625550,4315.41,0.19064529,0
1506891986,22625549,4315.41,0.01525279,0
1506891986,22625548,4315.41,0.00443900,0
1506891982,22625544,4315.41,0.20581308,1
1506891981,22625542,4315.42,0.00443900,1
1506891972,22625535,4319.94,0.01372704,0
1506891970,22625533,4317.79,0.03248507,0
1506891969,22625530,4317.80,0.17749518,1
1506891961,22625525,4317.79,0.20989529,1
1506891956,22625522,4317.79,0.20981015,1
1506891953,22625518,4317.79,0.20972518,1
1506891952,22625517,4320.00,0.00753820,0
1506891945,22625509,4317.79,0.20964022,1
1506891941,22625505,4317.79,0.20956091,1
1506891938,22625501,4317.76,0.20947595,1
1506891934,22625497,4317.76,0.20939373,1
1506891931,22625492,4317.76,0.20930876,1
1506891928,22625490,4317.76,0.20922654,1
1506891924,22625483,4317.76,0.20914158,1
1506891916,22625477,4317.76,0.20915909,1
1506891915,22625476,4316.00,0.27811545,0
1506891915,22625474,4316.00,0.02100000,0
1506891914,22625473,4317.88,0.00144510,1
1506891913,22625472,4317.88,0.20855490,0
1506891909,22625470,4315.43,0.20907683,1
1506891904,22625467,4315.25,0.12027679,0
1506891903,22625466,4315.22,0.20911920,0
1506891903,22625465,4315.21,0.15735040,0
1506891886,22625461,4315.25,0.07807567,0
1506891882,22625459,4315.25,0.01056001,0
1506891876,22625453,4315.25,0.20882456,1
1506891870,22625450,4315.25,0.20874230,1
1506891860,22625445,4320.00,0.05996069,0
1506891858,22625444,4320.00,0.66615277,0
1506891857,22625443,4318.00,1.87758338,0
1506891857,22625442,4318.00,0.20836560,0
1506891857,22625441,4318.00,0.05845820,0
1506891855,22625440,4317.88,0.15725310,0
1506891846,22625434,4316.83,0.02453352,0
1506891845,22625431,4313.68,0.29954000,0
1506891840,22625430,4313.36,0.07608483,1
1506891830,22625425,4313.31,0.87150000,1
1506891830,22625424,4315.94,0.00400000,1
1506891826,22625403,4318.00,0.14982378,1
1506891824,22625399,4318.00,0.20819706,1
1506891820,22625396,4322.25,0.03006400,0
1506891819,22625394,4318.00,0.20810958,1
1506891815,22625386,4318.00,0.20802692,1
1506891812,22625382,4318.00,0.20794201,1
1506891806,22625378,4315.93,0.19322083,1
1506891806,22625377,4315.94,0.01463900,1
1506891802,22625374,4315.93,0.19313866,1
1506891802,22625372,4315.93,0.01463900,1
1506891798,22625370,4315.91,0.19305612,1
1506891798,22625369,4315.92,0.01463600,1
1506891787,22625355,4322.25,0.01533859,0
1506891783,22625351,4324.18,0.01324600,0
1506891782,22625343,4322.44,1.00000000,1
1506891779,22625340,4322.44,0.97906274,0
1506891779,22625339,4324.18,0.01431655,0
1506891779,22625338,4324.00,0.04600000,0
1506891778,22625337,4318.51,0.27613655,1
1506891778,22625336,4318.51,0.20000000,1
1506891778,22625335,4321.99,0.00502102,1
1506891777,22625334,4322.44,0.11539778,1
1506891775,22625332,4322.44,0.02093513,0
1506891772,22625329,4322.44,0.00000163,0
1506891772,22625328,4321.98,0.99999837,0
1506891770,22625327,4319.94,0.06719301,0
1506891770,22625326,4319.94,0.00000438,1
1506891768,22625322,4321.98,0.99999837,1
1506891766,22625319,4319.94,0.06719739,1
1506891765,22625316,4321.98,0.40692189,1
1506891764,22625313,4321.00,0.59307811,0
1506891764,22625312,4322.44,0.18930280,1
1506891763,22625311,4322.00,0.26000000,0
1506891763,22625309,4322.00,0.04600000,0
1506891763,22625308,4321.98,0.50000000,0
1506891762,22625304,4321.78,0.21316822,1
1506891760,22625299,4321.78,0.99812779,1
1506891758,22625295,4321.78,0.00187021,0
1506891752,22625291,4320.13,0.27403546,0
1506891752,22625290,4320.00,0.50000000,0
1506891752,22625289,4320.00,1.15869661,0
1506891749,22625286,4320.00,4.31631827,0
1506891748,22625285,4320.00,8.86368173,0
1506891748,22625284,4320.00,0.02000000,0
1506891745,22625278,4320.00,8.25609167,0
1506891745,22625277,4320.00,0.04600000,0
1506891745,22625275,4320.00,0.41757526,0
1506891744,22625273,4319.99,0.70000000,0
1506891744,22625272,4319.99,0.05673067,0
1506891744,22625271,4319.97,0.08459324,0
1506891744,22625270,4319.95,0.72450916,0
1506891744,22625269,4319.93,0.87150000,0
1506891744,22625268,4319.93,1.74300000,0
1506891740,22625266,4318.31,0.39666922,1
1506891739,22625264,4318.31,0.71960024,1
1506891739,22625263,4318.31,0.14682032,1
1506891723,22625253,4315.61,0.05317208,1
1506891719,22625251,4319.95,0.72451070,1
1506891710,22625250,4319.78,0.02000000,0
1506891705,22625248,4319.78,0.03015827,0
1506891684,22625244,4310.50,0.13865095,1
1506891683,22625243,4310.50,0.01594500,1
1506891672,22625240,4313.99,0.10202412,1
1506891672,22625239,4313.99,0.11898807,1
1506891668,22625237,4315.89,0.09204206,1
1506891654,22625230,4319.95,0.07987156,0
1506891622,22625222,4319.93,0.00418876,0
1506891613,22625216,4313.25,0.06918198,1
1506891613,22625215,4319.29,0.00954663,1
1506891612,22625211,4319.97,0.00800000,0
1506891609,22625210,4319.97,0.00494487,0
1506891604,22625202,4319.97,0.02346230,0
1506891602,22625193,4319.29,0.01780962,1
1506891578,22625175,4313.22,0.03308837,1
1506891529,22625159,4310.39,0.15752635,0
1506891521,22625158,4310.40,0.00797133,0
1506891492,22625149,4310.42,0.01510326,0
1506891471,22625138,4306.37,0.09200000,0
1506891470,22625137,4306.37,0.00800000,0
1506891469,22625136,4306.39,0.90000000,1
1506891466,22625135,4306.38,0.12850000,1
1506891466,22625134,4306.39,0.87150000,1
1506891463,22625133,4305.00,0.82038600,0
1506891463,22625131,4305.00,0.17961400,1
1506891461,22625130,4305.00,0.82038600,1
1506891461,22625128,4305.01,0.01877600,1
1506891461,22625127,4306.16,0.12500000,1
1506891461,22625126,4306.32,0.02000000,1
1506891461,22625125,4306.33,0.01583800,1
1506891458,22625122,4306.32,0.98122400,1
1506891458,22625121,4306.33,0.01877600,1
1506891456,22625120,4306.16,0.87150000,0
1506891452,22625119,4306.16,0.07212400,0
1506891452,22625118,4306.18,0.01879200,1
1506891452,22625117,4306.20,0.01879200,1
1506891452,22625116,4306.24,0.01879200,1
1506891451,22625115,4306.31,0.87150000,1
1506891437,22625112,4310.50,1.00000000,1
1506891431,22625111,4310.73,0.87150000,1
1506891425,22625110,4311.64,0.13070000,1
1506891424,22625109,4315.00,0.05316802,0
1506891419,22625106,4315.00,0.83535021,1
1506891416,22625105,4315.00,1.00000000,1
1506891416,22625104,4315.00,0.50036670,1
1506891414,22625102,4315.00,1.00000000,1
1506891412,22625101,4319.99,0.00600000,0
1506891411,22625099,4315.00,1.00000000,1
1506891403,22625098,4317.00,0.97131853,1
1506891402,22625097,4319.99,0.00664645,0
1506891397,22625096,4317.01,0.13199969,0
1506891393,22625093,4317.01,0.28810254,1
1506891348,22625088,4319.99,0.01290006,0
1506891305,22625076,4319.99,0.18885634,0
1506891304,22625075,4319.75,0.24313462,0
1506891304,22625074,4319.75,0.21477400,0
1506891303,22625072,4319.75,0.00754522,0
1506891302,22625071,4319.75,0.00338367,0
1506891289,22625068,4315.00,0.10622265,1
1506891285,22625067,4319.75,0.00266097,0
1506891266,22625061,4319.75,0.02400000,0
1506891257,22625060,4319.00,0.07640660,0
1506891243,22625052,4319.00,0.06628800,0
1506891240,22625049,4319.00,0.06717172,0
1506891228,22625039,4319.00,0.17204682,0
1506891228,22625037,4312.98,0.15743175,0
1506891218,22625031,4310.66,1.00000000,1
1506891216,22625030,4310.66,1.00000000,1
1506891210,22625029,4310.72,0.87150000,1
1506891204,22625027,4310.94,0.13830000,1
1506891196,22625026,4313.00,0.06277840,1
1506891192,22625025,4313.02,0.06703185,1
1506891184,22625020,4319.75,0.00450152,0
1506891184,22625019,4319.70,0.01000000,0
1506891184,22625018,4319.69,0.00153346,0
1506891170,22625008,4319.69,0.00346654,0
1506891170,22625007,4319.12,0.04848961,0
1506891139,22624994,4310.44,0.08665861,1
1506891132,22624949,4310.54,0.28973926,1
1506891132,22624947,4310.54,0.13529575,1
1506891130,22624943,4318.39,0.11798921,1
1506891130,22624942,4318.39,0.15439651,1
1506891128,22624939,4319.12,0.09192945,1
1506891127,22624938,4319.12,0.68924586,1
1506891125,22624934,4319.12,0.21882469,0
1506891124,22624933,4319.12,0.10622265,0
1506891124,22624932,4319.12,0.01418000,1
1506891122,22624929,4319.12,0.98582000,0
1506891121,22624926,4319.12,0.33922460,1
1506891119,22624923,4319.12,0.01417771,0
1506891114,22624918,4319.12,0.00335526,0
1506891114,22624917,4319.00,0.05000000,0
1506891113,22624916,4318.52,0.00185019,0
1506891108,22624914,4318.40,0.01638231,0
1506891105,22624912,4318.40,1.00000000,0
1506891103,22624910,4318.40,1.00000000,0
1506891102,22624909,4318.40,0.01200000,0
1506891100,22624906,4317.00,0.24462000,0
1506891097,22624905,4318.39,0.85377907,0
1506891096,22624904,4318.39,0.04622093,0
1506891093,22624895,4318.00,0.01647870,0
1506891090,22624893,4318.00,0.03266060,0
1506891090,22624892,4316.80,0.00324900,0
1506891089,22624889,4316.80,0.00833300,1
1506891088,22624887,4317.00,0.02212581,1
1506891086,22624882,4318.00,0.01333940,0
1506891084,22624880,4317.00,0.33921260,1
1506891083,22624879,4317.00,0.05000000,0
1506891081,22624875,4316.80,0.33920437,1
1506891078,22624873,4316.80,0.33150171,1
1506891078,22624871,4316.80,0.33919341,1
1506891075,22624863,4316.80,0.33918519,1
1506891072,22624860,4316.80,0.19521671,1
1506891071,22624859,4316.80,0.17419741,1
1506891069,22624850,4316.80,0.33916588,1
1506891068,22624846,4316.80,0.01955389,0
1506891067,22624845,4313.23,1.00000000,1
1506891066,22624844,4316.00,1.00000000,1
1506891065,22624840,4316.80,0.03525293,0
1506891064,22624836,4313.21,2.00000000,1
1506891061,22624834,4313.21,0.80328813,1
1506891061,22624833,4316.50,1.19671187,1
1506891061,22624832,4316.46,0.00188096,0
1506891061,22624831,4316.22,0.06351976,0
1506891061,22624830,4316.03,0.00188020,0
1506891060,22624829,4316.00,0.04600000,0
1506891060,22624828,4316.00,2.46000721,0
1506891060,22624827,4315.99,0.83000000,0
1506891059,22624823,4312.82,0.09085973,1
1506891059,22624819,4316.00,0.01912737,0
1506891056,22624809,4315.91,0.06959585,0
1506891055,22624803,4315.12,0.20000000,0
1506891055,22624802,4314.00,0.04600000,0
1506891054,22624801,4313.52,0.01924183,0
1506891054,22624799,4313.15,0.10000000,0
1506891054,22624797,4312.82,1.24176842,0
1506891051,22624794,4312.13,0.03742166,1
1506891051,22624793,4312.82,9.97590629,0
1506891049,22624791,4312.82,1.00000000,0
1506891048,22624787,4312.82,10.00000000,0
1506891029,22624769,4312.14,0.15030905,1
1506891016,22624762,4312.13,0.08504018,1
1506891013,22624753,4312.13,0.51944268,1
1506891012,22624749,4312.13,0.15746315,1
1506891011,22624746,4312.13,0.23805155,1
1506891007,22624735,4312.13,0.72958260,1
1506891002,22624728,4312.82,0.12530357,0
1506891002,22624727,4312.13,0.74324167,0
1506891002,22624726,4309.58,0.13145476,0
1506891001,22624723,4311.78,0.02968315,1
1506890997,22624722,4312.82,5.43711075,0
1506890996,22624720,4308.60,0.08873730,1
1506890995,22624716,4308.60,2.00000000,0
1506890993,22624709,4312.82,1.00000000,0
1506890991,22624708,4312.82,1.00000000,0
1506890989,22624703,4309.41,0.14898633,1
1506890989,22624700,4311.77,0.11586052,1
1506890989,22624699,4312.13,0.89112000,1
1506890987,22624697,4311.76,0.10888000,0
1506890986,22624696,4309.41,0.42868496,1
1506890986,22624695,4309.41,1.42851488,1
1506890986,22624694,4312.13,0.57148512,1
1506890985,22624690,4312.82,0.03027525,0
1506890984,22624688,4311.76,0.42851488,0
1506890982,22624683,4312.13,1.00000000,0
1506890979,22624676,4311.76,0.84719956,0
1506890978,22624674,4309.41,0.25163084,1
1506890975,22624662,4311.76,0.15280000,0
1506890973,22624660,4307.21,0.12030000,1
1506890970,22624658,4307.39,0.13170000,0
1506890966,22624657,4305.00,1.00000000,0
1506890966,22624656,4305.00,0.02701914,0
1506890966,22624655,4305.00,1.65143171,0
1506890962,22624654,4305.00,11.00000000,0
1506890934,22624645,4304.98,0.00302799,0
1506890933,22624644,4304.98,0.06853773,0
1506890916,22624639,4300.35,0.02736577,1
1506890916,22624638,4302.00,0.10000000,1
1506890916,22624637,4303.03,0.06790099,1
1506890914,22624636,4304.00,0.00453324,1
1506890887,22624628,4305.00,0.03662931,0
1506890886,22624627,4305.00,0.02000000,0
1506890858,22624626,4305.00,0.08863067,0
1506890852,22624625,4305.00,0.00161803,0
1506890851,22624624,4305.00,0.02634753,0
1506890850,22624623,4305.00,0.09383293,0
1506890810,22624615,4305.00,0.01186326,0
1506890804,22624613,4305.00,0.38426068,0
1506890795,22624600,4305.00,0.04660938,0
1506890793,22624599,4305.00,0.00600000,0
1506890781,22624590,4305.00,0.37987434,0
1506890772,22624578,4305.00,0.00266834,0
1506890763,22624571,4305.00,0.01100000,0
1506890760,22624566,4305.00,0.05540585,0
1506890753,22624565,4305.00,0.00500000,0
1506890749,22624563,4305.00,1.97407116,0
1506890749,22624561,4305.00,0.40846516,0
1506890745,22624559,4305.00,0.01513763,0
1506890734,22624552,4305.00,0.01000000,0
1506890715,22624541,4305.00,5.24398483,0
1506890713,22624535,4305.00,1.10271683,0
1506890707,22624534,4305.00,0.38744264,0
1506890704,22624529,4305.00,0.07104338,0
1506890703,22624527,4305.00,0.01861000,0
1506890696,22624522,4305.00,0.02000000,0
1506890695,22624521,4305.00,0.07612525,0
1506890659,22624499,4305.00,0.04000000,0
1506890656,22624498,4305.00,0.00210800,0
1506890638,22624494,4305.00,2.31731707,0
1506890605,22624473,4305.00,0.45833286,0
1506890598,22624461,4305.00,0.18626727,0
1506890592,22624458,4305.00,0.08227753,0
1506890583,22624453,4305.00,0.06055099,0
1506890580,22624452,4305.00,0.53595285,0
1506890568,22624441,4305.00,0.00545000,0
1506890567,22624438,4305.00,0.07918000,0
1506890557,22624436,4305.00,0.28562000,0
1506890556,22624435,4305.00,6.82550523,0
1506890544,22624429,4305.00,9.15622532,0
1506890533,22624428,4305.00,0.02824950,0
1506890532,22624427,4305.00,0.01634635,0
1506890531,22624426,4305.00,0.03538878,0
1506890523,22624420,4305.00,0.02131707,0
1506890497,22624410,4305.00,0.13638637,0
1506890492,22624409,4305.00,0.00605819,0
1506890484,22624400,4305.00,0.88313879,0
1506890482,22624396,4305.00,0.01600787,0
1506890442,22624383,4305.00,3.48332463,0
1506890440,22624382,4305.00,0.01344181,0
1506890412,22624351,4305.00,0.00534126,0
1506890407,22624349,4305.00,4.29739734,0
1506890406,22624347,4305.00,0.08003469,0
1506890403,22624345,4305.00,0.21548897,0
1506890385,22624340,4305.00,2.39881968,0
1506890385,22624339,4304.99,0.59056940,0
1506890382,22624338,4304.99,0.06055841,0
1506890346,22624335,4304.99,0.01700000,0
1506890345,22624334,4304.99,0.00605819,0
1506890342,22624330,4304.99,0.02581400,0
1506890321,22624322,4305.00,0.00138625,0
1506890321,22624321,4305.00,0.00311193,0
1506890313,22624318,4305.00,0.01952920,0
1506890264,22624311,4305.00,0.11613579,0
1506890264,22624310,4305.00,0.01514106,0
1506890256,22624307,4305.00,0.27402787,0
1506890223,22624297,4305.00,0.21548897,0
1506890218,22624294,4305.00,0.01100000,0
1506890213,22624291,4305.00,0.08009181,0
1506890204,22624289,4304.95,0.05100097,0
1506890204,22624287,4302.02,0.00960746,0
1506890163,22624274,4302.02,0.02581400,0
1506890124,22624272,4302.02,0.02000000,0
1506890104,22624270,4302.03,0.07007854,1
1506890103,22624269,4302.03,0.00969489,1
1506890094,22624268,4305.00,0.02825404,0
1506890089,22624266,4305.00,0.24225806,0
1506890087,22624261,4305.00,0.08029748,0
1506890034,22624254,4304.55,0.03202534,0
1506890015,22624253,4305.00,0.02670356,0
1506890015,22624252,4305.00,1.69988153,0
1506890013,22624250,4305.00,0.11426249,0
1506889998,22624245,4305.00,0.01690109,0
1506889983,22624239,4302.28,0.01649573,0
1506889975,22624236,4305.00,0.00290252,0
1506889969,22624235,4305.00,0.00427920,0
1506889923,22624223,4306.66,0.10654428,0
1506889917,22624215,4306.66,0.99061773,0
1506889902,22624208,4312.82,20.18963572,0
1506889902,22624207,4312.81,0.01000000,0
1506889902,22624206,4312.58,4.62730000,0
1506889902,22624205,4312.56,0.87150000,0
1506889902,22624204,4312.14,0.00554189,0
1506889902,22624203,4312.00,0.04600000,0
1506889902,22624202,4310.28,0.00188019,0
1506889901,22624201,4310.00,0.01200000,0
1506889901,22624200,4310.00,0.04600000,0
1506889901,22624199,4310.00,3.55000000,0
1506889901,22624198,4309.65,0.00116251,0
1506889901,22624197,4309.00,1.00000000,0
1506889901,22624196,4308.99,2.21000000,0
