date,tid,price,amount,type
1506902429,22631561,254.25,0.13306223,1
1506902428,22631559,254.35,0.02612470,1
1506902428,22631557,254.36,0.31400000,1
1506902418,22631527,254.35,0.00881731,1
1506902418,22631526,255.10,0.09926377,1
1506902417,22631525,255.12,0.03807892,1
1506902403,22631469,255.12,0.09806207,1
1506902385,22631449,255.12,0.00275224,0
1506902385,22631448,255.12,1.77724776,1
1506902384,22631446,255.12,2.16472571,1
1506902384,22631445,255.12,1.77527429,1
1506902383,22631443,255.12,0.23000000,0
1506902383,22631442,255.12,1.93472571,0
1506902383,22631440,255.12,1.77527429,0
1506902377,22631426,255.20,1.53443177,0
1506902377,22631424,255.12,0.23809957,0
1506902377,22631423,255.12,3.70190043,0
1506902377,22631421,255.11,0.13889323,0
1506902377,22631420,255.10,0.09920634,0
1506902346,22631400,255.07,0.13700261,1
1506902346,22631399,255.07,0.13690739,1
1506902320,22631383,255.15,1.36081952,1
1506902319,22631382,255.15,2.57918048,0
1506902319,22631381,255.15,1.36081952,0
1506902319,22631380,255.07,0.13690739,0
1506902092,22631233,253.99,0.70686471,1
1506902063,22631217,254.38,0.09920634,1
1506901772,22630967,255.07,0.18850000,0
1506901755,22630932,255.02,0.10000759,1
1506901740,22630873,255.06,1.09121339,0
1506901690,22630708,255.02,0.10000677,0
1506901685,22630694,255.01,0.10005725,0
1506901641,22630638,255.06,1.00339898,0
1506901641,22630637,255.04,0.31300000,0
1506901640,22630635,255.03,1.79688124,0
1506901627,22630614,253.62,3.13297299,1
1506901623,22630613,253.59,0.02993030,1
1506901617,22630604,253.56,4.18000000,1
1506901617,22630603,253.58,0.32540739,1
1506901616,22630601,253.66,0.43000000,1
1506901612,22630592,253.70,3.35407267,1
1506901612,22630591,253.70,0.10116284,1
1506901610,22630587,253.70,0.17236893,1
1506901604,22630573,253.69,0.06742875,1
1506901604,22630572,253.69,3.15541553,1
1506901603,22630571,253.85,0.06098739,1
1506901602,22630570,253.95,3.10371400,1
1506901596,22630560,253.93,0.48546170,0
1506901596,22630555,254.02,3.10341700,1
1506901583,22630531,254.11,4.25452021,1
1506901583,22630530,254.13,0.45000000,1
1506901487,22630398,254.14,0.76248730,1
1506901487,22630397,254.14,0.50000000,1
1506901469,22630393,254.28,1.84143306,1
1506901469,22630392,254.66,3.94000000,1
1506901469,22630391,254.67,0.23890000,1
1506901463,22630387,254.66,0.06711526,1
1506901445,22630374,254.69,0.66380439,1
1506901445,22630373,254.69,0.83247861,1
1506900928,22630132,254.69,0.35653548,1
1506900928,22630131,254.78,0.31300000,1
1506900836,22630066,254.70,1.59178472,1
1506900824,22630055,254.70,0.66431048,1
1506900787,22630024,255.36,1.95312500,0
1506900785,22630022,255.36,0.32309616,0
1506900780,22630016,255.50,4.30656015,1
1506900780,22630015,255.50,0.15000000,0
1506900780,22630014,255.50,0.94130675,1
1506900780,22630013,255.50,1.73413293,1
1506900779,22630012,255.49,0.32486732,0
1506900779,22630010,255.45,0.15000000,0
1506900778,22630006,255.40,0.15000000,0
1506900778,22630005,255.40,1.46096432,0
1506900778,22630004,255.37,0.50000000,0
1506900778,22630001,255.36,1.18679334,0
1506900777,22629999,255.35,0.23880000,1
1506900777,22629998,255.26,0.94636065,0
1506900777,22629997,255.26,1.99621454,1
1506900775,22629996,255.25,0.31400000,0
1506900715,22629975,254.23,1.29716381,0
1506900703,22629959,254.23,2.64702754,1
1506900702,22629957,254.46,0.32428429,1
1506900595,22629844,254.51,2.49082277,1
1506900595,22629843,254.51,0.10759907,1
1506900588,22629839,254.51,0.30807009,1
1506900588,22629838,254.53,0.14869550,1
1506900573,22629826,254.53,0.14859000,0
1506900573,22629825,254.53,0.20000000,0
1506900570,22629821,254.50,1.98863880,1
1506900563,22629815,254.53,0.14276431,1
1506900558,22629800,254.53,0.48921238,1
1506900557,22629796,254.61,2.47688925,1
1506900557,22629795,254.62,0.26064247,1
1506900557,22629793,254.62,0.31400000,1
1506900492,22629692,254.63,2.63868877,1
1506900491,22629690,254.72,0.50288932,1
1506900491,22629689,254.72,0.68390402,1
1506900478,22629674,254.72,0.23880000,1
1506900478,22629671,255.04,0.46000000,1
1506900473,22629663,255.35,0.15000000,0
1506900472,22629661,254.71,0.40372284,1
1506900472,22629660,254.72,2.14602236,1
1506900469,22629653,255.34,3.41528435,0
1506900460,22629635,254.92,0.14387118,1
1506900456,22629632,254.92,1.27538728,1
1506900455,22629631,254.92,0.14410294,1
1506900447,22629624,254.94,0.14385989,1
1506900433,22629612,255.34,1.17196679,0
1506900424,22629611,254.50,0.14479797,1
1506900420,22629606,255.18,0.70000000,1
1506900418,22629605,255.18,4.04808317,1
1506900418,22629604,255.18,0.14438655,1
1506900374,22629595,255.34,0.35548680,0
1506900345,22629581,255.33,0.11513300,0
1506899813,22629412,255.30,1.17215041,0
1506899610,22629315,255.34,0.62700712,0
1506899610,22629314,255.30,0.15000000,0
1506899608,22629313,255.29,0.22311159,0
1506899408,22629257,255.24,7.18868053,0
1506899408,22629256,255.24,0.62336246,0
1506899408,22629255,255.24,0.08550000,0
1506899396,22629240,255.20,2.57984342,0
1506899396,22629237,255.20,0.15000000,0
1506899396,22629236,255.13,0.96988453,0
1506899304,22629191,255.13,0.07000000,0
1506899242,22629167,255.14,0.63008583,0
1506899230,22629159,255.08,0.51602809,0
1506899230,22629158,255.07,1.32000000,0
1506899212,22629150,255.08,1.69109758,0
1506899070,22629086,255.10,0.35268000,0
1506899048,22629079,255.09,0.07835670,1
1506898994,22629075,255.09,0.19577404,0
1506898974,22629067,255.10,0.04000000,0
1506898961,22629052,255.10,0.03620541,0
1506898912,22629039,255.11,2.00000000,0
1506898839,22629013,255.15,0.02297222,0
1506898839,22629012,255.15,0.00054336,0
1506898758,22628985,255.15,0.10603567,0
1506898758,22628984,255.10,0.93160548,0
1506898752,22628979,255.10,1.00954575,0
1506898752,22628978,255.10,1.82471243,0
1506898743,22628956,255.15,0.04342097,0
1506898720,22628918,254.98,1.31919111,0
1506898718,22628917,254.96,1.84000000,0
1506898717,22628916,254.97,3.94000000,0
1506898700,22628909,254.51,0.25708858,0
1506898700,22628908,254.51,3.31803983,1
1506898627,22628833,254.99,1.02109887,0
1506898607,22628823,254.50,0.08813686,0
1506898558,22628790,254.97,3.84840785,0
1506898558,22628789,254.97,0.41227973,0
1506898535,22628770,254.60,5.50000000,0
1506898534,22628769,254.60,0.43000000,1
1506898412,22628666,255.00,0.07835360,0
1506897990,22628344,255.10,3.82616042,0
1506897949,22628280,255.07,3.10079000,1
1506897949,22628279,255.09,0.07835670,1
1506897938,22628277,255.10,0.15000000,0
1506897746,22628158,255.09,3.87207497,0
1506897742,22628133,255.09,0.06792503,0
1506897733,22628122,255.00,1.00000000,0
1506897733,22628120,255.00,0.15000000,0
1506897733,22628116,255.00,0.26477427,0
1506897677,22628100,255.00,0.10004558,0
1506897660,22628088,255.00,0.03178015,0
1506897660,22628087,254.98,0.14758560,0
1506897571,22628055,254.98,0.53064044,0
1506897547,22628047,254.98,1.54972189,0
1506897541,22628041,254.98,0.92128103,0
1506897539,22628037,254.98,0.27319789,0
1506897516,22627993,254.97,0.78344516,0
1506897497,22627982,254.89,2.77112983,0
1506897279,22627806,254.97,0.09065116,1
1506897279,22627805,254.97,0.23314006,0
1506897274,22627801,254.97,0.10847864,1
1506897274,22627799,254.97,1.96000000,0
1506897273,22627798,254.95,0.20000000,0
1506897273,22627797,254.95,0.15000000,0
1506897273,22627793,254.90,0.15000000,0
1506897272,22627790,254.85,0.15000000,0
1506897272,22627788,254.82,0.35515394,0
1506897272,22627786,254.80,0.15000000,0
1506897271,22627785,254.77,1.50000000,0
1506897271,22627784,254.77,0.01873916,0
1506897271,22627783,254.77,0.06049974,0
1506897271,22627782,254.77,0.07923890,0
1506897270,22627781,254.75,0.59725221,0
1506897247,22627731,254.08,0.72147400,0
1506897245,22627730,254.54,0.07852600,1
1506897226,22627692,254.75,0.20274779,0
1506897226,22627691,254.73,0.03998000,0
1506897226,22627690,254.70,0.11172348,0
1506897226,22627689,254.70,0.03998000,0
1506897225,22627688,254.66,0.21317513,0
1506897225,22627687,254.58,0.17792216,0
1506897225,22627686,254.57,0.89867338,0
1506897223,22627681,254.56,0.31400000,0
1506897168,22627583,254.54,0.35126000,0
1506897146,22627574,254.55,1.71993714,0
1506897144,22627573,254.54,0.23940000,0
1506897078,22627540,253.88,3.10487800,1
1506897078,22627538,253.88,2.21600000,1
1506897078,22627537,253.88,1.72400000,1
1506897077,22627536,253.89,10.82000000,1
1506896811,22627461,253.94,3.10465400,1
1506896811,22627460,253.95,30.30300000,1
1506896775,22627453,253.96,3.10410900,1
1506896765,22627450,253.98,0.39243214,1
1506896765,22627449,253.99,0.31400000,1
1506896765,22627448,254.02,0.07215967,1
1506896765,22627447,254.02,0.03956381,1
1506896765,22627445,254.03,0.89867338,1
1506896765,22627444,254.07,0.23940000,1
1506896351,22627377,254.58,0.89746292,0
1506895982,22627340,254.58,0.07208272,0
1506895834,22627278,254.00,0.00566892,0
1506895832,22627276,254.00,2.48257483,0
1506895807,22627268,254.00,1.45553675,0
1506895797,22627264,254.00,1.03404970,0
1506895794,22627263,254.00,1.90000000,1
1506895793,22627262,254.01,3.95824180,1
1506895793,22627261,254.12,4.16392800,1
1506895752,22627241,254.58,0.03946984,0
1506895656,22627196,254.09,2.50000000,0
1506895626,22627185,254.09,1.31852445,0
1506895626,22627184,254.08,0.36000000,0
1506895478,22627166,254.09,3.09703879,0
1506895477,22627165,254.09,0.75088028,0
1506895477,22627164,254.08,0.07858972,0
1506895471,22627161,254.09,0.79382142,0
1506895371,22627119,254.08,0.50000000,0
1506895271,22627079,254.08,0.15409935,0
1506894882,22626967,254.09,0.09760321,0
1506894762,22626941,253.41,0.07858972,1
1506894699,22626928,254.09,0.62182054,0
1506894699,22626927,254.08,0.95000000,0
1506894699,22626926,254.02,11.86790900,0
1506894688,22626923,254.00,3.15438227,0
1506894688,22626921,253.95,0.00137529,0
1506894687,22626920,253.95,1.39026580,0
1506894668,22626912,253.95,0.04602518,0
1506894663,22626895,253.94,0.41001515,0
1506894643,22626888,253.95,0.02022083,0
1506894594,22626868,253.92,0.42634973,0
1506894581,22626834,253.90,0.54111531,0
1506894534,22626820,254.01,1.12085075,0
1506894531,22626819,253.93,0.02406175,0
1506894523,22626815,253.86,0.53214427,0
1506894522,22626814,253.67,0.18793766,0
1506894486,22626804,253.71,0.02445865,0
1506894442,22626783,253.83,0.02710369,0
1506894438,22626778,253.85,0.07858972,0
1506894315,22626733,254.09,0.71250251,0
1506894315,22626732,253.98,0.31500000,0
1506894308,22626729,253.99,0.97974712,0
1506894266,22626696,252.73,0.34000000,1
1506894247,22626681,252.81,1.59000000,1
1506894240,22626680,252.89,0.38801099,1
1506894090,22626658,253.39,0.50217489,1
1506894089,22626657,253.41,0.31500000,1
1506894083,22626646,253.39,1.44344198,1
1506894083,22626644,253.40,0.23950000,1
1506894083,22626642,253.40,1.18693764,1
1506894079,22626639,254.60,0.32392436,0
1506894077,22626636,254.60,0.32426177,0
1506894075,22626628,254.76,0.50620191,1
1506894075,22626627,254.76,0.50227665,1
1506894075,22626626,254.76,7.90479084,1
1506894075,22626625,254.76,12.41013300,1
1506894075,22626624,254.75,0.10000000,0
1506894075,22626623,254.75,0.15000000,0
1506894074,22626622,254.73,0.35528274,0
1506894074,22626621,254.73,0.94684311,1
1506894074,22626620,254.73,4.34480400,1
1506894074,22626619,254.73,3.50163700,1
1506894073,22626617,254.70,0.15000000,0
1506894073,22626615,254.65,0.10000000,0
1506894073,22626613,254.65,11.08905000,1
1506894073,22626611,254.65,4.72553746,1
1506894073,22626610,254.65,1.55181625,1
1506894072,22626607,254.63,0.06436000,0
1506894071,22626605,254.60,0.15000000,0
1506894071,22626602,254.58,1.00000000,0
1506894071,22626601,254.58,5.64756801,1
1506894071,22626599,254.55,0.10000000,0
1506894070,22626598,254.55,0.15000000,0
1506894070,22626597,254.55,0.50693345,1
1506894070,22626596,254.51,0.03000000,0
1506894070,22626594,254.50,2.00000000,0
1506894069,22626592,254.50,23.00000000,0
1506894069,22626591,254.50,0.15000000,0
1506894069,22626590,254.48,0.35532524,0
1506894069,22626589,254.48,6.14797676,1
1506894068,22626588,254.46,10.00000000,0
1506894068,22626586,254.45,0.08999990,0
1506894068,22626584,254.45,2.00000000,0
1506894068,22626583,254.45,0.35567418,0
1506894068,22626582,254.35,0.07937100,0
1506894067,22626581,254.35,6.14147632,1
1506894067,22626580,254.34,0.23000000,1
1506894067,22626579,254.30,0.15000000,0
1506894067,22626578,254.30,2.06996483,0
1506894066,22626577,254.23,0.80082957,0
1506894066,22626576,254.22,0.38323257,0
1506894066,22626575,254.22,10.09490000,1
1506894065,22626574,254.08,12.42823700,1
1506894065,22626573,254.08,1.14000000,1
1506894065,22626572,253.86,7.00000000,0
1506894063,22626569,253.74,5.50304928,0
1506894042,22626564,253.00,20.00000000,0
1506893930,22626541,252.83,1.68710331,1
1506893930,22626540,252.84,3.31803983,1
1506893823,22626479,253.74,0.49720000,0
1506893823,22626478,253.06,0.00280000,0
1506893766,22626443,252.87,4.00000000,1
1506893664,22626432,252.99,0.34567945,0
1506893296,22626339,253.25,4.00000000,1
1506893112,22626265,253.25,0.05011657,0
1506892936,22626222,253.00,0.96604743,0
1506892906,22626175,253.00,0.07892600,0
1506892886,22626151,253.25,1.40000000,0
1506892817,22626125,253.25,1.53675500,0
1506892642,22626056,253.25,7.01312843,0
1506892642,22626055,252.92,2.98687157,0
1506892324,22625754,252.50,0.19016094,0
1506892324,22625753,252.49,2.02000000,0
1506892309,22625730,252.49,0.57954770,0
1506892278,22625720,252.50,10.00000000,0
1506892270,22625717,252.50,0.44000000,0
1506892242,22625713,252.50,5.00000000,0
1506892097,22625574,252.50,0.17394059,0
1506891950,22625516,252.50,6.82512000,0
1506891949,22625515,252.50,12.55990000,0
1506891948,22625514,252.50,15.92960000,0
1506891947,22625513,252.50,15.92960000,0
1506891945,22625511,252.50,10.06411858,1
1506891918,22625480,252.50,0.25000000,1
1506891792,22625360,252.93,2.98825762,0
1506891791,22625359,252.92,0.31600000,0
1506891782,22625349,252.43,7.34879000,1
1506891782,22625348,252.45,0.31600000,1
1506891782,22625347,252.61,0.41000000,1
1506891651,22625229,253.05,2.19698175,0
1506891616,22625219,253.04,0.02371073,0
1506891613,22625214,253.05,0.03161431,0
1506891593,22625186,253.05,2.00000000,0
1506891561,22625166,253.05,2.03000000,0
1506891561,22625165,253.04,3.97000000,0
1506891476,22625140,253.27,1.00920000,0
1506891476,22625139,253.12,0.24080000,0
1506891249,22625056,252.70,0.20000000,1
1506891188,22625024,253.14,3.00000000,0
1506891173,22625015,253.22,3.00000000,0
1506891088,22624886,252.63,0.35653490,1
1506891088,22624885,252.64,0.24080000,1
1506891088,22624884,252.74,1.45788710,1
1506891082,22624877,252.63,2.51476100,1
1506891070,22624857,253.20,2.17307454,0
1506891070,22624854,253.12,0.31600000,0
1506891069,22624852,253.00,0.19058872,0
1506891060,22624826,252.96,0.31910000,0
1506891060,22624825,252.96,0.24090000,0
1506891009,22624742,252.42,1.03732000,1
1506891009,22624741,252.43,0.24090000,1
1506890988,22624698,253.00,10.00000000,0
1506890978,22624675,252.96,3.83490672,0
1506890977,22624667,252.30,0.08999990,1
1506890976,22624666,252.40,0.10000000,1
1506890976,22624665,252.50,0.10000000,1
1506890976,22624663,252.70,1.27822010,1
1506890909,22624634,252.70,0.17234000,1
1506890892,22624630,253.00,0.11353397,0
1506890892,22624629,253.00,0.30984507,0
1506890684,22624511,252.70,0.59339000,1
1506890682,22624507,252.70,0.59544911,1
1506890609,22624479,252.70,0.27237000,1
1506890352,22624336,252.70,0.67649325,1
1506890185,22624281,252.70,1.08783844,1
1506890185,22624280,252.72,7.53427456,1
1506890082,22624260,252.73,0.01080309,1
1506890082,22624259,252.73,0.05919691,1
1506890002,22624246,252.73,1.91855800,1
1506889981,22624238,252.89,0.09858041,0
1506889825,22624163,252.92,0.31600000,1
1506889825,22624161,253.00,0.00000003,1
1506889824,22624160,253.00,0.30999997,1
1506889650,22624088,253.00,9.69000000,1
1506889650,22624087,253.01,0.31000000,1
1506889572,22624048,253.15,0.19709843,0
1506889572,22624047,253.15,0.31416157,0
1506889565,22624042,253.15,0.68583843,0
1506889563,22624040,253.14,0.31500000,0
1506889559,22624037,252.72,0.37922900,1
1506889555,22624032,252.72,1.39132700,1
1506889550,22624031,252.72,0.60217300,1
1506889515,22624009,252.70,0.07612000,1
1506889514,22624008,252.70,0.24777910,1
1506889514,22624006,252.72,0.07068290,1
1506889488,22624003,252.72,0.03590855,1
1506889487,22624002,252.76,0.10659145,1
1506889467,22623997,253.26,0.31344234,0
1506889467,22623996,252.96,1.00000000,0
1506889455,22623992,252.80,1.53335592,1
1506889455,22623991,252.85,4.52445208,1
1506889424,22623978,252.96,4.60946700,1
1506889415,22623974,252.94,1.01981100,1
1506889365,22623926,253.38,5.28663607,0
1506889365,22623925,253.37,0.80000000,0
1506889365,22623924,253.37,0.80752000,0
1506889353,22623908,253.38,0.81924382,0
1506889352,22623905,253.37,0.94000000,1
1506889352,22623904,253.37,0.24067000,0
1506889290,22623868,252.80,4.20000000,1
1506889240,22623848,253.00,1.00000000,1
1506889238,22623844,253.18,3.10466253,1
1506889238,22623843,253.22,18.12785747,1
1506889145,22623815,253.22,0.74140100,1
1506889144,22623814,253.22,5.99658000,1
1506889143,22623813,253.22,1.20270000,1
1506889115,22623805,253.22,3.93146153,1
1506889115,22623804,253.22,6.85896547,1
1506888966,22623714,253.22,3.10473100,1
1506888966,22623713,253.22,10.03630353,1
1506888966,22623712,253.26,3.10424100,1
1506888965,22623711,253.29,0.25800047,1
1506888965,22623710,253.29,22.63830100,1
1506888949,22623704,253.29,0.01950000,1
1506888949,22623703,253.31,0.23850000,1
1506888942,22623700,253.33,0.21474200,1
1506888905,22623695,253.30,0.00217000,1
1506888905,22623694,253.48,3.09949000,1
1506888898,22623693,253.48,0.00374300,1
1506888897,22623692,253.66,5.35191700,1
1506888878,22623689,253.66,1.74213000,1
1506888853,22623683,253.66,8.25900000,1
1506888849,22623682,253.66,0.14973300,1
1506888840,22623680,253.66,1.28000000,1
1506888827,22623678,253.66,0.06529600,1
1506888825,22623677,253.66,5.81192400,1
1506888765,22623669,253.29,0.10000000,1
1506888755,22623665,253.29,0.10000000,1
1506888745,22623664,253.29,0.10000000,1
1506888743,22623663,253.29,12.02279453,1
1506888743,22623662,254.03,0.02000000,1
1506888607,22623637,253.29,2.76140400,1
1506888605,22623634,253.30,3.94600100,1
1506888423,22623576,253.32,0.64343901,1
1506888422,22623575,253.33,1.00000000,1
1506888422,22623574,253.39,0.31500000,1
1506888387,22623567,253.39,1.44952954,1
1506888387,22623566,253.78,0.24228614,1
1506888330,22623521,253.78,6.25156700,1
1506888318,22623518,253.78,0.32920246,1
1506888318,22623517,253.78,0.00603675,1
1506888318,22623515,253.79,10.72000000,1
1506888310,22623513,253.78,0.17090765,1
1506888310,22623511,254.15,0.07137835,1
1506888257,22623498,254.15,2.38059086,1
1506888256,22623496,254.15,0.03998000,1
1506888247,22623489,254.11,3.48475100,0
1506888247,22623488,253.78,10.02329979,0
1506888213,22623480,253.29,1.03000000,1
1506888185,22623473,253.48,0.14133000,1
1506888135,22623463,254.13,3.59816394,0
1506888135,22623462,254.12,0.23980000,0
1506888084,22623444,253.39,1.83984288,1
1506888084,22623443,253.39,0.07378631,1
1506888076,22623441,254.17,3.42790632,1
1506888076,22623439,254.17,0.31500000,0
1506888074,22623438,254.16,0.09528272,0
1506887936,22623387,253.29,0.66833219,1
1506887936,22623386,253.29,0.31500000,1
1506887812,22623325,253.05,0.02132663,1
1506887812,22623324,253.47,12.40513816,1
1506887807,22623323,253.47,0.00289284,1
1506887807,22623321,253.60,0.97999785,1
1506887807,22623319,253.61,0.23980000,1
1506887753,22623284,253.60,0.02000215,1
1506887752,22623280,253.61,0.03017268,1
1506887747,22623273,253.61,0.35305989,1
1506887723,22623261,253.61,0.80082957,1
1506887679,22623254,254.20,4.20000000,1
1506887619,22623210,254.20,0.15000000,0
1506887619,22623209,254.20,0.15000000,0
1506887282,22623143,254.16,3.10339393,0
1506887282,22623142,254.14,0.83261324,0
1506887282,22623141,254.14,0.34997683,0
1506887267,22623138,254.10,0.32486732,0
1506887260,22623125,254.10,0.31462752,0
1506887259,22623124,254.11,1.46845644,0
1506887259,22623123,254.10,0.15000000,0
1506887258,22623122,254.10,0.15000000,0
1506887258,22623121,254.03,0.32673746,0
1506887258,22623120,254.02,0.07947520,0
1506887258,22623119,254.01,0.17676448,0
1506887258,22623118,254.01,0.12677210,0
1506887258,22623117,254.01,0.02322790,0
1506887235,22623105,254.00,10.00000000,0
1506887235,22623104,254.00,6.01805668,0
1506887235,22623103,254.00,13.68717740,0
1506887235,22623102,254.00,0.15000000,0
1506887235,22623101,254.00,0.57447754,0
1506887166,22623095,253.35,0.51418892,1
1506886932,22623013,254.00,0.42552246,0
1506886931,22623011,253.99,0.07573754,0
1506886641,22622880,253.90,1.15000000,0
1506886641,22622879,253.90,0.15000000,0
1506886457,22622801,253.86,1.40391800,0
1506886456,22622800,253.85,0.21000000,0
1506886438,22622784,253.83,68.99800000,0
1506886438,22622783,253.83,5.20600000,0
1506886435,22622782,253.83,15.23656738,0
1506886221,22622697,253.23,0.39000000,1
1506886219,22622695,253.24,2.50000000,1
1506886214,22622694,253.82,0.25371319,0
1506886117,22622669,253.83,1.36030500,0
1506886117,22622668,253.82,0.25000000,0
1506886117,22622667,253.70,1.00000000,0
1506886045,22622650,253.33,0.45082660,1
1506886045,22622649,253.40,1.00000000,1
1506885978,22622639,253.83,0.11000000,0
1506885978,22622638,253.82,0.30000000,0
1506885878,22622606,253.82,0.05890789,0
1506885800,22622580,253.83,0.36171000,0
1506885797,22622579,253.83,1.42654403,0
1506885797,22622578,253.82,0.36000000,0
1506885617,22622524,253.83,6.17352022,0
1506885617,22622523,253.82,0.43000000,0
1506885611,22622522,253.82,0.50987521,0
1506885611,22622521,253.82,2.65739289,0
1506885526,22622484,253.82,5.72754100,0
1506885502,22622478,253.82,0.53665500,0
1506885498,22622477,253.82,4.41344500,0
1506885454,22622472,253.82,2.48754146,0
1506885230,22622378,253.82,1.72470913,0
1506885230,22622377,253.82,1.14222677,0
1506885230,22622376,253.82,0.50000000,0
1506885228,22622375,253.81,1.93302215,0
1506885190,22622317,253.81,3.38075726,0
1506885156,22622307,253.81,0.17930029,0
1506885150,22622304,253.81,4.50692030,0
1506885150,22622302,253.81,0.80000000,0
1506885150,22622301,253.81,6.06908565,0
1506885150,22622300,253.80,0.17931405,0
1506885149,22622299,253.80,1.28255200,0
1506885137,22622294,253.80,0.17931442,0
1506885024,22622272,253.80,0.06762162,0
1506885023,22622271,253.79,0.27790630,0
1506884899,22622212,253.81,0.09822308,0
1506884878,22622203,253.50,18.68951125,0
1506884865,22622201,253.50,3.00135546,0
1506884858,22622198,253.50,2.24101700,0
1506884816,22622176,253.50,0.04535200,0
1506884793,22622171,253.50,6.10299141,0
1506884777,22622166,253.50,0.69208500,0
1506884736,22622158,253.81,4.97426501,0
1506884695,22622136,253.81,4.19721602,0
1506884695,22622135,253.81,0.76696663,0
1506884659,22622120,253.81,0.03951501,0
1506884590,22622062,253.81,0.02520184,0
1506884534,22622044,253.81,10.00000000,0
1506884479,22622033,253.81,0.86852370,0
1506884416,22622006,253.81,0.12747069,0
1506884416,22622005,253.80,0.05182025,0
1506884415,22622004,253.79,3.59652425,0
1506884356,22621990,253.79,0.34012301,0
1506884356,22621989,253.75,0.03998000,0
1506884240,22621957,253.78,1.07675939,1
1506884238,22621956,253.75,0.03000000,0
1506884238,22621955,253.75,0.09995002,0
1506883990,22621834,253.71,3.10504100,0
1506883990,22621833,253.70,2.63533219,0
1506883990,22621832,253.70,0.50000000,0
1506883990,22621831,253.70,11.03437159,0
1506883817,22621798,252.50,0.63533219,1
1506883817,22621797,252.60,0.10000000,1
1506883817,22621796,252.80,10.83612900,1
1506883817,22621795,252.88,2.67464547,1
1506883817,22621794,253.00,2.00000000,1
1506883817,22621793,253.45,3.04306838,1
1506883817,22621792,253.62,10.84459357,1
1506883777,22621784,253.70,3.00126000,0
1506883687,22621761,253.73,1.88818823,0
1506883687,22621760,253.65,0.10000000,0
1506883687,22621759,253.64,0.12993503,0
1506883685,22621758,253.60,1.81852400,0
1506883677,22621757,253.60,1.56295200,0
1506883668,22621753,253.60,1.61852400,0
1506883668,22621752,253.60,0.10000000,0
1506883668,22621751,253.55,0.10000000,0
1506883609,22621733,253.53,3.07814063,0
1506883609,22621732,253.51,0.03000000,0
1506883609,22621731,253.50,20.00000000,0
1506883609,22621730,253.50,0.10000000,0
1506883609,22621729,253.45,0.02779937,0
1506883606,22621727,253.45,0.15709554,0
1506883606,22621726,253.45,0.10000000,0
1506883605,22621725,253.45,0.54290446,0
1506883592,22621720,253.45,0.49292100,0
1506883524,22621633,253.43,3.10618500,0
1506883524,22621632,253.42,0.13547440,0
1506883524,22621631,253.40,0.10000000,0
1506883524,22621630,253.40,0.74679227,0
1506883524,22621629,253.40,1.00477221,0
1506883524,22621628,253.40,0.34867928,0
1506883524,22621627,253.40,0.56906000,0
1506883523,22621626,253.40,0.09995002,0
1506883501,22621615,253.40,0.09950000,0
1506883501,22621614,253.40,0.92217671,0
1506883501,22621613,253.40,2.15528000,0
1506883501,22621612,253.40,3.69565600,0
1506883489,22621605,253.37,8.27384300,0
1506883489,22621604,253.35,0.10000000,0
1506883489,22621603,253.33,0.19367073,0
1506883488,22621602,253.30,0.10000000,0
1506883485,22621597,253.17,12.07991500,0
1506883477,22621594,253.25,0.35148800,1
1506883477,22621593,253.25,0.10000000,0
1506883477,22621592,253.20,0.07973200,0
1506883476,22621591,253.20,0.10000000,0
1506883476,22621590,253.19,3.14927376,0
1506883476,22621589,253.15,0.10000000,0
1506883476,22621588,253.10,0.10000000,0
1506883476,22621587,253.00,1.01950624,0
1506883475,22621586,253.00,2.54952500,0
1506883474,22621585,253.00,5.64049500,0
1506883471,22621583,253.00,1.01950600,0
1506883460,22621578,253.00,2.54952500,0
1506883429,22621570,253.00,0.96985000,0
1506883414,22621566,253.00,1.60127100,0
1506883406,22621562,253.00,1.05959000,0
1506883368,22621558,253.00,2.48237100,0
1506883360,22621555,252.99,1.00000000,0
1506883343,22621551,253.00,1.10836076,0
1506883342,22621550,253.00,0.10000000,0
1506883342,22621549,252.94,0.32113335,0
1506883342,22621547,252.90,0.10000000,0
1506883342,22621546,252.84,0.28106232,0
1506883335,22621545,252.84,1.19488625,0
1506883335,22621544,252.83,0.07000475,0
1506883312,22621541,252.83,0.17999525,0
1506883235,22621530,252.78,0.39000000,1
1506883206,22621526,252.82,8.87113361,0
1506883204,22621525,252.81,1.19000000,0
1506883160,22621519,252.82,1.58216600,0
1506883151,22621515,252.82,10.91595200,0
1506883150,22621514,252.81,1.41000000,0
1506883136,22621509,252.81,1.49997900,0
1506883136,22621508,252.81,0.18002100,0
1506883136,22621507,252.81,1.22138000,0
1506883113,22621502,252.81,0.17862000,0
1506883113,22621501,252.81,2.00000000,0
1506883057,22621482,252.81,0.74070570,0
1506883057,22621481,252.81,1.00000000,0
1506883057,22621480,252.80,0.22944130,0
1506883053,22621478,252.80,4.26740900,0
1506883027,22621475,252.78,2.00000000,1
1506882975,22621456,252.80,0.28700000,0
1506882943,22621449,252.80,2.00367900,0
1506882896,22621434,252.77,0.82337250,0
1506882856,22621431,252.77,0.17662750,0
1506882856,22621430,252.73,0.12668250,0
1506882813,22621417,252.78,0.11512000,0
1506882739,22621405,252.80,0.31255000,0
1506882671,22621385,252.11,0.75449752,1
1506882671,22621384,252.13,0.24180000,1
1506882669,22621383,252.14,0.14618656,1
1506882662,22621375,252.79,3.05416476,0
1506882518,22621346,252.81,0.02692276,0
1506882506,22621345,252.80,0.07911390,0
1506882506,22621344,252.80,0.07911390,0
1506882506,22621343,252.72,0.07926130,0
1506882505,22621342,252.72,0.39363173,0
1506882465,22621333,252.29,0.12109000,0
1506882446,22621328,252.31,0.04005000,0
1506882441,22621323,252.32,0.04001871,0
1506882438,22621321,252.32,0.04003879,0
1506882108,22621194,252.33,0.07926130,1
1506882021,22621173,252.33,0.39363173,1
1506881804,22621128,252.80,0.02389241,0
1506881799,22621125,252.13,0.57213867,1
1506881797,22621124,252.14,0.24120000,1
1506881487,22621005,252.80,0.50336234,0
1506881435,22620991,252.80,1.58222800,0
1506881435,22620990,252.66,1.00000000,0
1506881097,22620919,252.33,5.63136811,1
1506881095,22620918,252.34,1.16863189,1
1506881008,22620894,252.80,0.99825949,0
1506880991,22620892,252.80,0.38752798,0
1506880961,22620869,252.80,2.62000000,0
1506880943,22620864,252.80,0.18002373,0
1506880811,22620820,252.80,3.31107432,0
1506880811,22620819,252.80,0.10000000,0
1506880811,22620818,252.77,0.39311571,0
1506880801,22620817,252.77,0.02373699,0
1506880510,22620753,252.10,0.08314730,1
1506880494,22620744,252.12,0.41685270,1
1506880454,22620726,252.79,0.69935980,0
1506880452,22620723,252.75,0.30190020,0
1506880179,22620668,252.75,0.72850801,1
1506880178,22620667,252.75,0.41639001,1
1506880176,22620664,252.70,0.10000000,0
1506880176,22620663,252.60,2.02073357,0
1506880175,22620662,252.59,2.77000000,0
1506880173,22620661,252.45,0.00002687,1
1506880172,22620659,252.45,0.16639900,1
1506880171,22620657,252.07,0.16639858,1
1506880171,22620654,252.60,0.01979030,0
1506880171,22620653,252.07,0.98338000,0
1506880169,22620651,252.45,2.93258337,0
1506880166,22620642,252.44,10.00000000,0
1506880086,22620583,252.59,0.32673746,0
1506880083,22620580,252.60,0.10000000,0
1506880083,22620577,252.50,0.10000000,0
1506880083,22620576,252.40,0.10000000,0
1506880082,22620575,252.30,0.10000000,0
1506880082,22620573,252.20,0.10000000,0
1506880082,22620572,252.10,0.00000540,0
1506880040,22620546,252.10,0.56185200,0
1506880023,22620542,252.10,0.04234728,0
1506880023,22620541,252.10,2.00126000,1
1506880017,22620538,252.10,0.39579532,0
1506880016,22620536,252.10,0.20000000,0
1506879998,22620514,252.16,0.67493464,0
1506879979,22620494,252.10,0.10000000,0
1506879978,22620492,252.04,0.94700149,0
1506879973,22620488,252.00,0.20000000,1
1506879972,22620487,252.01,0.20091692,0
1506879971,22620485,252.01,0.82819308,0
1506879971,22620484,252.00,0.18000000,0
1506879965,22620479,252.00,4.19762066,0
1506879964,22620473,252.00,1.94391993,0
1506879961,22620466,251.35,0.24100000,1
1506879958,22620458,252.01,0.34235012,1
1506879958,22620455,252.01,7.59904098,1
1506879958,22620453,252.01,3.86645377,1
1506879958,22620449,252.01,0.98434725,1
1506879956,22620446,252.01,0.79004801,1
1506879956,22620445,252.01,0.80372763,1
1506879956,22620442,252.01,0.01337096,1
1506879955,22620441,252.01,0.34211562,1
1506879955,22620440,252.01,0.56799100,1
1506879955,22620436,251.15,0.10000000,0
1506879955,22620433,251.05,0.10000000,0
1506879954,22620427,251.04,2.54403242,0
1506879953,22620423,251.04,0.49306945,0
1506879953,22620419,250.95,0.10000000,0
1506879953,22620417,250.75,0.04187950,0
1506879952,22620414,250.75,0.05812050,0
1506879952,22620411,250.65,0.10000000,0
1506879952,22620409,250.55,0.02179300,0
1506879951,22620404,250.18,0.10000000,1
1506879951,22620401,250.55,0.07820700,0
1506879951,22620400,250.45,0.10000000,0
1506879950,22620399,250.30,0.10000000,0
1506879950,22620389,250.18,0.56478503,1
1506879947,22620369,250.25,0.10000000,0
1506879946,22620365,250.16,0.24236702,1
1506879946,22620361,250.16,1.70000000,1
1506879943,22620336,250.15,0.10000000,0
1506879942,22620326,249.74,0.33235526,0
1506879939,22620308,247.61,2.10000000,0
1506879939,22620306,247.61,5.71405617,0
1506879939,22620304,247.68,0.29919111,1
1506879939,22620303,247.68,12.50867200,0
1506879939,22620301,247.68,4.63033433,0
1506879938,22620299,247.70,1.15000000,1
1506879938,22620297,247.70,57.13678000,0
1506879938,22620296,247.70,1.45082660,0
1506879938,22620294,247.70,0.25983276,0
1506879938,22620292,247.70,47.67360000,0
1506879937,22620291,247.70,1.04182001,0
1506879937,22620286,247.75,0.40360000,1
1506879936,22620283,247.78,0.10000000,1
1506879936,22620280,247.78,0.43000000,0
1506879936,22620279,247.78,0.18321256,0
1506879936,22620278,247.78,38.99706500,0
1506879935,22620275,247.78,55.09221500,0
1506879935,22620274,247.78,77.70000000,0
1506879935,22620272,247.78,33.46050200,0
1506879935,22620270,247.78,16.98751400,0
1506879935,22620268,247.78,25.83000000,0
1506879934,22620267,247.78,13.31169900,0
1506879934,22620266,247.78,0.27224028,0
1506879934,22620264,247.78,1.78677000,0
1506879933,22620259,248.00,2.00000000,1
1506879933,22620255,248.00,4.03511779,1
1506879933,22620253,248.00,0.10000000,1
1506879933,22620250,248.00,0.30000000,1
1506879932,22620247,248.00,0.26000000,1
1506879932,22620245,248.10,0.10000000,1
1506879932,22620243,248.10,77.70000000,0
1506879932,22620241,248.10,0.67096081,0
1506879932,22620240,248.10,0.27875000,0
1506879931,22620236,248.13,0.40273244,1
1506879931,22620235,248.13,1.47594857,1
1506879931,22620230,248.20,0.10000000,1
1506879930,22620228,248.20,8.18626202,0
1506879930,22620225,248.20,0.06821885,0
1506879930,22620224,248.20,0.33235526,0
1506879930,22620223,248.20,1.00000000,0
1506879929,22620218,248.28,0.63120463,1
1506879929,22620215,248.30,0.10000000,1
1506879929,22620211,248.30,0.50000000,0
1506879929,22620208,248.30,4.98000000,0
1506879928,22620202,248.30,3.10436200,0
1506879928,22620193,248.36,0.10000000,1
1506879927,22620189,248.39,0.07971300,1
1506879927,22620188,248.39,0.43000000,0
1506879927,22620186,248.40,0.10000000,1
1506879926,22620184,248.42,0.07970350,1
1506879926,22620182,248.42,1.91153807,0
1506879926,22620180,248.50,0.10000000,1
1506879926,22620179,248.50,3.00000000,1
1506879925,22620176,248.51,13.59660175,1
1506879925,22620174,248.51,0.03000000,1
1506879925,22620171,248.51,0.02000000,0
1506879925,22620169,248.60,0.10000000,1
1506879925,22620168,248.60,2.93459556,1
1506879924,22620166,248.64,0.10000000,1
1506879924,22620164,248.70,1.91957860,1
1506879924,22620162,248.80,1.00000000,1
1506879924,22620160,248.80,0.10000000,1
1506879923,22620158,248.85,31.73244812,1
1506879923,22620155,248.90,2.93258337,1
1506879923,22620154,248.90,0.10000000,1
1506879922,22620152,248.97,0.04847000,1
1506879922,22620150,249.00,2.00000000,1
1506879922,22620148,249.00,113.85847121,1
1506879922,22620147,249.00,10.00000000,1
1506879921,22620145,249.00,40.02287490,1
1506879921,22620144,249.00,0.10000000,1
1506879921,22620142,249.36,0.61904771,1
1506879921,22620140,249.61,0.07932420,1
1506879920,22620137,249.73,2.00000000,1
1506879920,22620135,249.95,143.28400000,1
1506879920,22620133,250.00,2.00000000,1
1506879920,22620131,250.00,0.41639001,1
1506879919,22620130,250.00,1.00000000,1
1506879919,22620129,250.00,0.79000000,1
1506879919,22620127,250.00,0.10000000,1
1506879919,22620126,250.00,20.00000000,1
1506879919,22620125,250.00,2.04052387,1
1506879919,22620123,250.00,2.00000000,1
1506879918,22620122,250.10,0.10000000,1
1506879918,22620121,250.10,2.03592351,1
1506879918,22620120,250.11,14.23292436,0
1506879918,22620119,250.11,3.10370200,0
1506879917,22620118,250.20,0.10000000,1
1506879917,22620114,250.24,1.20000000,1
1506879917,22620113,250.24,0.47000000,0
1506879916,22620112,250.26,1.00000000,1
1506879916,22620109,250.30,0.50000000,1
1506879916,22620108,250.30,0.10000000,1
1506879916,22620106,250.30,1.13000000,0
1506879916,22620105,250.30,3.97000000,0
1506879915,22620104,250.40,0.50000000,1
1506879915,22620103,250.40,0.10000000,1
1506879915,22620102,250.50,0.10000000,1
1506879915,22620101,250.50,5.62000000,0
1506879914,22620100,250.60,0.10000000,1
1506879914,22620099,250.69,0.07973200,1
1506879914,22620098,250.69,0.99251546,0
1506879913,22620097,250.70,0.10000000,1
1506879913,22620096,250.80,0.10000000,1
1506879913,22620095,250.80,3.97000000,0
1506879913,22620094,250.90,0.25000000,1
1506879913,22620093,250.90,0.10000000,1
1506879912,22620092,251.00,2.00000000,1
1506879912,22620091,251.00,0.10000000,1
1506879912,22620090,251.00,0.10000000,1
1506879912,22620089,251.10,0.10000000,1
1506879911,22620088,251.11,1.27000000,1
1506879911,22620087,251.11,0.64435266,0
1506879911,22620086,251.16,0.10000000,1
1506879911,22620085,251.20,1.00000000,1
1506879911,22620084,251.20,0.10000000,1
1506879910,22620083,251.30,0.10000000,1
1506879910,22620082,251.40,0.10000000,1
1506879910,22620081,251.40,3.09219560,0
1506879909,22620080,251.41,6.34000000,1
1506879909,22620079,251.50,1.80000000,1
1506879909,22620077,251.51,6.55415351,1
1506879908,22620075,251.68,2.19545000,0
1506879908,22620073,251.82,1.00000000,1
1506879908,22620071,252.03,12.41320900,0
1506879907,22620068,252.08,3.31803983,1
1506879907,22620066,252.17,10.95000000,0
1506879907,22620065,252.17,0.46000000,1
1506879905,22620064,252.60,0.87609501,1
1506879905,22620063,252.60,1.96000000,1
1506879886,22620042,253.00,0.07000000,0
1506879832,22620023,253.00,0.36035573,0
1506879643,22619952,253.00,0.01375300,0
1506879643,22619951,252.99,3.67000000,0
1506879643,22619950,252.99,0.29265700,0
1506879638,22619949,252.99,3.67734300,0
1506879550,22619934,253.00,0.27936188,0
1506879550,22619933,253.00,0.08299812,0
1506879497,22619921,253.00,0.32895456,0
1506879497,22619920,253.00,0.15000000,0
1506879496,22619919,252.90,0.17895058,0
1506879458,22619911,252.90,1.24899814,0
1506879458,22619910,252.90,0.06737197,0
1506879433,22619877,252.90,0.76776905,0
1506879355,22619863,252.90,0.40250000,0
1506879341,22619858,252.90,2.31921708,0
1506879336,22619855,252.90,1.94876700,0
1506879336,22619853,252.90,0.21410000,0
1506879293,22619843,252.90,0.50061000,0
1506879275,22619833,252.90,0.81715779,0
1506879273,22619832,252.90,1.92510155,0
1506879273,22619831,252.80,3.51874675,0
1506879272,22619830,252.78,0.42518570,0
1506879272,22619828,252.78,4.74986800,0
1506879270,22619824,252.78,2.52012000,0
1506879269,22619823,252.78,0.18041930,0
1506879075,22619744,252.80,0.21380000,0
1506879074,22619743,252.80,0.19200000,0
1506879038,22619726,252.80,0.97200000,0
1506878972,22619673,252.80,2.41742525,0
1506878971,22619671,252.80,2.68602800,0
1506878763,22619630,252.96,2.99691651,0
1506878582,22619540,252.87,0.18019000,1
1506878433,22619503,252.76,4.08171306,0
1506878381,22619493,252.76,0.07729000,0
1506878331,22619486,252.80,0.02088608,0
1506877929,22619386,252.56,3.97329926,0
1506877926,22619382,252.56,3.98131285,0
1506877798,22619355,252.57,4.06604110,0
1506877562,22619290,252.50,1.00000000,1
1506877415,22619254,252.39,0.00611547,0
1506877415,22619253,252.38,0.39000000,0
1506877297,22619185,252.40,0.05927100,0
1506877221,22619159,252.37,1.88381440,0
1506877221,22619158,252.37,0.24140000,0
1506877207,22619152,251.40,2.14797925,0
1506877207,22619151,251.50,0.10000000,1
1506877207,22619150,251.50,0.10000000,1
1506877205,22619149,251.70,0.07930075,1
1506877205,22619148,251.70,0.90000000,1
1506877194,22619142,252.39,0.38552098,0
1506877133,22619123,251.51,0.94056017,0
1506877133,22619122,251.51,3.31803983,0
1506877132,22619121,251.60,0.10000000,1
1506877132,22619120,251.61,0.24140000,1
1506877132,22619119,251.70,0.10000000,1
1506877131,22619118,251.80,0.10000000,1
1506877131,22619117,251.90,0.10000000,1
1506877130,22619116,252.00,0.10000000,1
1506877077,22619107,252.99,0.65010474,1
1506877076,22619106,252.61,2.72149054,0
1506876827,22619032,252.69,1.15697330,0
1506876825,22619029,252.70,2.22112001,1
1506876814,22619010,252.78,3.93043991,1
1506876797,22618998,252.78,0.03956009,1
1506876786,22618994,252.70,0.03957262,1
1506876637,22618930,252.85,0.02157000,0
1506876547,22618919,252.91,0.54522334,0
1506876522,22618910,252.90,0.02717675,0
1506876489,22618905,252.89,0.02000000,0
1506876471,22618903,252.87,0.39447147,0
1506876451,22618899,252.88,2.09977064,0
1506876386,22618879,252.94,2.00162100,0
1506876385,22618878,252.90,0.15000000,0
1506876373,22618873,252.90,1.85000000,0
1506876373,22618872,252.90,0.10363332,0
1506876373,22618871,252.90,0.04636668,0
1506876373,22618870,252.80,0.15000000,0
1506876365,22618866,252.70,19.81492486,0
1506876362,22618865,252.65,0.44000000,0
1506876350,22618861,252.65,1.97887000,0
1506876349,22618860,252.64,0.02000000,1
1506876253,22618828,252.67,0.39517948,0
1506876178,22618816,252.69,0.39514821,0
1506876123,22618801,252.69,1.97574103,1
1506876113,22618796,252.70,9.54481000,0
1506876104,22618784,252.70,0.39513257,0
1506876096,22618782,252.70,0.24513257,0
1506876096,22618781,252.70,0.15000000,0
1506876083,22618777,252.69,0.39514820,0
1506876028,22618750,252.69,0.35723350,0
1506876021,22618744,252.68,1.95356161,0
1506875972,22618722,252.68,1.00672788,0
1506875879,22618697,252.68,0.42271000,0
1506875526,22618586,252.18,0.00023820,1
1506875526,22618585,252.25,0.34067580,1
1506875497,22618579,252.59,2.45819000,1
1506875496,22618578,252.59,1.29503057,1
1506875496,22618577,252.62,0.09849943,1
1506875441,22618562,252.62,0.02150057,0
1506875440,22618561,252.62,0.12000000,0
1506875439,22618560,252.62,0.12000000,0
1506875438,22618559,252.62,1.00000000,0
1506875437,22618558,252.62,0.12000000,0
1506875436,22618557,252.62,0.12000000,0
1506875435,22618556,252.62,0.12000000,0
1506875434,22618555,252.62,0.12000000,0
1506875434,22618554,252.62,0.12000000,0
1506875433,22618553,252.62,0.10126000,0
1506875433,22618552,252.62,0.12000000,0
1506875432,22618550,252.62,0.12000000,0
1506875431,22618549,252.59,0.12000000,1
1506875218,22618470,252.62,0.19723943,0
1506875167,22618451,252.59,3.97000000,1
1506875166,22618450,252.60,0.29902700,0
1506875144,22618446,252.55,1.97485646,0
1506875101,22618435,252.62,1.97450716,0
1506875014,22618417,252.45,1.88339801,0
1506874971,22618411,252.45,0.46000000,0
1506874918,22618403,252.45,0.50000000,0
1506874881,22618396,252.13,0.07932420,0
1506874522,22618252,252.13,1.00415000,1
1506874109,22618164,251.97,0.63943260,0
1506874093,22618160,251.68,0.19506091,1
1506874092,22618159,251.67,1.00696000,0
1506874092,22618158,251.67,0.05285700,0
1506874084,22618153,251.67,1.06379300,0
1506874084,22618152,251.66,0.48260000,0
1506873734,22618023,250.69,1.15008400,1
1506873686,22618010,250.01,13.64468329,1
1506873686,22618009,250.01,16.86043155,0
1506873685,22618008,250.02,14.23292436,0
1506873685,22618007,250.44,0.22311159,1
1506873685,22618006,250.45,1.10000000,0
1506873685,22618005,250.73,4.95221486,0
1506873684,22618004,250.78,12.62364572,1
1506873684,22618003,250.92,0.46000000,1
1506873684,22618002,250.97,2.00753491,1
1506873684,22618001,250.97,5.51000000,0
1506873683,22618000,250.99,1.50051140,1
1506873683,22617999,251.16,1.22000000,1
1506873683,22617998,251.30,3.31803983,0
1506873682,22617996,251.31,10.95000000,0
1506873682,22617995,251.31,1.18660572,0
1506873682,22617994,251.47,3.10198000,1
1506873682,22617993,251.47,5.00000000,0
1506873682,22617992,251.47,0.24140000,0
1506873681,22617991,251.50,0.07947520,1
1506873681,22617990,251.58,6.08000000,1
1506873681,22617989,251.59,0.24120000,1
1506873680,22617988,251.84,0.11180514,1
1506873680,22617987,252.25,0.01873916,1
1506873680,22617986,252.35,0.61929783,1
1506873678,22617985,252.60,0.00676410,1
1506873528,22617939,252.60,0.17000000,1
1506873493,22617930,252.69,1.92430360,0
1506873422,22617909,252.60,1.63594452,1
1506873422,22617908,252.65,0.17676448,1
1506873421,22617907,252.65,0.12677210,0
1506873420,22617906,252.65,0.02322790,0
1506873419,22617904,252.60,0.15000000,0
1506873418,22617903,252.59,1.46748959,0
1506873418,22617902,252.55,0.15000000,0
1506873418,22617901,252.50,0.15000000,0
1506873418,22617900,252.46,0.32865516,0
1506873418,22617899,252.45,0.15000000,0
1506873418,22617898,252.44,2.82000000,0
1506873387,22617892,252.40,0.57600000,1
1506873371,22617881,252.35,0.75583500,1
1506873369,22617880,252.35,0.00579362,0
1506873369,22617879,252.35,0.04685423,0
1506873354,22617875,252.25,0.06049974,0
1506873294,22617865,252.25,0.60000000,0
1506873073,22617825,252.24,3.84702988,0
1506872753,22617777,252.20,0.07923890,0
1506872351,22617688,252.25,1.00126000,0
1506872184,22617640,252.34,0.75073313,1
1506872182,22617638,252.29,0.24150000,0
1506872055,22617614,251.50,0.85799785,1
1506872055,22617613,251.51,0.24150000,1
1506872036,22617588,252.35,0.09735215,0
1506872026,22617587,252.25,0.15000000,0
1506872026,22617586,252.23,0.47000000,0
1506872026,22617585,252.15,0.15000000,0
1506872026,22617584,251.99,0.03974537,0
1506872026,22617583,251.99,0.83518081,0
1506871951,22617567,251.99,3.15438227,0
1506871888,22617543,251.99,0.01043692,0
1506871887,22617542,251.98,1.96888597,0
1506871812,22617520,251.99,1.86420096,1
1506871812,22617519,251.95,0.15000000,0
1506871811,22617518,251.85,0.08601895,0
1506871811,22617517,251.85,0.06398105,0
1506871809,22617516,251.83,1.85495307,0
1506871565,22617462,251.83,0.27385000,0
1506871551,22617449,251.83,0.07937100,0
1506871550,22617448,251.83,0.94567000,0
1506871207,22617320,251.05,1.99294153,0
1506871205,22617318,251.35,0.03974537,1
1506871047,22617261,251.83,1.75900000,0
1506871047,22617260,251.82,0.24100000,0
1506870993,22617241,251.83,1.58440217,0
1506870863,22617206,251.03,0.24100000,1
1506870861,22617205,251.85,2.45347270,1
1506870860,22617204,251.83,0.08016370,0
1506870860,22617202,251.76,0.08018620,0
1506870859,22617201,251.75,0.01461188,0
1506870859,22617200,251.75,0.13538812,0
1506870859,22617199,251.65,0.15000000,0
1506870857,22617198,251.02,0.94735446,0
1506870709,22617140,251.02,1.33122620,0
1506870706,22617137,251.01,0.35335058,1
1506870610,22617039,251.00,5.00000000,0
1506870609,22617037,250.99,0.04000000,1
1506870605,22617036,251.00,0.03983905,0
1506870604,22617034,250.99,0.34000000,1
1506870603,22617033,250.99,0.07964638,1
1506870591,22617022,251.00,0.29828403,1
1506870549,22617006,251.01,0.03983905,1
1506870538,22616992,250.99,0.03984222,0
1506870525,22616967,250.97,0.03984540,1
1506870493,22616954,250.97,5.05993142,1
1506870481,22616949,250.97,0.03984540,1
1506870394,22616891,250.98,0.03984381,0
1506870348,22616873,250.97,0.03984540,1
1506870330,22616862,250.97,0.07973065,1
1506870320,22616856,250.97,0.03984540,1
1506870313,22616851,250.97,0.21752875,1
1506870312,22616847,250.97,0.14521546,1
1506870291,22616838,250.98,0.03984381,0
1506870269,22616832,250.97,0.03984381,1
1506870216,22616824,250.98,0.03984381,1
1506869585,22616602,251.55,0.98311007,0
1506869585,22616601,251.55,0.02337901,0
1506869584,22616600,251.55,0.12662099,0
1506869584,22616599,251.49,0.03976301,0
1506869584,22616598,251.49,0.26586706,0
1506869584,22616597,251.28,0.03979624,0
1506869351,22616528,251.48,1.82900986,0
1506869236,22616500,251.51,0.38976581,0
1506869236,22616499,251.49,0.08027310,0
1506869235,22616498,251.45,0.15000000,0
1506869235,22616497,251.41,0.03977567,0
1506869235,22616496,251.41,0.30004468,0
1506869233,22616495,251.30,0.03979308,0
1506869195,22616489,251.30,1.96145584,0
1506869193,22616488,251.23,0.03980416,0
1506869189,22616486,251.05,0.03983270,1
1506869165,22616478,251.05,0.03983270,1
1506869080,22616435,250.98,0.00017765,0
1506869079,22616434,250.98,3.30158835,1
1506869074,22616432,250.98,0.02390629,1
1506868996,22616416,250.98,0.03984381,1
1506868988,22616413,250.98,1.54948494,1
1506868960,22616393,250.98,0.03984381,1
1506868940,22616390,251.32,1.01034537,0
1506868938,22616389,251.32,2.55316863,0
1506868937,22616388,251.05,0.15000000,0
1506868934,22616387,251.00,0.03984064,0
1506868934,22616386,251.00,0.08285354,0
1506868917,22616374,250.98,0.24260000,1
1506868916,22616373,250.98,0.03984381,1
1506868903,22616371,250.98,0.10305566,0
1506868830,22616358,250.77,0.03987718,1
1506868789,22616354,250.77,0.03987718,1
1506868738,22616342,250.77,0.03987718,1
1506868710,22616334,250.77,0.03987718,1
1506868682,22616323,250.77,2.61463300,1
1506868682,22616322,250.78,0.24260000,1
1506868359,22616182,250.71,0.86642572,1
1506868193,22616139,251.00,1.95563962,0
1506868191,22616138,250.90,1.71326617,0
1506868074,22616094,250.90,1.19270626,0
1506868051,22616080,250.90,0.51418892,0
1506868016,22616061,250.90,0.32893828,0
1506867973,22616020,250.60,1.27310163,1
1506867960,22616017,250.90,1.27819848,0
1506867958,22616015,250.89,3.89294540,0
1506867945,22616010,250.89,0.10705460,0
1506867873,22615990,250.90,0.19473824,0
1506867812,22615905,250.90,0.31074008,0
1506867812,22615904,250.90,0.07971300,0
1506867706,22615821,250.80,1.98863636,0
1506867635,22615724,250.25,5.53277643,0
1506867593,22615684,250.25,1.98208668,0
1506867555,22615666,250.25,0.30000000,0
1506867555,22615665,250.24,0.14000000,0
1506867504,22615632,249.99,3.95000000,1
1506867504,22615631,250.25,2.22586869,0
1506867503,22615630,249.99,3.95000000,1
1506867421,22615613,250.25,0.17602427,0
1506867420,22615612,250.00,0.13914539,0
1506867418,22615611,249.99,7.06000000,0
1506867256,22615581,250.00,2.01982621,0
1506867256,22615580,250.00,1.86108428,0
1506867195,22615554,250.00,3.13891572,0
1506867195,22615553,250.00,0.18836428,0
1506867151,22615471,250.00,0.40991500,0
1506867144,22615461,250.00,1.17462300,0
1506867118,22615432,250.00,1.00000000,0
1506867098,22615412,250.00,0.33259000,0
1506867053,22615362,250.00,1.75836000,0
1506867048,22615358,250.00,3.95000000,0
1506867047,22615357,250.00,3.95000000,0
1506866929,22615332,250.00,0.39207823,0
1506866915,22615329,250.00,1.43764000,0
1506866907,22615326,250.00,6.85479724,0
1506866900,22615321,249.99,1.37230624,0
1506866893,22615319,249.73,0.20626196,0
1506866866,22615311,249.71,0.12000000,0
1506866866,22615309,249.71,0.66426724,1
1506866844,22615300,249.72,0.87020206,1
1506866842,22615296,249.71,0.18087171,0
1506866840,22615295,249.72,0.20608680,0
1506866840,22615294,249.72,0.22901649,0
1506866837,22615276,249.72,0.20608680,0
1506866717,22615204,249.47,7.10861462,1
1506866717,22615203,249.73,0.00001564,1
1506866716,22615200,249.73,0.42998436,1
1506866712,22615191,250.00,0.20548000,0
1506866711,22615189,250.00,0.40703264,0
1506866597,22615136,249.41,0.02016000,1
1506866597,22615135,250.19,0.70000000,1
1506866582,22615129,250.52,0.01931981,1
1506866580,22615127,250.30,0.24360000,0
1506866539,22615109,249.41,1.44282043,1
1506866474,22615080,250.24,2.01274000,0
1506866388,22615056,250.22,0.27000563,1
1506866388,22615055,250.22,0.22999437,0
1506866361,22615044,249.40,0.71309806,1
1506866361,22615043,249.41,0.24360000,1
1506866361,22615042,249.45,0.50000000,1
1506866300,22614995,250.28,1.45065526,1
1506866298,22614994,249.85,0.54245836,0
1506865678,22614766,249.36,0.21575229,1
1506865623,22614715,249.81,1.56392553,0
1506865623,22614714,249.36,3.95000000,0
1506865623,22614713,249.36,0.48632375,0
1506865256,22614565,250.18,0.54200975,1
1506865256,22614564,249.85,3.54000000,0
1506865255,22614563,249.71,12.45571400,0
1506865255,22614562,249.34,0.33648829,0
1506865255,22614561,249.34,0.38217647,0
1506865254,22614560,249.31,1.00000000,0
1506865254,22614559,249.30,2.00000000,0
1506865254,22614558,249.29,0.56648883,0
1506865252,22614557,249.27,3.89000000,0
1506865252,22614556,249.27,0.05603967,0
1506865213,22614539,249.27,3.89396033,0
1506865155,22614521,248.69,0.08042140,0
1506865125,22614514,248.69,1.60000000,1
1506865085,22614500,249.29,0.43351117,0
1506865085,22614499,249.08,1.00000000,0
1506865083,22614497,248.92,0.20000000,0
1506865083,22614495,248.92,0.29985007,0
1506865083,22614494,248.92,0.07981009,0
1506864929,22614401,248.92,0.30000000,1
1506864911,22614387,248.92,0.20000000,0
1506864899,22614359,248.97,0.08126000,0
1506864876,22614343,248.60,1.06540444,1
1506864876,22614342,248.70,3.11372000,1
1506864876,22614341,248.70,0.08000000,1
1506864644,22614251,248.73,0.20777233,1
1506864612,22614234,248.70,0.92000000,1
1506864612,22614233,248.72,0.08000000,1
1506864555,22614200,249.25,0.08018620,0
1506864521,22614185,249.27,1.54651582,0
1506864521,22614184,249.22,0.24460000,0
1506864520,22614183,248.91,0.10004641,0
1506864519,22614182,248.91,0.11004753,0
1506864508,22614170,248.52,5.00000000,1
1506864456,22614133,248.62,0.20000000,0
1506864456,22614132,248.62,0.24460000,0
1506864455,22614127,248.63,4.13954718,0
1506864454,22614125,249.00,0.08027310,1
1506864454,22614124,249.02,0.09739972,1
1506864452,22614117,249.02,0.90260028,1
1506864299,22614053,249.16,0.14672047,1
1506864299,22614051,249.16,0.24390000,0
1506864114,22613952,249.01,0.68619734,0
1506864013,22613924,249.01,8.02000000,1
1506863882,22613868,249.00,0.19678456,1
1506863882,22613867,249.00,0.15000000,1
1506863882,22613866,249.00,0.30623418,1
1506863882,22613865,249.00,0.63103826,1
1506863880,22613864,249.00,1.36896174,1
1506863880,22613863,249.00,0.34995026,1
1506863880,22613862,249.01,0.24390000,1
1506863827,22613829,249.04,1.87717957,0
1506863803,22613820,249.04,1.12282043,0
1506863803,22613819,249.03,0.32000000,0
1506863691,22613748,249.34,0.40017647,0
1506863680,22613738,249.01,2.58787700,1
1506863661,22613709,249.00,0.00004974,1
1506863661,22613706,249.29,0.32000000,1
1506863661,22613705,249.34,0.08016370,1
1506863661,22613703,249.34,0.25627656,1
1506863661,22613701,249.35,0.20000000,1
1506863631,22613687,249.55,1.45999981,1
1506863631,22613686,249.55,0.48554619,1
1506863631,22613685,249.79,0.53000000,1
1506863630,22613684,249.79,0.47226000,1
1506863629,22613683,249.79,0.33774000,0
1506863628,22613682,249.78,0.20000000,0
1506863627,22613681,249.55,1.00000000,1
1506863558,22613633,249.55,2.46445381,0
1506863557,22613627,249.55,0.53000000,0
1506863557,22613623,249.34,0.18999836,1
1506863557,22613619,249.55,1.44000000,1
1506863557,22613616,249.55,1.98000000,1
1506863556,22613615,249.55,0.53254593,1
1506863531,22613572,249.55,1.44162789,1
1506863519,22613566,249.55,1.97582618,1
1506863472,22613543,249.55,3.95000000,1
1506863421,22613500,250.05,0.65231511,1
1506863419,22613499,250.04,0.20000000,0
1506863418,22613497,249.39,2.50000000,1
1506863418,22613496,249.39,0.20000000,1
1506863327,22613467,249.34,5.53002720,1
1506863327,22613466,249.36,0.32000000,1
1506863327,22613465,249.37,0.20000000,1
1506863253,22613437,250.24,1.09464600,0
1506863251,22613435,249.94,0.80000000,1
1506863250,22613433,249.66,0.51368800,0
1506863249,22613431,249.34,5.70866700,1
1506863249,22613430,249.34,0.14270875,1
1506863249,22613429,249.35,4.49294125,1
1506863249,22613428,249.35,0.63705875,1
1506863248,22613427,249.64,0.06436000,1
1506863247,22613421,249.66,1.00000000,1
1506863247,22613418,249.80,0.51368799,1
1506863247,22613416,250.09,1.68072889,1
1506863247,22613415,250.09,1.42885411,1
1506863246,22613413,250.24,3.63843489,1
1506863230,22613365,250.25,0.04668100,1
1506863225,22613363,250.25,0.50341500,1
1506863208,22613348,250.25,0.24827700,1
1506863201,22613341,250.24,0.07822000,1
1506863194,22613335,250.24,0.25022400,1
1506863096,22613261,250.24,0.03312111,0
1506863082,22613253,249.80,0.09318000,1
1506862996,22613219,250.27,0.01989851,0
1506862776,22613126,250.89,1.73874752,1
1506862775,22613125,250.89,0.20000000,0
1506862752,22613103,250.90,0.30126000,0
1506862703,22613041,250.58,0.10759039,0
1506862642,22613014,249.80,0.39313201,1
1506862642,22613013,249.94,0.31900000,1
1506862642,22613012,249.94,0.20000000,1
1506862466,22612807,251.43,57.73754126,0
1506862466,22612805,251.42,1.50000000,1
1506862466,22612802,251.40,10.00000000,0
1506862465,22612800,251.35,0.15000000,0
1506862465,22612799,251.35,8.51469207,1
1506862465,22612798,251.25,0.15000000,0
1506862465,22612796,251.23,5.00000000,0
1506862464,22612795,251.15,0.15000000,0
1506862464,22612794,251.11,0.64861138,0
1506862464,22612793,251.02,12.43598500,1
1506862463,22612792,250.93,0.07970350,0
1506862463,22612791,250.86,0.24290000,0
1506862462,22612790,250.66,3.18304306,0
1506862462,22612789,250.55,3.31804009,0
1506862462,22612788,250.52,0.31900000,0
1506862461,22612786,250.49,0.20000000,1
1506862460,22612785,250.49,1.55325791,0
1506862319,22612643,249.98,3.43810000,1
1506862318,22612642,249.99,0.24290000,1
1506862318,22612641,250.00,0.31900000,1
1506862060,22612495,250.93,6.05002720,0
1506862048,22612486,249.90,4.00000000,0
1506862048,22612485,249.89,0.08003520,0
1506862048,22612484,249.80,1.56114144,0
1506862047,22612483,249.80,5.00000000,0
1506862041,22612460,249.80,2.20559000,0
1506862025,22612457,249.80,2.00000000,0
1506862016,22612452,249.80,2.00000000,0
1506862012,22612450,249.80,1.44162789,0
1506862008,22612449,249.80,10.00000000,0
1506862006,22612448,249.80,0.07447800,0
1506862002,22612444,249.80,0.98333219,0
1506861995,22612441,249.80,5.00000000,0
1506861990,22612438,249.80,9.98402722,0
1506861982,22612434,249.80,7.23700000,0
1506861975,22612431,249.80,1.95583043,0
1506861927,22612396,249.79,0.21788556,0
1506861927,22612395,249.37,0.00000044,0
1506861903,22612378,249.36,8.15000000,0
1506861827,22612349,249.17,3.00364772,1
1506861814,22612343,249.17,0.17939560,1
1506861754,22612316,249.37,5.98286800,0
1506861730,22612287,249.80,62.15225957,0
1506861730,22612286,249.79,1.45000000,0
1506861730,22612285,249.79,6.29542443,0
1506861721,22612268,249.36,0.61994200,1
1506861720,22612260,249.36,2.01894365,1
1506861719,22612257,249.36,1.51677522,1
1506861719,22612254,249.37,6.29540878,1
1506861715,22612236,249.80,5.39210000,0
1506861714,22612235,249.79,1.27000000,0
1506861589,22612183,249.78,0.79946002,0
1506861571,22612181,249.80,2.01189326,0
1506861571,22612180,249.79,1.79000000,0
1506861570,22612178,249.78,0.08007050,0
1506861417,22612144,249.78,0.03194811,0
1506861290,22612078,249.35,3.70000000,1
1506861253,22612063,249.35,1.50183746,1
1506861247,22612053,249.36,1.00000000,1
1506861239,22612052,249.77,0.05208192,1
1506861239,22612050,249.76,3.95000000,0
1506861230,22612047,249.56,1.51553465,0
1506861230,22612046,249.56,0.48446535,0
1506861140,22611944,249.51,0.96052262,0
1506861075,22611809,249.39,1.45026878,1
1506861070,22611797,249.39,1.44673000,1
1506861067,22611781,249.39,1.02200000,1
1506860963,22611605,249.39,0.92426246,1
1506860963,22611604,249.39,0.07573754,1
1506860925,22611551,249.89,0.19956781,0
1506860908,22611527,249.89,0.99791908,0
1506860584,22610992,249.10,0.16998236,1
1506860581,22610990,249.13,1.02537497,1
1506860570,22610981,250.11,3.88838825,0
1506860531,22610943,249.39,1.56258408,0
1506860493,22610907,249.40,1.44498797,1
1506860450,22610877,249.12,3.95000000,1
1506860448,22610874,249.13,10.04675889,1
1506860444,22610872,249.38,1.62000000,0
1506860444,22610871,249.38,1.62000000,0
1506860444,22610870,249.38,1.38000000,0
1506860444,22610869,249.38,0.95313456,0
1506860444,22610868,249.37,0.11772429,0
1506860434,22610860,249.08,3.00000000,0
1506860423,22610840,249.37,0.08317571,0
1506860423,22610839,249.36,0.15784429,0
1506860422,22610836,249.08,1.01026167,1
1506860421,22610834,249.10,0.15000000,1
1506860421,22610833,249.20,0.15000000,1
1506860420,22610832,249.37,0.04000000,0
1506860415,22610816,249.21,0.74715537,1
1506860414,22610815,249.30,0.15000000,1
1506860414,22610814,249.30,0.10184463,0
1506860414,22610810,249.33,1.00000000,1
1506860412,22610808,249.38,1.46845644,1
1506860412,22610807,249.40,0.15000000,1
1506860411,22610806,249.44,1.37840900,1
1506860410,22610804,249.44,3.95000000,1
1506860410,22610802,249.44,3.95000000,1
1506860409,22610796,249.75,0.04000000,0
1506860407,22610794,249.50,0.02337901,1
1506860375,22610749,249.50,0.12662099,1
1506860374,22610748,249.51,0.03000000,1
1506860374,22610747,249.60,0.01461188,1
1506860372,22610739,249.60,0.13538812,1
1506860372,22610737,249.60,0.15000000,1
1506860368,22610727,249.80,0.08601895,1
1506860365,22610712,249.80,0.06398105,1
1506860365,22610709,249.90,0.15000000,1
1506860363,22610697,250.00,0.06398105,1
1506860361,22610688,250.00,0.15616127,1
1506860361,22610686,250.00,0.02000000,1
1506860361,22610684,250.00,0.15000000,1
1506860361,22610682,250.00,0.39119626,1
1506860327,22610542,250.00,0.89880374,1
1506860327,22610540,250.00,0.04500000,1
1506860327,22610539,250.00,0.41195268,1
1506860327,22610538,250.00,1.12324358,1
1506860326,22610537,250.01,3.97600000,1
1506860326,22610533,250.01,2.99000000,1
1506860324,22610504,250.00,0.86943996,1
1506860323,22610500,250.00,0.00731646,1
1506860323,22610498,250.00,0.25000000,1
1506860323,22610494,250.07,0.62688992,1
1506860322,22610488,250.10,0.15000000,1
1506860322,22610485,250.20,0.00579362,1
1506860319,22610470,250.20,0.14420638,1
1506860319,22610468,250.24,0.08550000,1
1506860319,22610466,250.30,0.15000000,1
1506860318,22610463,250.40,0.15000000,1
1506860318,22610462,250.50,0.12677210,1
1506860315,22610444,250.50,0.02322790,1
1506860315,22610443,250.50,0.10000000,1
1506860315,22610441,250.56,0.53334979,1
1506860015,22610176,250.56,0.98072052,1
1506860004,22610170,250.56,1.00000000,1
1506860002,22610167,250.56,2.54251533,1
1506860002,22610166,250.70,0.15000000,1
1506860001,22610164,250.80,0.15000000,1
1506860001,22610163,250.81,0.32865516,0
1506859999,22610160,250.90,0.15000000,1
1506859932,22610114,251.10,0.11915571,0
1506859930,22610094,250.92,1.19667000,1
1506859929,22610093,251.00,0.20000000,1
1506859929,22610092,251.00,0.15000000,1
1506859929,22610091,251.00,1.00000000,1
1506859929,22610090,251.10,0.15000000,1
1506859923,22610078,251.11,0.35138862,1
1506859904,22610023,251.11,1.66977739,1
1506859904,22610021,251.14,0.60335961,1
1506859884,22609927,252.02,0.74695470,1
1506859884,22609925,252.02,0.65281458,1
1506859883,22609923,252.02,2.44407054,1
1506859864,22609890,251.14,2.91160833,1
1506859864,22609889,251.15,2.09851967,1
1506859862,22609882,251.15,1.12516568,1
1506859862,22609880,251.20,0.15000000,1
1506859862,22609878,251.30,0.15000000,1
1506859862,22609877,251.40,0.10363332,1
1506859857,22609863,251.40,0.04636668,1
1506859844,22609834,251.50,0.15000000,1
1506859844,22609833,251.50,4.32556664,1
1506859838,22609819,251.50,0.66472354,1
1506859818,22609798,251.50,0.40503630,1
1506859818,22609797,251.57,0.02367323,1
1506859575,22609660,251.60,0.18478836,0
1506859574,22609659,251.60,0.15000000,1
1506859534,22609639,251.61,0.39561657,1
1506859345,22609598,251.66,3.31803983,1
1506859345,22609597,251.70,0.15000000,1
1506859345,22609596,251.80,0.15000000,1
1506859336,22609592,251.83,1.45568042,1
1506859335,22609591,251.90,0.15000000,1
1506859332,22609589,251.95,1.33700865,1
1506859318,22609580,251.99,1.46748959,1
1506859318,22609579,252.01,0.33932814,1
1506859308,22609575,252.01,0.12000000,1
1506859304,22609574,252.01,0.43873900,1
1506859291,22609553,252.01,0.26800520,1
1506859256,22609519,252.01,0.32388337,1
1506859256,22609518,252.02,3.95000000,1
1506859256,22609517,252.03,0.31700000,1
1506859245,22609505,252.01,2.37716718,1
1506859245,22609504,252.01,0.18166488,1
1506859245,22609503,252.02,0.24090000,1
1506859245,22609502,252.20,0.15000000,1
1506859245,22609501,252.30,0.15000000,1
1506859244,22609495,252.40,0.15000000,1
1506859213,22609449,252.49,2.44995595,0
1506859213,22609448,252.48,0.24060000,0
1506859213,22609447,252.48,0.17709741,0
1506859212,22609446,252.47,0.20730969,0
1506859201,22609404,252.49,1.80604933,1
1506859201,22609403,252.50,0.00316478,1
1506859201,22609401,252.51,0.08451994,1
1506859200,22609397,252.51,2.44995300,1
1506859129,22609332,252.50,0.67375154,1
1506859129,22609331,252.50,0.15000000,1
1506859117,22609327,252.51,0.24060000,1
1506859117,22609326,252.60,0.15000000,1
1506859116,22609325,252.70,0.15000000,1
1506859116,22609324,252.71,0.20000000,1
1506859104,22609313,252.72,0.20730969,1
1506859104,22609312,252.80,0.74679227,1
1506859085,22609293,252.80,1.00477221,1
1506859077,22609292,252.92,0.58459277,1
1506859074,22609287,253.39,1.42372277,0
1506859074,22609284,253.34,0.14434003,0
1506859074,22609282,253.33,1.23319720,1
1506859072,22609280,253.33,0.20000000,0
1506859059,22609275,252.80,0.34867928,1
1506859059,22609274,252.81,0.20000000,1
1506858810,22609216,253.11,0.03938999,0
1506858741,22609192,253.17,0.19400403,1
1506858740,22609191,253.17,0.20000000,0
1506858725,22609187,252.80,0.56906000,1
1506858720,22609181,252.80,0.09995002,1
1506858719,22609176,252.80,0.09950000,1
1506858718,22609175,252.80,0.92217671,1
1506858681,22609170,252.80,2.15528000,1
1506858677,22609167,252.81,0.20000000,1
1506858344,22609067,252.80,3.69565600,1
1506858344,22609066,252.81,0.20000000,1
1506858182,22609046,253.44,0.14639097,1
1506858181,22609045,253.28,0.24020000,0
1506858034,22609021,253.45,0.19279162,0
1506857920,22608997,252.49,1.00545158,1
1506857920,22608996,252.50,0.24020000,1
1506857919,22608995,253.00,0.19212042,1
1506857901,22608981,253.45,3.40294120,1
1506857900,22608980,253.45,0.20000000,0
1506857900,22608979,253.45,0.24040000,0
1506857824,22608970,253.00,0.01498844,0
1506857652,22608899,253.02,0.24040000,1
1506857652,22608898,253.03,0.20000000,1
1506857534,22608879,253.65,0.00000020,1
1506857533,22608878,253.64,0.86580000,1
1506857532,22608877,253.64,0.09998000,0
1506857363,22608851,252.80,0.09998000,1
1506857357,22608846,253.80,0.09817975,0
1506857357,22608845,253.75,0.44000000,0
1506857356,22608844,253.70,0.15000000,0
1506857356,22608843,253.60,0.15000000,0
1506857356,22608842,253.60,0.09995002,1
1506857356,22608841,253.60,0.09950000,1
1506857355,22608840,253.50,0.15000000,0
1506857355,22608836,253.40,0.06823940,0
1506857355,22608835,253.40,0.08176060,0
1506857355,22608832,253.30,0.16735124,0
1506857354,22608831,253.27,0.38945750,0
1506857354,22608830,253.27,0.19993885,1
1506857353,22608828,253.26,1.23111772,1
1506857352,22608827,253.26,0.31600000,0
1506857352,22608826,253.26,0.20000000,0
1506857269,22608815,252.49,0.61568923,1
1506857269,22608814,252.52,0.31600000,1
1506857269,22608813,252.53,0.20000000,1
1506857259,22608807,253.27,0.90385533,0
1506857259,22608806,253.27,2.45386658,1
1506857259,22608805,253.25,0.24000000,0
1506857257,22608804,253.24,0.04973691,0
1506857173,22608774,253.27,2.81866000,1
1506857172,22608772,253.27,0.20000000,0
1506857063,22608750,252.67,0.24000000,0
1506857061,22608749,252.68,0.20000000,1
1506856997,22608726,253.29,0.03959052,0
1506856791,22608667,253.30,1.29352245,0
1506856791,22608666,253.29,0.20000000,0
1506856784,22608659,252.50,3.01049600,0
1506856779,22608657,252.47,0.24020000,0
1506856779,22608656,252.47,0.31600000,0
1506856761,22608654,252.49,0.03958901,0
1506856694,22608629,253.27,0.07796041,0
1506856693,22608628,253.27,0.03961020,0
1506856628,22608618,252.50,0.20000000,0
1506856627,22608617,252.50,11.12350400,1
1506856627,22608616,252.64,0.31600000,1
1506856596,22608610,252.86,0.30998648,1
1506856595,22608609,252.86,0.85000000,1
1506856595,22608608,252.86,2.78400000,1
1506856593,22608603,252.87,3.63398343,1
1506856591,22608602,252.85,0.31600000,0
1506856591,22608601,252.84,0.20000000,0
1506856591,22608600,252.83,0.65000000,0
1506856181,22608500,252.49,0.17455900,1
1506856181,22608499,252.50,0.20000000,1
1506856179,22608498,252.49,0.00036100,1
1506856179,22608497,252.52,0.31600000,1
1506856178,22608496,252.52,0.20000000,1
1506856124,22608484,253.00,0.59173288,1
1506856123,22608481,253.01,1.23967470,1
1506856122,22608477,253.00,6.47069689,1
1506856122,22608476,253.01,0.24020000,1
1506856122,22608475,253.00,2.20757023,1
1506856120,22608474,253.00,5.00000000,0
1506856120,22608473,252.99,0.38000000,0
1506856111,22608467,252.99,2.50000000,0
1506855696,22608386,253.23,0.03959052,0
1506855672,22608381,253.23,1.12651147,0
1506855672,22608380,253.23,0.45000000,0
1506855494,22608356,253.29,2.06996483,0
1506855444,22608343,253.40,1.66981057,1
1506855443,22608341,253.36,0.09579671,0
1506855443,22608340,253.30,0.15000000,0
1506855443,22608339,253.22,0.03041593,0
1506855441,22608338,252.95,0.02232614,0
1506855013,22608242,252.95,1.00126000,0
1506854870,22608223,253.20,1.20111260,0
1506854870,22608222,253.20,0.42000000,0
1506854870,22608221,252.98,0.15749590,0
1506854869,22608220,252.95,0.14350024,0
1506854712,22608191,252.72,0.76959950,0
1506854620,22608170,252.72,0.04126000,0
1506854424,22608121,252.34,4.91900000,1
1506854248,22608038,252.97,0.14357200,1
1506854246,22608037,252.95,0.26000000,0
1506854172,22608014,252.83,0.35579400,0
1506854171,22608013,252.80,0.44546600,0
1506854171,22608012,252.72,0.20000000,0
1506854069,22608002,252.39,2.07854300,1
1506853997,22607989,252.41,0.19990004,0
1506853963,22607981,252.40,0.24090000,1
1506853963,22607978,252.40,0.20456600,1
1506853960,22607976,252.41,0.20000000,1
1506853765,22607938,252.98,0.25229920,0
1506853243,22607809,252.97,0.19310196,0
1506853119,22607776,253.22,2.37704025,1
1506853118,22607775,253.11,0.44000000,0
1506853118,22607774,253.00,0.50000000,0
1506853117,22607773,252.98,0.31700000,0
1506853117,22607772,252.97,0.20000000,0
1506852930,22607690,252.00,0.18300000,1
1506852930,22607689,252.00,0.50000000,1
1506852928,22607688,252.11,0.31700000,1
1506852901,22607660,253.06,0.12930783,0
1506852900,22607659,253.03,0.87195217,0
1506852893,22607657,252.39,2.85000000,1
1506852891,22607656,252.45,0.15000000,1
1506852862,22607648,252.47,0.72757367,1
1506852856,22607638,252.47,1.10949594,1
1506852856,22607637,252.55,0.15000000,1
1506852773,22607591,252.54,0.65910000,1
1506852773,22607590,252.56,0.04090000,1
1506852770,22607588,252.56,0.10000000,1
1506852770,22607587,252.57,0.20000000,1
1506852767,22607583,252.52,0.10000000,0
1506852767,22607582,252.55,0.20000000,1
1506852585,22607529,252.97,0.20000000,0
1506852553,22607518,252.96,0.09971900,0
1506852534,22607515,252.95,0.08203137,0
1506852534,22607514,252.80,0.26886556,0
1506852532,22607513,252.79,0.03489800,0
1506852400,22607477,252.79,3.40337829,1
1506852399,22607476,252.76,0.20000000,0
1506852399,22607475,252.76,1.18914923,0
1506852193,22607370,252.50,0.38526000,0
1506852016,22607317,251.91,0.03489800,1
1506852011,22607313,251.95,0.44344900,1
1506851925,22607287,251.99,0.34875000,1
1506851925,22607286,252.00,0.20000000,1
1506851924,22607285,252.58,1.91931269,0
1506851665,22607226,252.80,0.32280000,1
1506851665,22607225,252.80,0.24100000,1
1506851665,22607224,252.80,0.20000000,1
1506851663,22607223,252.80,0.20000000,0
1506851663,22607222,252.79,0.31600000,0
1506851513,22607182,252.00,0.15000000,1
1506851513,22607181,252.00,1.68669325,1
1506851512,22607178,252.00,3.95000000,1
1506851288,22607106,252.06,1.00000000,1
1506851288,22607105,252.07,0.20000000,1
1506851184,22607077,252.06,0.24300000,1
1506851184,22607076,252.07,0.24100000,1
1506851184,22607075,252.27,0.31600000,1
1506851182,22607070,252.28,0.20000000,1
1506851010,22607039,253.20,5.73679273,1
1506851009,22607038,253.20,0.00089380,0
1506850982,22607036,253.20,0.14910620,0
1506850981,22607035,253.17,0.47000000,0
1506850981,22607033,253.10,0.30984507,0
1506850981,22607032,252.80,0.14992503,0
1506850931,22607021,252.02,4.95000000,1
1506850931,22607020,252.10,0.15000000,1
1506850930,22607019,252.20,0.15000000,1
1506850930,22607018,252.30,0.15000000,1
1506850929,22607017,252.40,0.15000000,1
1506850929,22607016,252.50,0.15000000,1
1506850929,22607015,252.60,0.15000000,1
1506850928,22607013,252.70,0.15000000,1
1506850861,22606996,252.80,0.15000000,1
1506850825,22606989,252.90,0.15000000,1
1506850613,22606951,253.10,0.63822600,1
1506850611,22606950,253.10,0.15000000,0
1506850373,22606919,253.00,0.36944664,0
1506850175,22606880,252.50,2.33569000,0
1506850174,22606879,252.50,0.15000000,1
1506850173,22606878,252.93,0.26259188,0
1506850151,22606852,252.77,2.68504023,1
1506850151,22606851,252.77,1.15170610,0
1506850147,22606850,252.76,0.11837316,1
1506850106,22606844,252.77,0.36854290,0
1506849915,22606796,252.77,0.47975100,0
1506849914,22606795,252.55,0.09773470,0
1506849815,22606750,252.55,0.39497129,0
1506849784,22606741,252.55,0.60084240,0
1506849756,22606722,252.25,0.24518191,1
1506849724,22606720,252.55,0.03947733,0
1506849647,22606693,252.55,0.44814500,0
1506849645,22606691,252.55,0.44814500,0
1506849644,22606689,252.55,0.44814500,0
1506849643,22606688,252.55,0.44814500,0
1506849642,22606687,252.55,0.44814500,0
1506849629,22606684,252.55,1.94185100,0
1506849629,22606683,252.54,0.31700000,0
1506849452,22606647,252.00,0.20279190,1
1506849313,22606578,252.00,0.16051485,1
1506849206,22606557,252.13,1.75986000,0
1506849206,22606556,251.93,0.24140000,0
1506848950,22606506,252.50,0.03948515,0
1506848679,22606426,251.50,0.74390000,1
1506848678,22606425,251.65,0.24140000,1
1506848678,22606424,251.66,0.20000000,0
1506848678,22606423,251.93,0.31700000,1
1506848397,22606364,252.55,2.36448228,1
1506848395,22606362,252.26,3.16873851,0
1506848198,22606319,252.18,0.86973608,0
1506848197,22606318,252.17,0.07418631,0
1506848166,22606305,252.17,0.12581369,0
1506848154,22606303,252.18,0.24160000,0
1506848154,22606302,252.18,0.20000000,0
1506848131,22606296,252.24,1.29501547,0
1506848131,22606295,252.05,0.33184747,0
1506848130,22606294,252.00,0.00333471,0
1506847774,22606196,251.51,1.79813968,1
1506847762,22606189,251.60,0.15000000,1
1506847762,22606188,251.70,0.15000000,1
1506847750,22606175,251.77,2.00000000,1
1506847750,22606174,251.78,0.24160000,1
1506847750,22606173,251.78,0.18271209,1
1506847750,22606172,251.80,0.15000000,1
1506847750,22606171,251.90,0.06823940,1
1506847708,22606159,252.00,1.47806358,0
1506847685,22606155,252.00,2.54815675,0
1506847668,22606136,252.00,1.47933480,0
1506847588,22606056,251.90,0.08176060,1
1506847577,22606042,252.00,1.06873016,0
1506847575,22606035,252.00,0.14384920,1
1506847575,22606034,252.00,0.19030000,1
1506847574,22606032,252.00,0.15000000,1
1506847574,22606030,252.00,0.39660000,1
1506847574,22606029,252.02,1.54163080,1
1506847408,22605843,252.02,2.08654030,1
1506847120,22605752,252.03,3.96000000,0
1506847106,22605749,252.03,1.06726758,0
1506847094,22605743,252.10,0.19990004,0
1506847094,22605741,252.08,0.31600000,0
1506847090,22605735,252.05,1.16509518,1
1506847089,22605732,252.05,0.91045424,1
1506847087,22605729,252.05,0.91047700,1
1506847086,22605728,252.09,2.38314910,0
1506847086,22605726,252.08,0.24100000,0
1506847083,22605720,252.05,1.23667402,1
1506847079,22605713,252.05,0.21789105,1
1506847075,22605707,252.05,0.70974506,1
1506847071,22605700,252.10,0.20000000,1
1506847068,22605696,252.07,0.00419787,0
1506847068,22605694,252.07,0.20000000,1
1506847068,22605692,252.08,3.54751183,1
1506847053,22605679,252.95,4.93844633,0
1506846999,22605667,252.02,0.37182890,1
1506846999,22605666,252.10,0.15000000,1
1506846999,22605665,252.13,0.24100000,1
1506846998,22605664,252.20,0.15000000,1
1506846998,22605663,252.21,0.08717110,1
1506846995,22605662,252.21,0.14982890,1
1506846995,22605661,252.30,0.15000000,1
1506846995,22605660,252.40,0.15000000,1
1506846994,22605659,252.50,0.15000000,1
1506846994,22605658,252.51,0.31600000,1
1506846993,22605656,252.60,0.07230000,1
1506846954,22605633,253.05,0.76974116,0
1506846954,22605632,253.00,0.20000000,0
1506846945,22605621,253.14,0.79326274,0
1506846945,22605620,253.14,3.54583815,1
1506846945,22605619,253.03,0.38681792,0
1506846944,22605618,253.00,0.20000000,0
1506846778,22605577,252.60,0.15000000,1
1506846777,22605576,252.70,0.15000000,1
1506846088,22605316,252.71,0.03959960,0
1506846071,22605311,252.80,3.96000000,0
1506846040,22605292,252.42,2.36000000,0
1506846039,22605288,252.42,0.00627969,1
1506846038,22605285,252.42,1.27821495,1
1506846024,22605269,252.42,0.27981544,1
1506846021,22605268,252.42,1.44045887,1
1506846021,22605267,252.56,0.08859679,1
1506846010,22605265,252.65,1.19244391,1
1506846009,22605264,252.65,0.77477372,1
1506846004,22605239,252.65,0.36430200,1
1506846000,22605232,252.66,0.36430200,1
1506845972,22605197,252.65,1.09090722,1
1506845971,22605196,252.66,1.32309893,1
1506845965,22605193,252.89,0.10015000,0
1506845960,22605185,252.67,0.01336295,1
1506845923,22605153,252.67,0.40110479,1
1506845922,22605152,252.70,0.20000000,1
1506845904,22605144,252.67,3.49432320,1
1506845904,22605143,252.68,0.20000000,1
1506845890,22605130,252.80,0.23496741,1
1506845864,22605112,252.80,0.87641373,1
1506845841,22605108,252.80,0.23540415,1
1506845837,22605106,252.80,0.23525482,1
1506845836,22605105,252.80,0.37206210,1
1506845836,22605104,252.80,0.47368699,1
1506845836,22605103,252.86,0.15902216,1
1506845825,22605092,253.22,0.00001525,1
1506845823,22605081,253.22,0.03043116,1
1506845669,22605005,253.18,0.12307982,0
1506845669,22605004,253.18,0.24040000,0
1506845596,22604981,253.31,0.19292018,0
1506845270,22604896,252.87,3.13016874,0
1506845268,22604893,252.87,0.24040000,1
1506845212,22604858,252.88,0.24030000,1
1506845187,22604851,252.95,0.10000000,0
1506845065,22604777,252.86,0.22048069,1
1506845064,22604775,252.86,0.22049715,1
1506845060,22604768,252.89,0.84004189,1
1506845059,22604767,252.89,0.31600000,1
1506845058,22604765,253.00,0.00000014,1
1506845031,22604731,253.46,1.97718387,0
1506845007,22604691,253.00,1.99999986,1
1506845007,22604689,253.00,1.51104814,1
1506844998,22604686,253.00,0.09995002,1
1506844995,22604676,253.00,0.09995002,1
1506844969,22604627,253.00,2.33067446,1
1506844968,22604623,253.00,0.83469059,1
1506844913,22604567,253.00,0.12000000,1
1506844788,22604541,253.00,0.86767030,1
1506844788,22604540,253.01,0.24030000,1
1506844520,22604499,253.76,0.43635719,0
1506844453,22604486,253.77,1.12171817,0
1506844453,22604484,253.50,0.24070000,0
1506844453,22604483,253.50,1.05955251,0
1506844447,22604479,253.34,0.39630201,0
1506844162,22604425,253.44,0.00785195,1
1506844161,22604424,253.34,1.56493141,1
1506844160,22604423,253.34,0.39610017,0
1506844032,22604390,253.34,1.23000000,1
1506844032,22604388,253.34,0.07410408,1
1506844032,22604387,253.34,1.22999424,1
1506844031,22604385,253.34,0.39590168,1
1506844031,22604381,253.34,0.52000000,1
1506844030,22604378,253.34,0.00000098,1
1506844030,22604376,253.34,0.50441336,1
1506844029,22604371,253.34,1.23282008,1
1506844028,22604369,253.35,3.43719899,1
1506844028,22604368,253.35,0.11546698,0
1506844028,22604367,253.34,1.69997762,1
1506844026,22604366,253.34,0.27958102,0
1506844026,22604365,253.21,0.24320694,0
1506843948,22604359,253.20,1.23771649,0
1506843948,22604358,253.20,0.20000000,0
1506843893,22604353,253.21,1.63625617,0
1506843887,22604352,253.24,1.98798017,0
1506843881,22604349,253.24,3.03963135,0
1506843881,22604348,253.24,0.20000000,0
1506843712,22604293,252.81,0.81415074,1
1506843712,22604292,252.81,0.20000000,1
1506843434,22604244,253.35,0.00001736,0
1506843434,22604243,253.34,0.95115829,1
1506843432,22604242,253.34,0.20000000,0
1506843286,22604222,253.28,1.34277530,0
1506843277,22604220,252.81,0.81823390,0
1506843277,22604219,252.81,0.24070000,1
1506843276,22604218,252.83,0.20000000,1
1506843255,22604204,252.84,3.81601900,1
1506843255,22604202,252.84,3.09734400,1
1506843078,22604153,252.77,0.80000000,1
1506843077,22604152,252.78,0.20000000,1
1506843010,22604140,253.50,0.11546351,0
1506843008,22604139,253.35,0.27818201,0
1506843004,22604138,252.77,0.20000000,1
1506843003,22604137,252.77,0.18398116,1
1506842766,22604124,252.78,0.20000000,1
1506842650,22604102,252.69,0.47861798,1
1506842613,22604062,252.66,0.83017668,0
1506842606,22604038,253.35,1.05828600,1
1506842604,22604037,253.35,0.31600000,0
1506842583,22604034,252.64,0.76036069,1
1506842491,22603991,252.64,3.96000000,1
1506842489,22603990,252.64,3.96000000,1
1506842420,22603967,252.64,4.04748363,1
1506842182,22603910,252.65,2.22233306,1
1506842068,22603881,252.65,0.90653730,1
1506842056,22603879,252.66,0.20000000,1
1506842043,22603876,252.73,0.09575609,1
1506842043,22603875,252.74,0.20000000,1
1506842043,22603874,252.88,0.31600000,1
1506842036,22603868,253.58,0.00000400,1
1506842036,22603866,253.50,1.71166000,1
1506842034,22603865,253.50,0.10000000,0
1506841859,22603852,253.50,0.35515394,0
1506841850,22603851,253.57,0.78609417,0
1506841849,22603850,253.50,0.35701186,0
1506841849,22603849,253.44,0.43000000,0
1506841849,22603848,253.44,0.31600000,1
1506841847,22603846,252.76,0.11215397,0
1506841747,22603824,252.66,0.18398116,1
1506841712,22603815,252.64,2.91848628,0
1506841712,22603814,252.63,0.04000000,0
1506841712,22603813,252.57,0.21560811,0
1506841654,22603811,252.54,0.04851097,1
1506841567,22603785,252.64,3.96000000,0
1506841566,22603784,252.64,2.11189919,0
1506841566,22603783,252.60,0.08810081,0
1506841566,22603782,252.60,1.76000000,0
1506841558,22603774,252.63,1.37944820,1
1506841556,22603770,252.57,0.20000000,0
1506841399,22603725,252.64,1.20528281,0
1506840937,22603631,252.55,0.08810081,1
1506840925,22603627,252.57,0.31600000,1
1506840925,22603626,252.76,0.47164830,1
1506840925,22603625,252.77,0.20000000,1
1506840835,22603607,253.00,3.68400000,0
1506840835,22603606,252.99,0.31600000,0
1506840784,22603604,252.98,0.84404483,1
1506840535,22603583,252.78,0.24060000,1
1506840524,22603581,252.79,0.02267232,0
1506840280,22603552,252.76,0.02835170,0
1506840079,22603527,252.74,0.05396637,1
1506840073,22603526,252.74,0.40020000,0
1506840073,22603525,252.73,0.20000000,0
1506839524,22603413,252.33,3.96000000,1
1506839523,22603412,252.53,3.96000000,1
1506839522,22603411,252.53,3.96000000,1
1506839521,22603410,252.54,3.96000000,1
1506839225,22603373,252.75,0.14603363,0
1506838694,22603293,252.15,0.17908607,1
1506838694,22603292,252.26,0.02835170,1
1506838694,22603291,252.29,0.02267232,1
1506838694,22603290,252.32,0.24060000,1
1506838681,22603289,252.29,0.20000000,1
1506838670,22603288,252.26,0.61776857,1
1506838669,22603287,252.65,0.31600000,1
1506838669,22603286,252.66,0.20000000,1
1506838659,22603282,253.45,0.99790885,0
1506838659,22603281,253.45,0.79790885,0
1506838659,22603280,253.44,0.20000000,1
1506838656,22603279,253.45,14.32945354,0
1506838656,22603278,253.44,0.43000000,0
1506838656,22603277,252.69,0.35413438,0
1506838654,22603276,252.68,0.20000000,0
1506838314,22603180,252.32,1.02444822,0
1506838126,22603139,252.81,2.22342551,0
1506838125,22603138,252.80,0.51000000,0
1506838125,22603137,252.36,0.05446297,0
1506838125,22603136,252.30,1.67286652,0
1506838124,22603135,252.28,0.54050500,0
1506838081,22603129,252.00,0.03000000,1
1506838080,22603128,252.01,0.02230288,0
1506837076,22602999,251.50,1.64926341,1
1506837065,22602996,251.87,3.96000000,1
1506837016,22602987,252.16,0.05446297,1
1506836941,22602975,252.51,0.44000000,1
1506836941,22602973,252.51,1.82168400,1
1506836922,22602968,252.51,1.19719600,1
1506836895,22602953,252.51,0.50164400,1
1506836895,22602952,252.52,0.20000000,1
1506836890,22602951,252.51,0.43947600,1
1506836890,22602949,252.51,0.20000000,1
1506836850,22602942,252.80,0.68982700,1
1506836850,22602941,252.80,0.14791500,1
1506836850,22602940,252.81,1.52000000,0
1506836849,22602939,252.81,1.19000000,0
1506836848,22602938,252.80,0.69208500,1
1506836848,22602937,252.80,0.83000000,1
1506836848,22602936,252.80,1.18552500,1
1506836843,22602935,252.80,0.70000000,1
1506836842,22602934,252.80,0.40389500,1
1506836841,22602933,252.80,0.84058000,1
1506836840,22602932,252.80,0.83000000,0
1506836449,22602851,252.87,0.40083837,0
1506836447,22602850,252.86,0.98000000,0
1506836078,22602749,252.55,0.26785587,0
1506836078,22602748,252.55,3.86000000,0
1506835975,22602736,252.55,0.10000000,0
1506835957,22602731,252.13,0.20000000,0
1506835957,22602730,252.12,0.04140000,0
1506835953,22602728,252.13,0.20000000,0
1506835724,22602681,251.61,0.20000000,0
1506835565,22602665,251.89,0.10000000,0
1506835506,22602657,251.97,0.24140000,0
1506835506,22602656,252.03,7.09893100,1
1506835505,22602655,252.04,0.20000000,1
1506835171,22602595,252.63,0.18489491,0
1506835135,22602591,252.61,0.34760476,0
1506835135,22602590,252.61,3.96000000,0
1506835135,22602589,252.61,2.59200333,0
1506834603,22602521,252.63,2.00000000,0
1506833684,22602399,252.70,0.45993173,1
1506833675,22602396,252.70,1.02000000,0
1506833215,22602357,252.63,2.07000000,0
1506833215,22602356,252.62,1.89000000,0
1506833058,22602353,252.60,1.72107139,0
1506833058,22602352,252.59,0.31600000,0
1506832823,22602311,252.35,1.03431741,0
1506832821,22602310,252.34,0.03294695,0
1506831925,22602246,252.44,0.56265103,0
1506831925,22602245,252.43,0.20000000,0
1506831823,22602215,252.50,12.98069824,1
1506831822,22602214,252.50,3.09861400,1
1506831674,22602178,252.50,1.37497868,1
1506831670,22602176,252.50,0.86710200,1
1506831662,22602170,252.50,6.90389000,1
1506831611,22602167,252.50,3.96000000,1
1506831610,22602166,252.50,3.96000000,1
1506831606,22602164,252.50,0.97307400,1
1506831465,22602132,252.27,0.31600000,1
1506831465,22602131,252.30,0.20000000,1
1506830813,22602034,252.99,0.99802364,0
1506830547,22602015,252.24,0.20000000,0
1506830543,22602011,252.25,3.31803983,1
1506830128,22601933,251.95,0.12578385,1
1506830122,22601932,252.08,0.20000000,1
1506830079,22601926,252.06,0.03294695,1
1506830075,22601925,252.62,3.96000000,0
1506829740,22601896,251.94,0.12439604,1
1506829739,22601894,251.94,0.20000000,1
1506829737,22601891,251.94,0.20000000,0
1506829591,22601877,251.91,0.42022600,1
1506829589,22601876,251.91,1.16265611,1
1506829589,22601875,251.91,0.20000000,1
1506829271,22601857,252.07,2.07000000,1
1506829271,22601856,252.07,0.20000000,1
1506829164,22601842,251.89,0.20000000,0
1506828544,22601684,252.28,0.20000000,1
1506827663,22601556,251.70,0.79373240,0
1506827663,22601555,251.69,0.29020760,0
1506827660,22601552,251.69,0.48978300,0
1506827660,22601551,251.69,0.31800000,0
1506827656,22601550,251.70,0.20000000,0
1506827655,22601549,251.70,0.43254429,1
1506827654,22601548,251.70,3.71000000,1
1506827654,22601547,251.71,0.20000000,1
1506827343,22601486,251.94,0.31800000,0
1506827333,22601482,251.94,0.31800000,0
1506827311,22601477,251.96,0.14270300,0
1506826917,22601367,251.43,3.91000000,0
1506826915,22601366,251.43,0.20000000,0
1506826915,22601365,251.43,3.71000000,0
1506826914,22601364,251.45,0.20000000,1
1506826914,22601363,251.45,3.71000000,1
1506826911,22601362,251.48,4.01039000,0
1506826908,22601360,251.48,1.46415232,0
1506826906,22601356,251.48,1.11946697,0
1506826884,22601338,251.44,0.20000000,0
1506826681,22601201,251.60,0.05729700,0
1506826393,22601079,251.47,0.20000000,0
1506826393,22601078,251.47,0.31800000,1
1506825729,22601001,251.96,1.70000000,0
1506825727,22600999,251.95,0.20000000,0
1506825458,22600975,251.15,0.70861752,1
1506825458,22600974,251.17,3.01018488,1
1506825458,22600973,251.24,0.08246992,1
1506825458,22600972,251.29,0.35298000,1
1506825179,22600930,251.30,0.12000000,0
1506825178,22600928,251.29,0.12000000,1
1506825169,22600925,251.31,0.61988165,1
1506825168,22600924,251.33,0.18838523,0
1506825168,22600923,251.33,3.58864351,0
1506825161,22600908,251.33,0.02007600,0
1506825131,22600870,251.33,0.30128049,1
1506825130,22600868,251.37,3.91000000,1
1506825112,22600856,252.00,0.20000000,0
1506825111,22600855,252.00,0.25000000,1
1506825111,22600854,252.01,0.20000000,1
1506825031,22600846,252.28,3.87259269,0
1506825030,22600845,252.28,0.11852963,0
1506825030,22600844,252.27,0.16313000,0
1506825007,22600838,252.31,0.03963064,0
1506824044,22600526,252.84,0.19723936,0
1506823553,22600405,252.38,2.30357086,0
1506823553,22600404,252.38,1.60642914,1
1506822934,22600321,252.38,1.39357086,1
1506822934,22600320,252.58,1.00906643,1
1506822934,22600318,252.59,0.20000000,1
1506822923,22600317,253.00,0.19747037,1
1506822774,22600288,252.58,0.31600000,1
1506822774,22600287,252.59,0.20000000,1
1506822429,22600221,253.45,0.49816531,0
1506822427,22600219,253.44,0.50199708,0
1506821788,22600070,252.93,2.40112861,0
1506821551,22600022,252.76,1.00126000,0
1506821471,22600003,252.74,0.76984279,0
1506821192,22599957,252.53,0.08692037,0
1506820830,22599909,252.91,0.53615910,0
1506820828,22599908,252.56,0.49000000,0
1506820358,22599789,252.57,3.65668600,0
1506820358,22599788,252.56,0.33000000,0
1506820356,22599784,252.56,1.00000000,0
1506820351,22599781,252.65,1.17221500,0
1506820348,22599777,252.65,30.62359899,0
1506820348,22599776,252.64,0.11947301,0
1506820346,22599773,252.65,22.01289000,0
1506820346,22599772,252.65,9.50903800,0
1506820346,22599771,252.58,12.40500300,0
1506820345,22599770,252.28,0.07927700,0
1506820209,22599684,252.27,0.07928000,0
1506820204,22599675,252.25,0.05124699,0
1506820192,22599669,252.23,0.05124699,0
1506820171,22599661,252.26,0.10124699,0
1506820117,22599634,252.28,0.05000000,0
1506820095,22599621,252.28,0.05000000,0
1506820080,22599601,252.27,0.05000000,0
1506820076,22599596,252.29,0.45063000,0
1506820069,22599577,252.29,0.05000000,0
1506820062,22599564,252.10,0.35701186,1
1506820062,22599562,252.15,8.85293286,1
1506820061,22599560,252.24,10.02252437,1
1506820058,22599555,252.30,10.07674777,1
1506820057,22599554,252.36,0.50072000,1
1506820035,22599537,252.36,5.06065987,1
1506820035,22599536,252.37,0.20000000,1
1506819963,22599497,252.36,4.15749794,1
1506819939,22599481,253.17,0.98072052,0
1506819939,22599480,252.41,3.71000000,1
1506819939,22599478,252.42,0.20000000,1
1506819796,22599439,253.00,10.04427768,0
1506819636,22599385,253.61,0.03931233,0
1506819623,22599369,253.62,2.07704439,0
1506819623,22599366,253.61,1.28000000,0
1506819622,22599365,253.23,0.50000000,0
1506819622,22599363,252.77,0.05348940,0
1506819620,22599358,252.76,0.07925190,0
1506819618,22599356,252.76,0.10000000,0
1506819594,22599348,252.76,0.10000000,0
1506819517,22599308,252.48,0.07925190,1
1506819486,22599304,252.36,0.75856911,1
1506819486,22599303,252.50,0.50000000,1
1506819486,22599302,252.51,0.20000000,1
1506819018,22599226,252.77,0.44651060,0
1506819018,22599225,252.76,0.07912640,0
1506818915,22599217,252.76,7.27500000,0
1506818896,22599211,252.76,0.12182000,0
1506818886,22599208,252.75,0.11000249,0
1506818884,22599199,252.76,1.15421600,0
1506818802,22599177,252.76,1.00000000,0
1506818759,22599170,252.75,7.28838825,0
1506818759,22599169,252.74,1.57000000,0
1506818753,22599165,252.75,1.68930506,0
1506818749,22599163,252.76,0.58186421,0
1506818742,22599159,252.63,0.03000000,0
1506818732,22599153,252.64,0.34625900,0
1506818722,22599152,252.65,10.89000000,0
1506818709,22599145,252.67,0.03000000,0
1506818709,22599144,252.67,1.44024900,0
1506818705,22599143,252.68,0.05794400,0
1506818704,22599141,252.68,2.56912536,0
1506818704,22599140,252.68,1.36684900,0
1506818704,22599139,252.66,10.46097664,0
1506818697,22599133,252.68,0.15809100,0
1506818694,22599130,252.68,0.15809100,0
1506818693,22599129,252.68,0.52696900,0
1506818692,22599128,252.69,0.20109100,0
1506818690,22599127,252.68,0.52696900,0
1506818689,22599126,252.68,0.15809000,0
1506818687,22599124,252.68,0.03000000,0
1506818676,22599116,252.69,2.76000000,0
1506818676,22599115,252.69,0.03000000,0
1506818676,22599114,252.69,14.68969000,0
1506818675,22599113,252.69,2.11611000,0
1506818675,22599112,252.68,2.76000000,0
1506818665,22599105,252.69,0.03000000,0
1506818655,22599103,252.69,0.03000000,0
1506818643,22599099,252.69,0.20000000,0
1506818642,22599098,252.69,0.07215200,0
1506818638,22599097,252.68,1.42700000,0
1506818633,22599095,252.68,0.23000000,0
1506818621,22599090,252.68,0.15935200,0
1506818619,22599089,252.68,0.04064800,0
1506818610,22599084,252.69,4.22000000,0
1506818600,22599082,252.72,0.20000000,0
1506818418,22599060,252.18,8.80000000,0
1506818418,22599059,252.50,1.00000000,1
1506818416,22599058,252.53,0.20000000,1
1506818379,22599041,253.92,2.68310800,0
1506818379,22599039,253.90,0.09742000,0
1506818378,22599038,253.88,2.09194772,0
1506818377,22599036,252.14,0.07269185,1
1506818376,22599035,252.15,4.25000000,1
1506818376,22599034,252.16,0.20000000,1
1506818366,22599027,253.64,0.43248814,0
1506818366,22599024,253.64,0.18674513,0
1506818361,22599021,252.50,2.03000000,0
1506818361,22599020,252.49,0.20000000,0
1506818356,22599003,252.12,0.78438693,0
1506818354,22598997,252.12,7.09627100,0
1506818354,22598996,252.12,14.73955700,0
1506818353,22598993,252.12,61.95990900,0
1506818352,22598992,252.12,3.91000000,0
1506818352,22598991,252.12,0.59508894,0
1506818351,22598990,252.14,0.13869879,1
1506818351,22598989,252.15,0.20000000,1
1506818351,22598988,252.49,0.10258000,0
1506818348,22598986,252.14,0.16129621,1
1506818348,22598985,252.14,0.45867670,1
1506818345,22598980,252.48,3.91000000,0
1506818338,22598969,252.50,0.20000000,0
1506818337,22598968,252.51,73.73700000,1
1506818337,22598967,252.95,0.43249050,1
1506818337,22598966,252.96,0.35532524,1
1506818336,22598965,253.18,0.32242464,1
1506818332,22598959,253.19,0.62659369,0
1506818331,22598958,253.18,0.20000000,1
1506818329,22598950,253.18,5.07016471,0
1506818329,22598947,253.18,1.90262774,0
1506818328,22598942,253.19,1.80627331,0
1506818328,22598940,253.18,0.31400000,0
1506818327,22598938,253.18,0.20000000,0
1506818326,22598933,253.19,10.26112192,0
1506818326,22598931,253.18,0.26471726,0
1506818326,22598930,253.18,0.35528274,0
1506818325,22598926,253.19,2.63987000,0
1506818325,22598924,253.18,3.12000000,0
1506818323,22598911,253.19,2.36905963,0
1506818323,22598909,253.19,0.35567418,0
1506818323,22598908,253.19,0.10000000,0
1506818323,22598907,253.19,0.24200000,0
1506818321,22598898,253.19,3.91000000,0
1506818321,22598896,253.19,0.35398201,0
1506818318,22598882,256.00,8.92718316,0
1506818318,22598880,255.95,0.15000000,0
1506818317,22598879,255.85,0.15000000,0
1506818317,22598877,255.75,0.15000000,0
1506818317,22598876,255.73,2.00000000,0
1506818317,22598875,255.65,0.15000000,0
1506818317,22598874,255.55,0.15000000,0
1506818317,22598872,255.35,0.15000000,0
1506818317,22598870,255.30,0.32502732,0
1506818316,22598868,255.28,0.15000000,0
1506818316,22598867,255.25,3.91000000,0
1506818316,22598866,255.25,0.15000000,0
1506818316,22598865,254.68,0.15000000,0
1506818316,22598864,254.58,0.15000000,0
1506818316,22598863,254.51,0.03000000,0
1506818316,22598862,254.48,0.15000000,0
1506818315,22598861,254.38,0.15000000,0
1506818315,22598860,254.28,0.15000000,0
1506818315,22598859,254.18,0.15000000,0
1506818315,22598858,254.08,0.15000000,0
1506818315,22598857,253.95,0.12134938,0
1506818315,22598856,253.85,0.15000000,0
1506818315,22598854,253.76,2.87245432,0
1506818314,22598853,253.75,0.15000000,0
1506818314,22598852,253.65,0.15000000,0
1506818314,22598851,253.55,0.15000000,0
1506818314,22598850,253.51,0.03000000,0
1506818314,22598847,253.45,0.15000000,0
1506818314,22598846,253.40,0.15000000,0
1506818313,22598845,253.40,0.09727956,0
1506818313,22598844,253.35,0.15000000,0
1506818313,22598842,253.30,0.15000000,0
1506818313,22598840,253.25,0.15000000,0
1506818313,22598837,253.15,3.57006627,0
1506818313,22598835,253.15,0.15000000,0
1506818313,22598831,253.12,0.13989423,0
1506818312,22598829,253.05,0.15000000,0
1506818312,22598828,252.60,0.15000000,0
1506818312,22598827,252.50,0.15000000,0
1506818312,22598826,252.50,0.15000000,0
1506818312,22598824,252.40,0.15000000,0
1506818312,22598822,252.40,0.15000000,0
1506818312,22598821,252.30,0.15000000,0
1506818311,22598819,252.30,0.15000000,0
1506818311,22598817,252.20,0.15000000,0
1506818311,22598816,252.20,0.05000000,0
1506818311,22598814,252.20,0.10000000,0
1506818311,22598813,252.20,0.07821216,0
1506818311,22598812,252.10,0.01323823,0
1506818310,22598810,251.13,0.62657150,0
1506818310,22598808,249.64,0.31330000,1
1506818309,22598801,252.10,0.13676177,0
1506818309,22598800,252.10,0.15000000,0
1506818309,22598799,252.05,0.05000000,0
1506818309,22598798,252.05,0.10000000,0
1506818309,22598797,251.95,0.15000000,0
1506818308,22598795,251.90,0.32945690,0
1506818308,22598793,251.85,0.14520912,0
1506818308,22598791,251.85,0.00479088,0
1506818308,22598790,251.75,0.15000000,0
1506818308,22598788,251.65,0.05000000,0
1506818308,22598787,251.65,0.10000000,0
1506818308,22598786,251.55,0.15000000,0
1506818307,22598784,251.48,0.10000000,0
1506818307,22598782,251.45,0.15000000,0
1506818307,22598780,251.17,0.06282363,0
1506818307,22598779,250.40,0.05041216,0
1506818307,22598778,249.06,0.04054554,0
1506818306,22598772,248.50,3.00000000,1
1506818306,22598771,247.78,3.70000000,0
1506818306,22598770,247.78,0.07566672,0
1506818306,22598769,247.78,3.95823328,0
1506818306,22598768,247.78,0.10000000,0
1506818306,22598767,247.78,24.42543031,0
1506818306,22598766,247.78,5.00000000,0
1506818306,22598764,247.78,12.65555423,0
1506818305,22598762,247.78,31.56078218,0
1506818305,22598761,247.78,6.57788000,0
1506818305,22598760,247.78,0.40155805,0
1506818305,22598759,247.78,0.31782479,0
1506818305,22598758,247.78,1.45227010,0
1506818305,22598755,247.78,0.24299358,0
1506818305,22598753,247.78,1.89837000,0
1506818305,22598750,247.78,0.71593200,0
1506818304,22598748,247.78,1.46096432,0
1506818304,22598746,247.78,1.00056212,0
1506818303,22598738,247.89,5.56974506,1
1506818303,22598734,247.99,3.57006627,1
1506818303,22598732,247.99,0.04054554,0
1506818302,22598731,247.99,1.95492400,0
1506818302,22598730,247.99,9.42262942,0
1506818302,22598729,247.99,3.22952958,0
1506818302,22598726,248.00,1.77047042,1
1506818302,22598725,248.00,0.24000000,1
1506818301,22598724,248.00,1.78757757,1
1506818301,22598723,248.00,0.20000000,1
1506818301,22598721,248.00,1.50000000,1
1506818301,22598719,248.00,0.50000000,1
1506818301,22598716,248.08,0.06579344,1
1506818301,22598714,248.08,2.00793443,1
1506818300,22598712,248.08,0.33151989,0
1506818300,22598707,248.12,0.50000000,1
1506818300,22598702,248.37,0.50000000,1
1506818299,22598700,248.37,1.44247600,0
1506818299,22598698,248.37,12.71387600,0
1506818299,22598695,248.40,0.21847826,1
1506818298,22598691,248.46,2.87245432,1
1506818298,22598690,248.46,36.88880000,0
1506818298,22598689,248.46,0.18656387,0
1506818298,22598688,248.46,1.40285786,0
1506818297,22598685,248.51,0.03000000,1
1506818297,22598679,248.56,12.39035200,0
1506818297,22598678,248.56,152.23949639,0
1506818297,22598677,248.56,0.18760030,0
1506818297,22598676,248.56,4.00000000,0
1506818297,22598675,248.56,2.51687651,0
1506818296,22598671,248.60,3.37056874,1
1506818295,22598665,248.64,0.62582947,0
1506818295,22598663,248.64,0.30723331,0
1506818295,22598658,248.97,0.25000000,1
1506818295,22598655,249.00,4.00000000,1
1506818294,22598654,249.00,1.00000000,1
1506818294,22598652,249.00,0.33403500,1
1506818294,22598650,249.00,5.00000000,1
1506818294,22598648,249.00,0.10000000,0
1506818294,22598645,249.03,143.28400000,0
1506818293,22598642,249.50,4.00000000,1
1506818293,22598641,249.50,0.15000000,1
1506818293,22598638,249.50,1.79365000,0
1506818292,22598632,249.51,0.03000000,1
1506818292,22598627,249.60,0.15000000,1
1506818292,22598626,249.60,12.39035200,0
1506818292,22598625,249.60,1.43882000,0
1506818291,22598623,249.62,0.50000000,1
1506818291,22598618,249.70,0.15000000,1
1506818291,22598616,249.70,0.05041216,0
1506818291,22598615,249.70,0.30054234,0
1506818290,22598612,249.78,0.10000000,1
1506818290,22598611,249.80,14.47437402,1
1506818290,22598610,249.80,0.15000000,1
1506818289,22598608,249.80,0.46000000,0
1506818289,22598606,249.80,0.32945690,0
1506818289,22598604,249.80,0.95964196,0
1506818289,22598600,249.80,1.72369154,0
1506818289,22598596,249.80,0.10000000,0
1506818289,22598593,249.80,0.23986959,0
1506818289,22598591,249.80,1.79158000,0
1506818288,22598589,249.80,1.79158000,0
1506818288,22598587,249.80,1.79158000,0
1506818288,22598585,249.80,0.28211000,0
1506818288,22598583,249.80,21.91121433,0
1506818287,22598569,249.90,0.15000000,1
1506818285,22598564,250.00,1.00000000,1
1506818285,22598562,250.00,0.40020000,1
1506818285,22598560,250.00,0.19000000,1
1506818285,22598558,250.00,6.00000000,1
1506818284,22598556,250.00,5.00000000,1
1506818284,22598553,250.00,0.79958221,1
1506818284,22598551,250.00,10.00000000,1
1506818284,22598550,250.00,0.15000000,1
1506818284,22598549,250.00,1.99876000,1
1506818284,22598548,250.00,10.09920506,1
1506818284,22598547,250.00,0.15000000,1
1506818283,22598545,250.00,7.99500000,1
1506818283,22598543,250.00,0.02400000,1
1506818283,22598538,250.05,4.00000000,1
1506818282,22598531,250.06,0.35880099,1
1506818282,22598527,250.06,3.08751000,0
1506818282,22598522,250.09,0.30000000,1
1506818281,22598518,250.10,0.13989423,1
1506818281,22598516,250.10,2.00000000,1
1506818281,22598513,250.10,0.15000000,1
1506818281,22598511,250.10,0.02000000,0
1506818280,22598508,250.35,0.05000000,1
1506818280,22598504,250.35,0.10000000,1
1506818280,22598498,250.45,0.15000000,1
1506818279,22598495,250.45,143.28400000,0
1506818279,22598490,250.49,0.07904510,1
1506818278,22598489,250.55,0.14520912,1
1506818278,22598488,250.55,0.06282363,0
1506818278,22598485,250.55,0.00479088,1
1506818278,22598484,250.60,0.23663208,1
1506818278,22598483,250.64,0.50002184,1
1506818277,22598480,250.64,0.49997816,1
1506818277,22598473,250.65,0.15000000,1
1506818276,22598463,250.67,1.75019920,1
1506818276,22598460,250.67,0.46000000,0
1506818276,22598456,250.75,0.05000000,1
1506818276,22598453,250.75,0.10000000,1
1506818275,22598451,250.78,1.00000000,1
1506818275,22598447,250.80,0.15000000,1
1506818274,22598437,250.90,0.05000000,1
1506818274,22598435,250.90,0.10000000,1
1506818273,22598427,251.00,10.00000000,1
1506818273,22598423,251.00,1.00000000,1
1506818273,22598421,251.00,15.00000000,1
1506818273,22598419,251.00,0.15000000,1
1506818273,22598416,251.00,5.88568757,0
1506818272,22598410,251.08,0.11198278,1
1506818272,22598406,251.09,0.50000000,1
1506818272,22598399,251.10,0.15000000,1
1506818271,22598394,251.12,0.05002305,1
1506818271,22598392,251.12,0.10000000,1
1506818271,22598388,251.12,0.47012843,1
1506818270,22598386,251.20,0.15000000,1
1506818270,22598374,251.30,0.11937923,1
1506818270,22598373,251.30,0.03000000,1
1506818269,22598369,251.30,0.15000000,1
1506818269,22598366,251.40,0.15000000,1
1506818269,22598365,251.40,3.08698100,0
1506818268,22598364,251.40,1.65481760,0
1506818268,22598360,251.44,6.84843303,1
1506818267,22598358,251.48,141.76400000,1
1506818267,22598356,251.48,0.07821216,0
1506818267,22598354,251.48,1.52000000,1
1506818267,22598353,251.60,0.15000000,1
1506818266,22598348,251.70,1.00375859,1
1506818266,22598346,251.70,0.15000000,1
1506818266,22598342,251.76,0.47000000,0
1506818265,22598337,251.80,0.15000000,1
1506818265,22598333,251.90,1.45347218,1
1506818265,22598330,251.90,0.15000000,1
1506818264,22598328,252.00,1.00000000,1
1506818264,22598326,252.00,6.80792769,1
1506818264,22598324,252.00,0.15000000,1
1506818264,22598322,252.00,5.21413639,1
