date,tid,price,amount,type
1506902430,22631567,302.86,0.23500000,0
1506902430,22631566,302.85,0.16500000,0
1506902417,22631524,302.87,0.10000000,0
1506902402,22631458,301.07,0.09811111,1
1506902400,22631457,301.24,0.26500000,1
1506902383,22631439,302.92,2.18828386,1
1506902383,22631438,302.92,5.71250982,1
1506902381,22631430,302.92,0.09920632,0
1506902376,22631418,302.92,1.41949463,1
1506902376,22631417,302.92,5.84859800,1
1506902374,22631416,302.92,0.13690737,0
1506902374,22631415,302.88,0.33000000,0
1506902374,22631414,302.88,0.26500000,0
1506902347,22631401,301.21,0.56138450,1
1506902346,22631398,301.25,0.27392477,0
1506902345,22631396,301.25,0.26500000,1
1506902318,22631378,302.92,15.31786966,1
1506902318,22631376,302.92,5.57213034,1
1506902316,22631375,302.90,6.70000000,0
1506902316,22631374,302.89,0.40000000,0
1506902316,22631373,302.89,2.01000000,0
1506902275,22631340,302.59,5.94212400,1
1506902272,22631334,302.59,0.05787577,0
1506902272,22631333,302.59,2.33212423,0
1506902272,22631332,302.59,3.66787577,0
1506902202,22631286,302.56,0.24682707,0
1506902202,22631285,301.21,0.48057458,0
1506902200,22631284,301.20,0.26500000,0
1506902176,22631267,301.21,2.66801577,1
1506902173,22631263,301.21,0.05286000,1
1506902156,22631253,301.21,0.94700000,1
1506902129,22631244,302.71,0.01932986,0
1506902128,22631243,301.22,0.01942132,1
1506901847,22631049,300.88,0.43500000,1
1506901847,22631048,300.88,0.26500000,1
1506901775,22630972,302.95,24.42508664,1
1506901773,22630971,302.67,0.29960337,0
1506901757,22630938,303.01,1.57685241,0
1506901757,22630937,303.01,3.64651834,0
1506901757,22630936,303.00,2.50691128,0
1506901751,22630921,303.03,18.12642313,0
1506901751,22630914,300.42,8.28249903,1
1506901740,22630872,303.06,0.76534525,1
1506901740,22630869,303.06,1.09081524,1
1506901740,22630868,303.06,6.70000000,1
1506901739,22630866,302.90,0.10000000,0
1506901739,22630864,302.75,0.10000000,0
1506901739,22630863,302.75,0.10000000,0
1506901739,22630861,302.75,6.70000000,1
1506901739,22630860,302.69,0.10000000,0
1506901738,22630858,302.68,0.57000000,0
1506901738,22630857,302.45,1.73444454,0
1506901738,22630856,302.45,0.21031152,1
1506901737,22630855,302.35,6.70000000,0
1506901737,22630854,302.35,1.11386909,0
1506901737,22630851,302.34,2.86000000,0
1506901737,22630849,302.34,3.65645141,0
1506901736,22630848,302.19,0.10000000,0
1506901736,22630846,302.19,0.10000000,0
1506901736,22630843,302.11,0.10000000,0
1506901736,22630840,301.91,0.10000000,0
1506901734,22630833,301.76,0.10000000,0
1506901719,22630758,301.15,0.21031152,1
1506901708,22630743,301.75,1.10605025,1
1506901708,22630741,301.75,0.00781884,1
1506901708,22630740,301.77,1.10838074,1
1506901708,22630739,301.77,2.54807067,1
1506901698,22630724,301.99,0.10000000,1
1506901697,22630723,301.99,0.10000000,1
1506901690,22630707,302.19,0.10000000,1
1506901689,22630705,302.43,1.29960000,0
1506901686,22630695,302.34,0.10000000,1
1506901684,22630692,302.19,0.10000000,1
1506901684,22630691,302.34,0.10000000,1
1506901682,22630688,300.99,1.22885793,1
1506901675,22630674,302.45,1.68083980,0
1506901675,22630673,302.44,3.40000000,0
1506901675,22630672,302.43,0.77951000,0
1506901674,22630670,302.42,5.23350990,1
1506901674,22630668,301.94,0.10000000,0
1506901674,22630667,301.79,0.10000000,0
1506901672,22630666,301.65,0.26500000,0
1506901664,22630660,300.93,1.33822360,1
1506901615,22630596,300.88,0.17236101,0
1506901597,22630562,300.87,0.51454649,1
1506901597,22630561,300.88,2.37294689,1
1506901581,22630525,300.81,0.77951000,1
1506901581,22630524,300.97,0.10000000,1
1506901580,22630523,301.08,0.26500000,1
1506901579,22630522,300.97,0.10000000,1
1506901579,22630521,301.03,0.10000000,1
1506901579,22630520,301.03,0.10000000,1
1506901579,22630519,301.12,0.10000000,1
1506901578,22630518,301.12,0.10000000,1
1506901578,22630516,301.23,0.10000000,1
1506901568,22630502,301.23,0.10000000,1
1506901568,22630501,301.38,0.10000000,1
1506901566,22630500,301.38,0.10000000,1
1506901554,22630486,302.45,0.44863613,1
1506901554,22630483,302.26,0.81624485,0
1506901553,22630481,302.18,0.15331059,0
1506901553,22630479,302.18,0.14338308,0
1506901553,22630477,302.16,2.03000000,0
1506901553,22630476,302.16,1.36009550,0
1506901552,22630474,302.00,11.65231166,0
1506901552,22630472,301.94,3.66070423,0
1506901552,22630468,301.50,1.00000000,0
1506901550,22630457,301.49,0.23000000,0
1506901540,22630443,301.50,11.09608623,1
1506901540,22630441,301.46,1.99031381,0
1506901539,22630440,301.45,0.14000000,0
1506901539,22630439,301.26,0.26500000,0
1506901539,22630438,301.00,4.61621566,0
1506901538,22630437,300.96,0.11917090,0
1506901520,22630414,300.98,0.08292910,0
1506901505,22630405,301.00,0.08292359,0
1506901260,22630273,300.26,2.54630782,1
1506901260,22630272,300.27,0.23000000,1
1506901255,22630271,300.26,0.77087512,1
1506901248,22630264,300.25,19.02500000,1
1506901248,22630262,300.27,6.61000000,1
1506901248,22630260,300.96,0.26500000,1
1506901246,22630259,301.00,30.00000000,1
1506901246,22630258,301.00,1.00000000,1
1506901219,22630253,301.02,0.43596103,1
1506901212,22630251,301.02,14.23292436,1
1506900826,22630060,301.00,5.69375094,1
1506900826,22630059,301.00,0.92674806,1
1506900818,22630054,301.00,0.80655707,1
1506900818,22630053,301.01,0.20210000,1
1506900801,22630036,301.00,0.00082780,1
1506900800,22630035,301.02,1.19335175,1
1506900800,22630034,301.04,0.26500000,1
1506900782,22630019,301.97,0.99082689,1
1506900781,22630017,302.00,0.94130675,0
1506900779,22630011,301.97,0.26500000,1
1506900779,22630008,301.97,1.17000000,0
1506900779,22630007,301.95,0.21451311,0
1506900778,22630003,301.00,1.00000000,0
1506900778,22630002,301.00,0.73500000,0
1506900754,22629993,301.15,0.26500000,1
1506900604,22629850,301.50,1.00000000,1
1506900601,22629848,301.50,1.00000000,1
1506900599,22629845,301.50,1.00000000,1
1506900590,22629840,301.94,0.21452113,0
1506900588,22629837,301.52,0.14858998,0
1506900580,22629832,301.50,0.14859035,1
1506900578,22629830,301.51,0.12396520,1
1506900576,22629827,301.51,0.59365330,1
1506900570,22629819,301.52,0.34102307,1
1506900564,22629816,301.58,0.15331059,1
1506900557,22629794,301.58,0.14338308,1
1506900491,22629691,301.58,0.81624485,1
1506900484,22629681,301.57,1.50114678,1
1506900481,22629676,301.57,1.61600952,1
1506900476,22629669,301.55,0.26500627,1
1506900469,22629654,302.45,0.27295005,0
1506900468,22629649,303.05,1.07540009,1
1506900468,22629648,302.83,0.46000000,0
1506900467,22629647,302.82,0.38853370,0
1506900467,22629646,302.60,0.04934201,0
1506900467,22629645,302.59,6.16000000,0
1506900466,22629644,302.45,0.33145724,0
1506900466,22629643,302.23,1.56671108,0
1506900466,22629642,302.00,3.59944602,0
1506900464,22629641,301.93,1.11246805,0
1506900424,22629609,301.51,0.14472425,1
1506900360,22629592,301.51,0.19569000,1
1506900109,22629485,301.50,1.00000000,0
1506900108,22629484,301.49,3.65516757,0
1506900108,22629483,301.48,0.26500000,0
1506899507,22629285,300.57,0.02015500,1
1506899482,22629276,300.79,1.85911200,1
1506899414,22629259,300.80,1.85911200,0
1506899396,22629238,301.47,3.50814946,0
1506899219,22629154,300.88,5.57088800,1
1506899197,22629143,300.80,2.97739900,1
1506899193,22629141,300.80,1.85911200,1
1506899191,22629140,301.45,1.08000000,0
1506899185,22629136,300.81,3.05570394,1
1506899076,22629090,301.25,7.90527000,1
1506899070,22629085,301.25,0.35268000,1
1506898915,22629041,301.02,16.67646700,1
1506898913,22629040,300.64,3.00000000,1
1506898865,22629027,300.52,0.38578450,1
1506898865,22629026,300.52,2.97666400,1
1506898865,22629025,301.00,1.00000000,1
1506898864,22629024,301.01,6.66000000,1
1506898841,22629015,301.06,0.26500000,1
1506898840,22629014,301.07,0.43006182,1
1506898808,22628996,301.92,1.14569535,0
1506898808,22628995,301.91,0.23000000,0
1506898769,22628986,301.92,1.89886793,0
1506898754,22628983,301.58,7.15777404,1
1506898753,22628982,301.58,5.38328752,0
1506898753,22628981,301.57,1.45215000,0
1506898753,22628980,301.56,3.74000000,0
1506898742,22628955,301.57,0.04341431,1
1506898739,22628947,301.57,6.70000000,0
1506898728,22628924,301.58,2.41857076,0
1506898728,22628923,301.56,0.17140744,0
1506898682,22628902,301.58,2.19814172,0
1506898657,22628877,301.57,0.43014420,0
1506898617,22628829,301.47,0.09459256,0
1506898616,22628828,301.45,0.20200000,0
1506898570,22628799,301.51,0.37515027,0
1506898569,22628798,300.58,1.32771371,1
1506898569,22628797,300.58,0.23000000,1
1506898522,22628761,300.52,0.57380060,1
1506898520,22628760,300.56,4.27489940,1
1506898520,22628759,300.56,0.23000000,1
1506898500,22628746,300.55,1.21914400,1
1506898500,22628745,300.55,4.86385600,1
1506898500,22628744,300.56,0.20200000,1
1506898500,22628743,300.56,0.23000000,1
1506898472,22628727,300.55,1.83614400,1
1506898472,22628726,300.58,0.26600000,1
1506898456,22628699,300.75,0.33126200,1
1506898432,22628682,301.33,0.00000005,1
1506898431,22628678,301.33,1.11246800,1
1506898349,22628590,301.42,3.64402691,1
1506898349,22628589,301.54,0.04000000,1
1506898268,22628522,301.55,12.96852554,1
1506898171,22628485,301.54,0.24969093,0
1506898171,22628484,301.65,0.10000000,1
1506898169,22628483,301.74,0.01390573,1
1506898160,22628481,301.75,0.23159748,1
1506898141,22628443,301.76,1.41695446,1
1506898139,22628439,301.76,0.50327965,1
1506898136,22628436,301.77,2.42646872,1
1506898124,22628420,301.74,0.02609427,1
1506898123,22628419,301.89,0.04000000,1
1506897749,22628164,302.00,0.27262893,0
1506897742,22628135,302.00,22.21179985,1
1506897742,22628132,302.00,0.06791749,1
1506897738,22628128,301.91,3.64028266,0
1506897738,22628127,301.90,73.81500000,0
1506897738,22628126,301.89,0.26500000,0
1506897734,22628124,301.85,0.10000000,1
1506897677,22628098,302.00,0.10000000,1
1506897641,22628079,302.11,0.19039663,0
1506897630,22628077,301.06,2.22069065,1
1506897630,22628076,301.08,0.26500000,1
1506897630,22628075,301.09,0.23000000,1
1506897596,22628063,301.16,3.64028266,1
1506897559,22628051,302.22,2.04612381,0
1506897537,22628034,302.41,19.22235973,1
1506897537,22628032,302.40,0.27000000,0
1506897537,22628031,302.40,6.70000000,0
1506897537,22628030,301.98,0.27310107,0
1506897536,22628029,300.89,2.87220394,1
1506897530,22628024,301.98,0.27312869,0
1506897524,22628021,302.42,33.99691573,0
1506897524,22628020,302.34,0.04000000,0
1506897523,22628019,302.30,0.04498294,0
1506897523,22628018,302.20,0.10065064,0
1506897523,22628017,302.12,0.29955791,0
1506897523,22628016,302.00,1.16700000,0
1506897523,22628015,302.00,3.00000000,0
1506897523,22628014,302.00,0.50000000,0
1506897523,22628013,302.00,0.80000000,0
1506897523,22628012,302.00,0.52824137,0
1506897523,22628011,301.99,0.04000000,0
1506897523,22628010,301.99,0.09693136,0
1506897523,22628009,301.84,0.27498481,0
1506897522,22628008,301.83,0.00213282,0
1506897522,22628006,301.83,0.25860371,0
1506897522,22628005,301.80,30.64775123,0
1506897522,22628004,301.69,0.04000000,0
1506897522,22628003,301.57,0.01629912,0
1506897522,22628002,301.57,0.25892773,0
1506897522,22628001,301.51,3.63833945,0
1506897522,22628000,301.51,0.20220000,0
1506897522,22627999,301.50,73.19300000,0
1506897522,22627998,301.50,0.71648118,0
1506897521,22627997,301.49,0.01700000,0
1506897521,22627996,301.44,0.04000000,0
1506897521,22627995,301.24,0.04000000,0
1506897521,22627994,301.09,0.04000000,0
1506897503,22627990,300.79,0.98574066,1
1506897503,22627989,300.81,1.64050297,1
1506897498,22627986,300.81,0.02499896,1
1506897497,22627985,300.81,1.97283752,1
1506897497,22627984,300.82,0.20220000,1
1506897487,22627974,300.79,1.95895800,1
1506897392,22627914,301.46,3.75553332,0
1506897383,22627909,301.47,4.95501706,0
1506897383,22627908,301.32,0.04498294,0
1506897273,22627795,301.30,5.00000000,0
1506897260,22627769,301.30,0.27374339,0
1506897259,22627765,301.31,76.96013995,0
1506897257,22627763,301.31,0.01942132,0
1506897256,22627760,301.31,0.06262856,0
1506897256,22627759,301.31,0.06203956,0
1506897255,22627756,301.31,0.06146154,0
1506897255,22627755,301.31,0.05751191,0
1506897255,22627754,301.06,0.00338227,0
1506897255,22627753,301.06,0.06161773,0
1506897254,22627752,301.00,1.00000000,0
1506897254,22627751,300.99,0.04498294,0
1506897254,22627750,300.99,0.33046442,0
1506897253,22627748,300.89,0.30077672,0
1506897253,22627746,300.88,0.72000000,0
1506897253,22627745,300.75,0.27598403,0
1506897182,22627587,300.60,0.18862776,1
1506897121,22627565,300.41,0.04498294,0
1506897100,22627542,300.20,0.72501519,0
1506897099,22627541,300.20,30.00000000,0
1506896992,22627498,300.19,0.18505642,0
1506896987,22627497,300.18,0.49904730,0
1506896771,22627451,300.20,0.27498481,0
1506896748,22627441,300.15,0.01579210,0
1506896748,22627440,300.14,0.04000000,0
1506896746,22627439,300.06,0.11021936,0
1506896746,22627438,300.06,0.16640000,0
1506896682,22627424,300.00,0.47035808,0
1506896682,22627423,299.99,1.21128000,0
1506896565,22627401,300.00,5.06000010,0
1506896564,22627400,299.99,2.93999990,0
1506895764,22627255,300.00,4.46964182,0
1506895764,22627254,300.00,0.84404486,0
1506895764,22627253,300.00,1.00000000,0
1506895764,22627252,300.00,0.02241379,0
1506895764,22627251,300.00,3.25389953,0
1506895764,22627249,299.99,0.41000000,0
1506895751,22627239,300.00,0.36359666,0
1506895725,22627227,300.00,6.38250381,0
1506895725,22627226,299.99,0.04000000,0
1506895725,22627225,299.99,0.76153719,0
1506895668,22627202,299.99,1.01700850,0
1506895483,22627170,299.99,1.33600274,0
1506895483,22627169,299.99,3.32193917,0
1506895460,22627146,299.99,12.23651833,0
1506895460,22627145,299.98,0.49000000,0
1506895460,22627144,299.97,0.50000000,0
1506895355,22627117,299.98,0.51876604,0
1506895336,22627114,299.98,1.11763941,0
1506895336,22627113,299.98,0.67000000,0
1506895263,22627072,299.99,3.93197672,0
1506895263,22627071,299.99,1.11822495,0
1506895262,22627070,299.98,0.80000000,0
1506895262,22627069,299.85,0.04000000,0
1506895262,22627067,299.70,1.99000000,0
1506895260,22627066,299.69,1.33760465,0
1506895209,22627046,299.55,0.09000000,1
1506895208,22627041,299.55,0.09500000,1
1506895207,22627040,299.58,0.04000000,1
1506894638,22626886,299.69,0.82022399,0
1506894637,22626885,299.69,1.18595295,0
1506894421,22626763,299.70,0.02897480,1
1506894350,22626740,299.70,0.01102520,1
1506894348,22626738,299.85,0.04000000,1
1506894295,22626706,299.96,0.17000000,0
1506894076,22626635,299.96,0.31013614,0
1506894076,22626634,299.95,0.34030610,0
1506894076,22626633,299.95,0.10000000,0
1506894076,22626632,299.70,0.11640087,0
1506894076,22626631,299.69,0.04000000,0
1506894076,22626630,299.54,0.04000000,0
1506894073,22626618,299.24,3.18187420,0
1506894072,22626608,299.24,1.55181625,0
1506894071,22626604,299.24,6.16117496,0
1506894070,22626595,299.24,6.15449137,0
1506894068,22626585,299.24,6.14797486,0
1506893810,22626452,299.23,0.17987313,0
1506893008,22626238,299.23,0.20330000,0
1506892991,22626236,299.24,1.80266836,1
1506892961,22626230,299.24,25.00000000,1
1506892926,22626200,299.24,8.43479904,1
1506892926,22626199,299.25,0.20330000,1
1506892926,22626198,299.25,1.36167996,1
1506892925,22626197,299.25,0.64207527,1
1506892925,22626196,299.27,1.11822473,1
1506892923,22626193,299.27,2.53569300,1
1506892907,22626177,299.26,1.11822495,1
1506892887,22626153,299.24,14.26585180,0
1506892887,22626152,299.23,0.49668080,0
1506892747,22626108,299.24,0.14386000,0
1506892724,22626097,299.24,1.25314179,0
1506892724,22626096,299.23,0.09754721,0
1506892669,22626077,299.23,0.02590000,0
1506892666,22626074,299.23,0.17246800,0
1506892660,22626071,299.23,0.27037862,0
1506892655,22626068,299.23,0.15975300,0
1506892649,22626065,299.23,0.27395317,0
1506892649,22626064,299.22,1.11919063,0
1506892649,22626063,299.19,0.15888367,0
1506892648,22626062,299.18,0.63020253,0
1506892639,22626054,299.18,0.57533337,0
1506892638,22626053,299.15,0.04000000,0
1506892638,22626052,298.99,1.54629263,0
1506892634,22626051,298.99,11.91500000,0
1506892611,22626041,298.99,0.70404600,0
1506892602,22626034,298.99,2.77511300,0
1506892473,22625914,298.99,3.00796353,0
1506892472,22625912,298.65,1.26594600,0
1506892451,22625899,298.65,3.09574900,0
1506892418,22625865,298.65,20.63830500,0
1506892418,22625864,298.64,2.19000000,0
1506892109,22625587,298.29,0.36604688,1
1506891976,22625539,298.98,8.28645554,0
1506891945,22625508,298.99,5.05158484,0
1506891881,22625457,298.90,0.04000000,0
1506891881,22625456,298.70,0.04000000,0
1506891880,22625455,298.55,0.04000000,0
1506891817,22625392,298.25,13.74467367,1
1506891817,22625391,298.25,5.98000000,0
1506891817,22625390,298.53,0.11640087,1
1506891817,22625389,298.53,0.15888367,1
1506891815,22625385,299.15,0.00004179,1
1506891808,22625381,298.65,1.78845821,0
1506891803,22625376,298.65,1.67018249,0
1506891792,22625361,298.65,2.98687157,0
1506891754,22625293,298.65,11.53880100,0
1506891754,22625292,298.64,2.92605800,0
1506891733,22625260,298.65,0.03078200,0
1506891732,22625259,298.65,2.12028000,0
1506891732,22625258,298.65,5.72843700,0
1506891732,22625257,298.65,10.13618773,0
1506891732,22625256,298.64,0.25581627,0
1506891672,22625238,298.64,2.22859600,0
1506891664,22625235,298.64,1.17947604,0
1506891664,22625234,298.64,0.53716896,0
1506891663,22625233,298.64,1.47193900,0
1506891606,22625208,297.63,4.49444540,0
1506891606,22625207,297.63,4.85256930,0
1506891605,22625206,297.66,2.00937025,0
1506891605,22625205,297.88,0.04000000,1
1506891605,22625204,298.01,1.11919063,1
1506891604,22625201,298.23,0.04000000,1
1506891604,22625199,298.25,3.66388831,1
1506891604,22625197,298.53,0.04000000,1
1506891603,22625196,298.78,0.04000000,1
1506891603,22625194,298.98,0.04000000,1
1506891601,22625191,299.13,0.04000000,1
1506891586,22625185,299.24,0.59707157,0
1506891481,22625141,299.15,1.00000000,1
1506891321,22625079,299.24,8.58040368,0
1506891319,22625078,299.23,1.42000000,0
1506891237,22625047,299.24,0.15967116,0
1506891171,22625013,299.96,4.41557603,0
1506891171,22625012,299.77,0.31423308,0
1506891171,22625011,299.00,0.30000000,0
1506891171,22625010,298.99,0.01365968,0
1506891170,22625009,298.99,3.64341065,0
1506891126,22624937,298.98,0.82937200,0
1506891126,22624936,298.45,13.42154800,0
1506891120,22624925,298.45,4.17947300,0
1506891119,22624924,298.45,1.70198900,0
1506891119,22624922,298.45,2.22716300,0
1506891119,22624921,298.45,9.94214100,0
1506891119,22624920,298.45,2.57605400,0
1506891119,22624919,298.45,1.95163200,0
1506891090,22624891,298.65,0.00000417,0
1506891089,22624890,298.65,3.52855000,0
1506891076,22624869,298.65,0.31910000,0
1506891070,22624855,298.65,6.04335146,0
1506891069,22624851,298.65,13.32182384,0
1506891069,22624849,298.65,1.49001547,0
1506891064,22624837,298.65,4.78565400,0
1506891058,22624815,298.65,2.51476100,0
1506891057,22624811,298.65,3.99674006,0
1506891041,22624777,298.64,0.53949300,0
1506891041,22624776,298.64,1.31050700,0
1506890991,22624707,298.65,0.56703147,0
1506890977,22624670,298.65,3.99207600,0
1506890977,22624669,298.65,2.14709900,0
1506890977,22624668,298.65,1.27822000,0
1506890904,22624633,298.65,0.17237000,0
1506890775,22624588,298.65,3.33258159,0
1506890763,22624569,298.65,0.99266700,0
1506890743,22624557,298.65,1.54059317,0
1506890731,22624551,298.65,5.67526782,0
1506890727,22624547,298.65,1.44442052,0
1506890719,22624543,298.65,9.56541490,0
1506890719,22624542,298.64,2.00910796,0
1506890713,22624539,298.65,5.29225853,0
1506890713,22624538,298.64,2.19000000,0
1506890713,22624537,298.63,0.53998022,0
1506890713,22624536,298.62,0.26700000,0
1506890683,22624510,298.63,0.26232156,0
1506890683,22624509,298.61,2.67756733,0
1506890683,22624508,298.61,5.77243267,0
1506890681,22624506,298.03,0.00000124,0
1506890679,22624505,298.03,0.59351000,0
1506890678,22624504,298.03,0.80230178,1
1506890678,22624503,298.04,0.59545698,1
1506890654,22624497,298.62,2.00763524,0
1506890605,22624474,298.00,0.00000092,0
1506890604,22624472,298.00,0.27242000,0
1506890603,22624471,297.50,0.27242092,1
1506890603,22624470,297.50,0.30000000,1
1506890602,22624469,297.87,5.75000000,1
1506890602,22624468,297.90,10.46000000,1
1506890602,22624467,297.90,5.78000000,1
1506890602,22624466,298.55,7.34875110,1
1506890601,22624465,298.60,0.31423308,1
1506890601,22624464,298.62,3.65707033,1
1506890601,22624463,298.63,5.00000000,1
1506890599,22624462,298.89,0.26700000,1
1506890528,22624423,299.97,0.63982297,0
1506890528,22624422,299.97,0.02524354,0
1506890515,22624417,299.95,7.74290341,0
1506890515,22624416,299.94,0.77260942,0
1506890515,22624415,299.90,0.44000000,0
1506890503,22624414,299.93,0.31309722,0
1506890503,22624413,299.60,0.10216881,0
1506890503,22624412,299.60,0.10036170,0
1506890491,22624407,299.37,3.65835639,0
1506890491,22624406,299.30,0.10253692,0
1506890491,22624405,299.27,0.11000000,0
1506890491,22624404,298.84,0.54000000,0
1506890491,22624403,298.65,36.00000000,0
1506890491,22624402,298.65,0.05854475,0
1506890270,22624312,298.65,11.70192446,0
1506890264,22624309,298.65,10.70186802,0
1506890217,22624293,298.65,12.60781776,0
1506890217,22624292,298.64,0.21041060,0
1506889867,22624180,298.62,0.51060000,0
1506889839,22624170,298.62,0.04000000,1
1506889829,22624168,298.63,0.38403875,1
1506889826,22624166,298.64,0.10253692,1
1506889826,22624165,298.64,0.03923051,1
1506889825,22624162,298.65,0.30984507,0
1506889824,22624159,298.65,0.30999997,0
1506889821,22624158,298.65,0.30999997,1
1506889713,22624110,298.65,0.24000000,1
1506889345,22623901,298.64,0.06293830,0
1506889345,22623900,298.64,0.10036170,0
1506889344,22623899,298.63,2.93999990,1
1506889341,22623898,298.63,9.40000000,1
1506889341,22623897,298.63,0.26700000,1
1506889231,22623842,298.64,5.00000000,1
1506889231,22623841,298.67,0.04000000,1
1506889205,22623837,298.82,0.04000000,1
1506889090,22623785,298.99,0.36604688,0
1506888969,22623719,299.03,0.67200546,0
1506888969,22623718,298.93,0.00002000,0
1506888256,22623495,298.93,0.03998000,0
1506888235,22623484,298.63,56.73300000,1
1506888235,22623483,298.82,0.26700000,1
1506888035,22623428,298.63,2.14796135,1
1506888034,22623427,298.64,4.92683360,0
1506888034,22623426,298.64,10.43000000,0
1506888034,22623425,298.64,5.80000000,1
1506888034,22623424,298.73,0.04000000,1
1506888034,22623423,298.78,0.04000000,1
1506888033,22623422,298.78,0.04000000,1
1506888033,22623421,298.97,0.00426941,1
1506888033,22623420,299.34,6.47093564,1
1506888031,22623419,299.80,0.10000000,1
1506887892,22623369,299.34,69.38093100,1
1506887891,22623368,299.34,5.56575200,1
1506887883,22623363,299.35,0.90518400,1
1506887878,22623361,299.35,2.20040000,1
1506887870,22623356,299.34,1.69565700,1
1506887867,22623355,299.34,0.29000000,0
1506887842,22623349,298.97,0.03573059,1
1506887830,22623337,299.03,0.04000000,1
1506887830,22623336,299.03,0.04000000,1
1506887830,22623335,299.03,0.04000000,1
1506887830,22623334,299.16,0.31309722,1
1506887824,22623331,299.16,0.77260942,1
1506887824,22623330,299.17,0.20330000,1
1506887824,22623329,299.23,0.04000000,1
1506887807,22623322,299.23,0.04000000,1
1506887807,22623320,299.27,0.04000000,1
1506887806,22623318,299.28,0.04000000,1
1506887793,22623307,299.38,0.04000000,1
1506887793,22623306,299.38,0.04000000,1
1506887793,22623305,299.48,0.04000000,1
1506887753,22623287,299.49,1.12712533,1
1506887753,22623286,299.49,0.14206002,1
1506887753,22623285,299.51,1.00809387,1
1506887753,22623283,299.52,0.04000000,1
1506887753,22623282,299.72,0.04000000,1
1506887753,22623281,299.87,0.04000000,1
1506887154,22623087,299.98,1.00000000,0
1506886929,22623010,299.49,4.98407292,1
1506886905,22623003,299.49,13.77217675,1
1506886905,22623002,299.49,0.00234004,1
1506886905,22623001,299.51,3.65026252,1
1506886871,22622983,299.99,7.99573319,0
1506886871,22622982,299.99,3.39928416,0
1506886870,22622981,299.98,8.00000000,0
1506886870,22622980,299.85,0.00214829,0
1506886870,22622979,299.85,0.81374266,0
1506886870,22622978,299.85,1.35888165,0
1506886840,22622953,299.49,6.26702628,1
1506886800,22622936,299.96,0.01629912,1
1506886777,22622931,299.96,0.25892773,0
1506886771,22622929,299.96,0.01660221,0
1506886768,22622928,299.96,0.80815678,0
1506886768,22622927,299.95,0.04000000,0
1506886768,22622926,299.95,0.04000000,0
1506886768,22622925,299.92,0.04000000,0
1506886767,22622924,299.92,0.04000000,0
1506886767,22622923,299.92,0.04000000,0
1506886767,22622922,299.92,0.04000000,0
1506886767,22622921,299.85,0.04000000,0
1506886767,22622920,299.80,0.04000000,0
1506886767,22622919,299.80,0.27685788,0
1506886767,22622918,299.79,0.04000000,0
1506886767,22622917,299.79,0.04000000,0
1506886767,22622916,299.78,0.04000000,0
1506886641,22622878,299.75,1.00000000,0
1506886625,22622877,299.74,4.99470905,0
1506886623,22622875,299.74,6.76000000,0
1506886351,22622746,299.49,0.48000000,1
1506886168,22622681,299.49,8.24530000,1
1506886168,22622680,299.63,0.04000000,1
1506885891,22622616,299.74,2.12963845,0
1506885742,22622566,299.74,11.11565250,0
1506885741,22622565,299.73,0.04000000,0
1506885741,22622564,299.65,0.04000000,0
1506885729,22622562,299.60,22.04423041,0
1506885648,22622533,299.60,1.36202489,0
1506885640,22622530,299.49,1.36318082,1
1506885639,22622529,299.50,4.63681918,1
1506885578,22622494,299.60,1.66635514,0
1506885458,22622473,299.60,1.35807653,0
1506885446,22622465,299.50,0.36318082,1
1506885446,22622464,299.50,0.45307700,1
1506885300,22622411,299.60,9.03442700,0
1506885252,22622405,299.60,4.53488603,0
1506885251,22622404,299.59,0.61000000,0
1506885251,22622403,299.59,0.04000000,0
1506885251,22622402,299.59,0.04498294,0
1506885251,22622401,299.55,0.00003103,0
1506885244,22622394,299.55,0.03996897,0
1506885244,22622393,299.55,0.04000000,0
1506885244,22622392,299.53,9.04093103,0
1506885244,22622391,299.52,0.04000000,0
1506885244,22622390,299.52,0.04000000,0
1506885244,22622388,299.52,0.04000000,0
1506885244,22622386,299.52,0.04000000,0
1506885244,22622385,299.50,0.04000000,0
1506885239,22622383,299.49,2.88382861,0
1506885230,22622379,299.49,0.50913769,0
1506885225,22622374,299.49,2.35990638,0
1506885225,22622373,299.49,1.24983677,0
1506885218,22622367,299.49,4.73382870,0
1506885218,22622366,299.48,0.10442160,0
1506885210,22622338,299.49,1.99959663,0
1506885210,22622337,299.49,6.10466577,0
1506885210,22622336,299.48,0.25345060,0
1506885183,22622316,299.49,0.03034600,0
1506885168,22622314,299.49,9.08026845,0
1506885168,22622313,299.48,0.12097518,0
1506884891,22622210,299.49,6.64335500,0
1506884864,22622200,299.49,0.08993622,0
1506884836,22622183,299.49,0.04495142,0
1506884770,22622162,299.49,2.14281200,0
1506884728,22622154,299.48,0.08988614,0
1506884727,22622153,299.48,0.40000000,0
1506884706,22622145,299.49,0.40000000,0
1506884697,22622142,299.49,0.46366514,0
1506884697,22622141,299.45,0.04000000,0
1506884696,22622140,299.44,0.04000000,0
1506884696,22622139,299.43,0.04000000,0
1506884696,22622138,299.42,0.03011386,0
1506884683,22622132,299.42,0.00988614,0
1506884683,22622131,299.35,0.04000000,0
1506884683,22622130,299.35,0.04000000,0
1506884664,22622122,299.33,0.04988914,0
1506884664,22622121,299.30,0.04000000,0
1506884659,22622119,299.24,0.04000000,0
1506884658,22622118,299.24,1.82171317,0
1506884658,22622116,299.24,0.17977228,0
1506884651,22622110,299.23,0.08988614,0
1506884633,22622096,299.24,3.88435900,0
1506884628,22622092,299.24,3.71415600,0
1506884626,22622091,299.24,4.92851600,0
1506884626,22622090,299.21,0.23000000,0
1506884626,22622089,299.20,10.32000000,0
1506884613,22622076,299.23,0.08989740,0
1506884607,22622072,299.23,0.17000000,0
1506884607,22622071,299.23,0.84000000,0
1506884607,22622070,299.22,1.03148519,0
1506884606,22622068,299.22,0.17979481,0
1506884587,22622061,299.24,1.68073900,0
1506884587,22622060,299.20,0.04000000,0
1506884586,22622059,298.90,0.04000000,0
1506884586,22622058,298.89,12.40762324,0
1506884472,22622032,298.70,1.39218681,0
1506884458,22622022,298.39,0.87628902,1
1506884456,22622016,298.68,0.44955500,0
1506884449,22622015,298.70,14.85725800,0
1506884436,22622009,298.70,2.99836819,0
1506884428,22622008,298.70,1.39218700,0
1506884313,22621982,298.89,2.42005764,1
1506884255,22621970,298.89,1.23892677,0
1506884255,22621969,298.65,0.04000000,0
1506884255,22621968,298.45,0.04000000,0
1506884255,22621967,298.30,0.00002000,0
1506884254,22621966,298.29,0.36735028,1
1506884250,22621965,298.29,0.20380000,1
1506884240,22621958,298.30,0.03998000,0
1506884146,22621903,298.03,5.13551743,1
1506884079,22621881,298.00,11.24276093,0
1506884078,22621880,298.00,13.81370900,1
1506884078,22621879,298.00,6.26022300,1
1506884078,22621878,298.00,37.50517800,1
1506884078,22621877,298.00,45.08098510,1
1506884078,22621876,298.01,0.23000000,1
1506884078,22621875,298.05,10.41000000,1
1506884073,22621873,298.00,2.93999990,1
1506884071,22621872,298.00,3.22754000,0
1506884071,22621871,298.00,11.04800500,0
1506884071,22621870,298.00,13.14653600,0
1506884069,22621867,298.12,13.73613478,1
1506884069,22621866,298.14,2.01124880,1
1506884068,22621865,298.14,0.04000000,1
1506884068,22621864,298.14,0.04000000,1
1506884068,22621863,298.19,3.65898441,1
1506884068,22621862,298.19,0.04000000,1
1506884068,22621861,298.21,0.20380000,1
1506884068,22621860,298.39,0.04000000,1
1506884068,22621859,298.39,0.04000000,1
1506884068,22621858,298.59,0.04000000,1
1506884068,22621857,298.59,0.04000000,1
1506884067,22621856,298.74,0.04000000,1
1506884067,22621855,298.74,0.04000000,1
1506883818,22621806,299.24,8.79074455,0
1506883818,22621805,299.20,0.04000000,0
1506883818,22621804,299.20,0.04000000,0
1506883818,22621803,299.17,0.04000000,0
1506883818,22621802,299.17,0.04000000,0
1506883818,22621801,299.17,0.04000000,0
1506883818,22621800,299.17,0.04000000,0
1506883762,22621779,299.17,0.04000000,0
1506883762,22621778,299.15,0.04000000,0
1506883762,22621777,299.14,0.04000000,0
1506883762,22621776,299.13,0.04000000,0
1506883762,22621775,299.10,0.04000000,0
1506883762,22621774,299.05,0.04000000,0
1506883762,22621773,299.00,0.21120600,0
1506883752,22621770,299.00,0.14223200,0
1506883654,22621747,299.00,1.98656200,0
1506883654,22621746,298.95,0.04000000,0
1506883595,22621721,298.90,1.00403489,0
1506883559,22621713,298.90,5.10120434,0
1506883559,22621712,298.90,0.58451570,0
1506883557,22621711,298.90,0.22077830,0
1506883557,22621710,298.88,1.30395521,0
1506883557,22621709,298.88,0.69604479,0
1506883557,22621708,298.86,1.01140842,0
1506883556,22621707,298.86,0.49339534,0
1506883556,22621706,298.85,0.56924142,0
1506883543,22621697,298.85,0.36529271,0
1506883530,22621635,298.85,1.62971714,0
1506883497,22621610,298.85,0.06906000,0
1506883347,22621554,298.80,3.20286135,0
1506883346,22621553,298.80,6.76000000,0
1506882987,22621465,298.85,2.44812999,0
1506882987,22621464,298.79,0.04000000,0
1506882671,22621387,298.44,0.04000000,1
1506882441,22621322,298.64,0.04000000,1
1506882437,22621319,298.90,0.36735028,0
1506882436,22621318,298.79,0.04000000,1
1506882378,22621302,298.90,0.06549371,0
1506882378,22621301,298.75,0.04000000,0
1506882378,22621300,298.60,0.04000000,0
1506882274,22621268,297.84,0.03127000,1
1506882274,22621267,298.04,0.04000000,1
1506882272,22621266,298.19,0.04000000,1
1506882164,22621203,298.40,3.91552037,0
1506882059,22621181,298.41,3.65961058,0
1506882059,22621180,298.41,2.01065648,0
1506882059,22621179,298.40,10.41000000,0
1506882059,22621178,298.30,0.00421257,0
1506881992,22621168,298.30,2.78577989,0
1506881992,22621167,298.29,0.20390000,0
1506881825,22621135,298.30,2.15151200,0
1506881600,22621095,297.15,0.47095075,1
1506881600,22621094,297.32,0.46000000,1
1506881600,22621093,297.39,0.04000000,1
1506881600,22621092,297.40,10.41000000,1
1506881599,22621091,297.49,0.04000000,1
1506881599,22621090,297.66,4.85593480,1
1506881599,22621089,297.74,0.04000000,1
1506881599,22621088,297.79,0.04000000,1
1506881599,22621087,298.04,0.04000000,1
1506881599,22621086,298.04,0.04000000,1
1506881599,22621085,298.23,6.10659209,1
1506881599,22621084,298.24,0.20390000,1
1506881599,22621083,298.24,2.01054101,1
1506881599,22621082,298.24,0.04000000,1
1506881598,22621081,298.26,3.65961058,1
1506881598,22621080,298.29,0.04000000,1
1506881598,22621079,298.39,0.04000000,1
1506881598,22621078,298.49,0.04000000,1
1506881598,22621077,298.50,0.07236689,1
1506881554,22621067,299.00,2.12679393,0
1506881507,22621023,299.05,0.24226717,0
1506881507,22621022,299.04,2.43000000,0
1506881504,22621019,299.00,0.04024468,0
1506881503,22621018,299.00,3.00000000,0
1506881503,22621017,299.00,0.04000000,0
1506881503,22621016,299.00,3.00000000,0
1506881503,22621015,299.00,0.10000000,0
1506881503,22621014,298.99,1.13487948,0
1506881503,22621013,298.90,1.09904132,0
1506881503,22621012,298.80,5.00000000,0
1506881503,22621011,298.76,3.00000000,0
1506881503,22621010,298.75,0.41355104,0
1506881502,22621009,298.75,1.04548955,0
1506881487,22621004,298.75,2.24030125,0
1506881364,22620982,298.75,0.71420920,0
1506881308,22620975,298.50,1.46000000,1
1506881308,22620974,298.64,0.04000000,1
1506881239,22620958,298.75,1.80000000,0
1506881176,22620949,298.99,7.99317680,0
1506881176,22620948,298.98,2.00682320,0
1506881134,22620939,298.97,2.07136800,0
1506881134,22620938,298.96,1.16863200,0
1506881134,22620937,298.96,6.76000000,0
1506881126,22620932,298.50,6.76000000,1
1506881118,22620927,298.52,0.00000004,0
1506881118,22620926,298.52,4.27508096,0
1506881117,22620925,298.52,2.48491904,1
1506881100,22620920,298.52,1.16863189,1
1506881033,22620897,298.90,5.00000000,0
1506880965,22620883,298.99,15.87194372,0
1506880965,22620882,298.98,2.89000000,0
1506880965,22620881,298.98,0.04000000,0
1506880965,22620880,298.95,0.12992357,0
1506880965,22620879,298.94,0.04000000,0
1506880965,22620878,298.90,0.04000000,0
1506880964,22620877,298.89,0.04000000,0
1506880964,22620876,298.88,0.04000000,0
1506880964,22620874,298.87,0.04000000,0
1506880964,22620873,298.70,0.86813271,0
1506880769,22620806,298.50,0.99000000,1
1506880769,22620805,298.51,3.48368800,0
1506880736,22620792,298.50,0.71763311,1
1506880736,22620791,298.51,2.00872250,1
1506880688,22620785,297.59,0.99480559,1
1506880571,22620769,297.99,0.80392239,1
1506880527,22620756,297.81,0.10080417,1
1506880465,22620739,298.69,0.28000000,0
1506880346,22620711,298.70,0.40210342,0
1506880325,22620708,297.11,0.97479585,1
1506880325,22620707,297.13,0.85670948,0
1506880323,22620706,298.41,0.16849467,1
1506880243,22620692,298.79,0.84515230,0
1506880242,22620691,298.75,0.04000000,0
1506880230,22620688,298.72,0.16831982,0
1506880230,22620687,298.44,0.16640288,0
1506880217,22620680,297.00,1.67217093,0
1506880216,22620679,297.09,0.04000000,1
1506880215,22620678,297.14,3.50000000,1
1506880215,22620677,297.44,0.04000000,1
1506880215,22620676,297.49,3.30594903,1
1506880215,22620675,297.52,69.30800000,1
1506880215,22620674,297.74,0.04000000,1
1506880215,22620673,297.99,0.04000000,1
1506880215,22620672,298.19,0.04000000,1
1506880215,22620671,298.34,0.04000000,1
1506880171,22620656,298.45,0.11021936,0
1506880171,22620655,298.44,0.16640000,0
1506880170,22620652,298.45,0.16640291,0
1506880168,22620649,298.44,0.00191691,0
1506880168,22620647,298.44,3.01797325,0
1506880168,22620646,298.43,0.27812905,0
1506880167,22620645,298.42,2.66000000,0
1506880167,22620644,298.00,13.49013067,0
1506880167,22620643,298.00,29.45456106,0
1506880148,22620628,297.99,0.63383057,0
1506880089,22620585,296.12,0.49625625,1
1506880080,22620569,297.99,1.44000000,0
1506880079,22620568,297.98,0.62000000,0
1506880052,22620555,298.00,9.05530827,0
1506880052,22620554,298.00,5.28251073,0
1506880052,22620553,298.00,0.95931733,0
1506880052,22620552,298.00,3.65688100,0
1506880052,22620551,297.97,0.56185200,0
1506880050,22620549,297.98,3.05415500,0
1506880024,22620543,297.97,0.04940105,0
1506880005,22620525,298.00,3.85813500,0
1506880005,22620524,297.93,0.04000000,0
1506880005,22620523,297.91,2.18306300,0
1506880004,22620522,297.91,1.22293500,0
1506879999,22620518,297.91,0.40400200,0
1506879999,22620517,297.61,0.76000000,0
1506879999,22620516,297.57,1.78000000,0
1506879998,22620515,297.56,2.74842100,0
1506879991,22620511,297.92,5.79875382,0
1506879991,22620510,297.63,0.06821885,0
1506879991,22620509,297.63,3.01900555,0
1506879991,22620507,297.62,0.20560750,0
1506879988,22620506,297.63,1.33239900,0
1506879982,22620499,297.63,3.83485747,0
1506879981,22620498,297.62,2.78043800,0
1506879981,22620497,297.62,3.30604400,0
1506879980,22620496,297.62,1.22395600,0
1506879979,22620495,297.59,0.49904740,0
1506879978,22620493,297.57,7.03052500,0
1506879976,22620490,297.56,0.04236702,0
1506879965,22620482,297.00,0.06548523,0
1506879965,22620481,296.85,0.04999562,0
1506879965,22620480,296.75,0.50556758,0
1506879965,22620478,296.75,1.21820733,0
1506879964,22620472,296.75,0.02000000,0
1506879962,22620468,295.51,0.97028000,1
1506879962,22620467,295.95,0.24100000,1
1506879960,22620465,296.75,0.27812905,0
1506879959,22620464,296.83,0.02000000,0
1506879959,22620463,296.83,1.19075128,0
1506879959,22620459,296.83,2.01396354,0
1506879958,22620456,296.77,0.10148735,0
1506879958,22620454,296.47,0.10182519,0
1506879958,22620450,295.50,0.95931733,0
1506879956,22620447,295.50,0.04068267,0
1506879956,22620444,295.03,0.00931733,0
1506879956,22620443,295.03,0.02000000,0
1506879955,22620439,294.58,0.10000000,0
1506879955,22620438,294.50,1.00000000,0
1506879955,22620437,293.73,0.34252130,0
1506879954,22620430,293.47,1.09173728,0
1506879953,22620426,293.47,0.35548658,0
1506879953,22620420,293.47,0.36000000,0
1506879952,22620415,293.27,0.02931733,1
1506879952,22620412,293.49,0.56478503,1
1506879952,22620410,293.50,0.56799101,1
1506879951,22620406,294.08,0.97068267,0
1506879951,22620405,293.50,0.01314303,0
1506879950,22620398,293.50,0.17126065,0
1506879950,22620397,293.50,0.17126065,0
1506879949,22620386,293.47,0.18556000,0
1506879949,22620379,293.50,0.02000000,0
1506879948,22620377,293.50,0.19233567,0
1506879946,22620368,293.26,0.20000000,1
1506879946,22620363,293.50,0.43200000,0
1506879946,22620360,293.00,1.00000000,0
1506879946,22620358,288.99,0.26800000,0
1506879945,22620349,286.16,0.20000000,1
1506879945,22620347,286.16,5.70699514,1
1506879944,22620346,287.00,1.00000000,1
1506879944,22620345,287.00,0.20000000,1
1506879944,22620344,287.00,0.20000000,1
1506879944,22620342,287.57,1.37608233,1
1506879943,22620338,287.86,0.05000000,1
1506879943,22620337,287.95,0.20000000,1
1506879943,22620335,288.00,0.38391290,1
1506879943,22620334,288.00,10.00000000,1
1506879942,22620332,288.00,0.95000000,1
1506879942,22620330,288.00,13.00000000,1
1506879942,22620329,288.65,0.10290202,1
1506879942,22620328,288.65,3.00000000,1
1506879941,22620324,289.00,2.45000000,1
1506879941,22620323,289.00,50.00000000,1
1506879941,22620322,289.00,0.82728271,0
1506879941,22620319,289.05,0.04024468,1
1506879940,22620317,290.00,5.00000000,1
1506879940,22620316,290.00,22.36829839,1
1506879940,22620314,290.00,3.00000000,1
1506879940,22620313,290.00,0.02241379,1
1506879940,22620312,290.00,0.22020711,1
1506879940,22620311,290.00,52.00000000,1
1506879940,22620310,290.05,1.00000000,1
1506879939,22620307,290.10,0.05000000,1
1506879939,22620305,290.23,0.10000000,1
1506879939,22620302,290.57,144.43700001,1
1506879938,22620300,290.97,5.13551743,1
1506879938,22620298,290.97,0.02000000,0
1506879938,22620295,291.00,148.84081082,1
1506879938,22620293,291.00,171.93510502,1
1506879937,22620290,291.20,3.17700000,1
1506879937,22620289,291.20,20.00000000,1
1506879937,22620288,291.20,0.10182519,0
1506879937,22620287,291.30,0.10000000,1
1506879936,22620285,291.57,0.10187148,1
1506879936,22620284,291.57,0.10148735,0
1506879936,22620282,291.57,0.94944496,0
1506879936,22620277,291.80,16.76298227,1
1506879935,22620273,292.00,1.00000000,1
1506879935,22620271,292.00,11.73738179,1
1506879935,22620269,292.00,3.00000000,1
1506879934,22620265,292.20,0.04999562,1
1506879934,22620263,292.42,13.64989612,1
1506879934,22620261,292.69,0.29984984,1
1506879933,22620257,292.85,0.06548523,1
1506879933,22620248,293.00,2.96000000,1
1506879932,22620246,293.00,1.00000000,1
1506879932,22620244,294.00,1.16700000,1
1506879932,22620242,294.00,1.00000000,1
1506879931,22620239,294.12,0.51293910,1
1506879931,22620237,294.12,144.43700001,0
1506879931,22620234,294.52,0.10085110,1
1506879931,22620231,294.52,0.10085110,1
1506879930,22620226,294.99,4.00000000,1
1506879930,22620222,295.00,2.00000000,1
1506879930,22620221,295.00,5.00000000,1
1506879930,22620219,295.00,78.02611996,1
1506879929,22620217,295.00,1.00000000,1
1506879929,22620216,295.03,0.50000000,1
1506879929,22620213,295.13,0.14521546,1
1506879928,22620205,295.33,0.04000000,1
1506879928,22620200,295.33,13.08287543,0
1506879928,22620194,295.52,0.04000000,1
1506879927,22620191,295.53,0.04000000,1
1506879927,22620190,295.53,0.47000000,0
1506879927,22620187,295.82,0.04000000,1
1506879926,22620185,295.83,0.04000000,1
1506879926,22620183,295.83,2.33000000,0
1506879926,22620181,296.02,0.04000000,1
1506879926,22620177,296.03,0.04000000,1
1506879925,22620172,296.28,0.04000000,1
1506879925,22620170,296.32,0.04000000,1
1506879924,22620167,296.47,0.04000000,1
1506879924,22620165,296.48,0.04000000,1
1506879924,22620163,296.68,0.04000000,1
1506879924,22620159,296.75,13.75684406,1
1506879923,22620157,296.76,0.51000000,1
1506879923,22620156,296.77,0.04000000,1
1506879923,22620153,296.78,6.74000000,0
1506879922,22620151,296.87,0.04000000,1
1506879922,22620149,296.88,0.04000000,1
1506879922,22620146,297.03,0.04000000,1
1506879921,22620143,297.17,0.04000000,1
1506879921,22620141,297.21,2.57000000,1
1506879921,22620139,297.22,0.86813271,1
1506879921,22620138,297.22,0.04000000,1
1506879920,22620136,297.23,0.10080417,1
1506879920,22620134,297.33,0.04000000,1
1506879920,22620132,297.58,0.04000000,1
1506879919,22620128,297.78,0.04000000,1
1506879919,22620124,297.93,0.04000000,1
1506879917,22620117,297.95,2.02737470,1
1506879916,22620111,297.95,0.99251546,1
1506879796,22620017,297.95,0.62200000,1
1506879794,22620016,298.01,0.26800000,1
1506879703,22619984,298.86,0.22319996,0
1506879691,22619979,298.87,0.04000000,0
1506879691,22619978,298.87,0.04000000,0
1506879691,22619977,298.87,0.04000000,0
1506879690,22619976,298.85,0.04498294,0
1506879690,22619975,298.83,0.04000000,0
1506879682,22619973,298.71,0.01667169,0
1506879680,22619972,298.71,3.97612569,0
1506879680,22619971,298.70,0.20390000,0
1506879679,22619970,298.70,0.85802352,0
1506879679,22619969,298.70,2.77696413,0
1506879679,22619968,298.69,0.04000000,0
1506879679,22619967,298.49,0.04000000,0
1506879678,22619966,298.34,0.04000000,0
1506879403,22619870,298.04,0.36886365,1
1506879261,22619818,297.23,3.88134201,0
1506879261,22619817,297.23,0.04000000,1
1506879260,22619816,297.26,0.20390000,1
1506879260,22619815,297.27,1.80780430,0
1506879260,22619814,297.38,3.63498765,1
1506879259,22619812,297.52,0.04000000,1
1506879259,22619811,297.52,0.04000000,1
1506879259,22619810,297.53,0.04000000,1
1506879259,22619809,297.77,0.04000000,1
1506879258,22619808,297.78,0.04000000,1
1506879258,22619806,297.82,0.04000000,1
1506879258,22619805,297.97,0.04000000,1
1506879257,22619802,297.98,0.04000000,1
1506879257,22619801,298.07,0.04000000,1
1506879257,22619800,298.27,0.04000000,1
1506879255,22619798,298.42,0.03296604,1
1506879175,22619787,298.42,0.00703396,1
1506879175,22619786,298.75,1.53266300,1
1506879143,22619777,298.75,0.14730000,1
1506879143,22619776,298.75,11.00003700,1
1506879124,22619773,298.76,2.00707496,1
1506879121,22619769,298.75,1.06000000,1
1506879119,22619766,298.74,25.00000000,0
1506879119,22619765,298.73,1.26000000,0
1506879095,22619759,298.73,0.27598403,0
1506879089,22619757,298.73,0.00010935,0
1506879089,22619756,298.73,0.27784824,0
1506879088,22619755,298.50,0.19196000,0
1506879076,22619749,298.69,0.04000000,0
1506879076,22619748,298.68,0.04000000,0
1506879076,22619747,298.62,0.04000000,0
1506879076,22619746,298.62,0.04000000,0
1506879076,22619745,298.62,0.04000000,0
1506879064,22619738,298.62,0.04000000,0
1506879064,22619736,298.60,0.04000000,0
1506879064,22619735,298.54,0.04000000,0
1506879063,22619734,298.53,0.03786718,0
1506879031,22619725,298.53,0.00213282,0
1506879031,22619724,298.53,0.27439581,0
1506879021,22619723,298.50,0.27806348,0
1506879021,22619722,298.49,25.00000000,0
1506879021,22619721,298.42,0.04000000,0
1506879021,22619720,298.42,0.04000000,0
1506879020,22619719,298.42,0.04000000,0
1506879020,22619718,298.42,0.04000000,0
1506879020,22619717,298.41,1.54000000,0
1506879020,22619716,298.27,0.04000000,0
1506879020,22619715,298.27,0.04000000,0
1506879020,22619714,298.27,0.04000000,0
1506879020,22619713,298.27,0.04000000,0
1506879020,22619712,298.25,0.04000000,0
1506879020,22619711,298.24,22.77040991,0
1506878918,22619658,298.00,0.72692030,0
1506878918,22619657,297.99,2.37000000,0
1506878878,22619651,298.10,0.10000000,1
1506878878,22619650,298.13,0.04000000,1
1506878607,22619550,298.24,0.72959009,0
1506878448,22619507,298.24,1.00000000,0
1506878301,22619483,298.24,0.50000000,0
1506878102,22619447,298.00,30.00000000,1
1506878033,22619409,298.00,0.60000000,1
1506877995,22619402,298.00,1.36000000,1
1506877982,22619396,298.00,0.08000000,1
1506877982,22619395,298.12,0.04000000,1
1506877928,22619384,298.00,3.97242402,1
1506877925,22619379,298.00,3.98041457,1
1506877574,22619302,298.23,0.31930808,0
1506877396,22619250,298.23,1.74251416,0
1506877396,22619249,298.21,0.04498294,0
1506877396,22619247,298.10,3.20635561,0
1506877396,22619246,298.06,0.08940387,0
1506877395,22619244,297.95,0.04000000,0
1506877395,22619243,297.70,0.04000000,0
1506877393,22619242,297.50,0.04000000,0
1506877378,22619235,297.35,0.02000000,0
1506877370,22619197,297.35,0.02000000,0
1506877107,22619113,297.05,4.43216300,1
1506876989,22619091,298.06,0.36886365,0
1506876821,22619025,298.06,2.54173248,0
1506876821,22619024,298.00,0.55187676,0
1506876821,22619023,298.00,2.34933111,0
1506876821,22619022,297.99,0.29566444,0
1506876721,22618980,297.97,3.24548425,0
1506876638,22618931,297.99,0.08889803,0
1506876344,22618859,297.50,5.90160500,0
1506876342,22618854,297.50,2.00000000,1
1506876342,22618853,297.52,3.63004672,1
1506875848,22618685,298.00,0.20732517,0
1506875848,22618684,297.99,0.42104283,0
1506875817,22618667,297.99,8.02941900,0
1506875817,22618666,297.99,5.66162800,0
1506875795,22618654,297.41,1.15500000,1
1506875690,22618631,297.99,3.50000000,0
1506875686,22618629,297.99,7.11105229,0
1506875675,22618627,297.97,2.92604131,0
1506875661,22618624,297.97,1.97395859,0
1506875660,22618623,297.96,13.02604141,0
1506875324,22618501,297.98,0.86692030,0
1506875289,22618489,297.98,0.10750000,0
1506875051,22618426,297.99,0.27685788,0
1506875040,22618423,297.98,2.46000000,0
1506875040,22618422,297.77,0.05000000,0
1506875040,22618421,297.75,0.27873003,0
1506874798,22618374,297.74,2.10058075,0
1506874784,22618373,297.74,6.76000000,0
1506874783,22618371,297.74,6.76000000,0
1506874782,22618370,297.74,6.70920938,0
1506874710,22618341,297.74,2.57511917,0
1506874686,22618337,297.74,0.09509070,0
1506874685,22618336,297.67,0.04498294,0
1506874685,22618335,297.65,0.03759177,0
1506874651,22618298,297.49,4.33391078,0
1506874629,22618284,297.49,0.91915288,0
1506874629,22618283,297.48,2.01694232,0
1506874628,22618282,297.49,3.59005661,0
1506874627,22618281,297.10,3.67644239,0
1506874626,22618280,297.10,2.50285826,0
1506874626,22618279,297.09,2.21660774,0
1506874611,22618272,297.09,1.42093500,0
1506874040,22618141,297.10,8.69121765,0
1506874040,22618140,297.10,0.54292028,0
1506874040,22618139,297.10,1.52942409,0
1506874040,22618138,297.09,2.93000000,0
1506874029,22618137,297.09,0.10572554,0
1506874027,22618133,297.09,2.19391632,0
1506874026,22618131,297.09,0.53000000,0
1506874020,22618129,297.10,0.63042884,0
1506874008,22618125,297.10,0.70224448,0
1506874008,22618124,297.09,0.39659527,0
1506874008,22618123,297.08,0.26900000,0
1506873996,22618119,297.10,2.70295731,0
1506873958,22618110,296.01,0.10232677,1
1506873957,22618109,296.46,0.26900000,0
1506873932,22618075,297.19,0.79000000,1
1506873735,22618025,295.97,1.15004893,1
1506873687,22618016,296.51,0.53416541,1
1506873687,22618015,296.55,2.52800000,1
1506873687,22618014,297.00,8.15000000,1
1506873687,22618013,297.04,2.01873041,1
1506873687,22618012,297.06,3.62953573,1
1506873547,22617947,297.49,0.60862000,0
1506873511,22617935,297.48,0.10138000,1
1506873457,22617920,297.49,0.71000000,0
1506873392,22617893,297.48,1.29000000,1
1506873352,22617874,297.47,1.46500000,1
1506873342,22617873,297.47,0.03500000,1
1506872609,22617721,297.06,0.13482124,0
1506872607,22617720,297.04,1.88067130,0
1506872428,22617697,295.70,0.41800000,1
1506872327,22617683,296.10,0.66537130,1
1506872024,22617582,296.46,0.03500000,1
1506871730,22617509,297.49,0.01674006,0
1506871549,22617446,297.45,0.27329677,1
1506871548,22617445,297.45,0.09803000,0
1506871283,22617363,297.49,14.82151967,0
1506871283,22617362,297.48,1.54000000,0
1506871283,22617361,297.24,3.40848033,0
1506871283,22617360,297.11,0.23000000,0
1506870993,22617243,297.20,0.09803000,0
1506870993,22617242,296.33,0.20530000,0
1506870643,22617079,295.43,0.09803000,0
1506870643,22617075,295.43,0.20530000,1
1506870643,22617074,296.18,0.04000000,1
1506870539,22616994,297.23,1.47407428,0
1506870539,22616993,297.22,0.23000000,0
1506870525,22616966,296.19,2.30252966,0
1506870469,22616941,296.18,1.00000000,0
1506870322,22616859,295.72,0.17056333,1
1506870320,22616857,295.71,0.00003667,0
1506870317,22616854,295.71,0.17060000,0
1506870311,22616846,296.30,0.17063667,0
1506870310,22616845,295.13,0.27000000,1
1506870309,22616844,295.12,2.48110000,1
1506870307,22616843,295.13,0.23000000,1
1506870201,22616816,295.42,1.79730000,0
1506870201,22616815,295.42,0.27000000,1
1506870156,22616777,297.24,5.27301170,0
1506870155,22616776,297.20,0.42000000,0
1506870155,22616775,297.20,2.12000000,0
1506870155,22616774,296.50,1.00000000,0
1506870153,22616771,296.00,15.57476132,0
1506869241,22616507,296.00,3.06993462,0
1506869241,22616505,295.99,0.00013294,0
1506869239,22616502,295.99,0.06016706,0
1506869239,22616501,295.99,0.20570000,0
1506868853,22616361,296.02,1.53987451,1
1506868853,22616360,296.02,0.14497786,0
1506868556,22616283,295.64,0.14500000,1
1506868556,22616282,295.67,0.20570000,1
1506868529,22616275,295.05,0.06030000,1
1506868529,22616274,295.64,0.14500000,1
1506868527,22616273,295.05,0.14497786,1
1506868525,22616272,295.06,0.23000000,1
1506868498,22616254,296.00,0.03100000,1
1506867649,22615741,296.35,9.91271884,0
1506867591,22615683,296.00,1.00000000,1
1506867565,22615675,295.73,0.10138000,1
1506867550,22615663,295.73,0.27784824,0
1506867550,22615659,295.74,0.20530000,1
1506867549,22615658,297.35,41.05189370,0
1506867549,22615657,297.35,18.01733000,1
1506867549,22615656,297.35,4.76629000,1
1506867548,22615655,297.34,2.57000000,1
1506867548,22615654,297.34,29.96381700,0
1506867548,22615653,297.24,25.00000000,0
1506867547,22615652,297.20,1.00000000,0
1506867547,22615651,297.13,0.09486059,0
1506867547,22615650,297.13,0.18447799,0
1506867547,22615649,296.99,25.00000000,0
1506867547,22615648,296.99,2.02033807,1
1506867547,22615647,296.99,8.22730700,1
1506867546,22615646,296.81,0.44000000,0
1506867546,22615645,296.32,0.40550777,0
1506867545,22615644,295.94,0.10156618,0
1506867545,22615643,295.91,0.21000000,0
1506867545,22615642,295.91,4.47269300,1
1506867544,22615641,295.78,0.28391919,0
1506867544,22615640,295.78,33.67775100,1
1506867544,22615639,295.78,13.26708600,1
1506867543,22615638,295.73,8.50000000,1
1506867542,22615637,295.73,2.64759082,0
1506867542,22615636,295.72,44.06200000,0
1506867360,22615601,295.73,1.01190275,0
1506867301,22615588,295.69,1.93111741,0
1506867300,22615587,295.65,0.10156618,0
1506867300,22615586,295.59,0.64000000,0
1506867300,22615585,295.55,12.76700000,0
1506867300,22615584,295.54,0.02501235,0
1506867300,22615583,295.54,3.18000000,0
1506867193,22615551,294.84,1.03570905,1
1506867193,22615549,295.00,0.10156618,1
1506867193,22615548,295.00,0.10156618,1
1506867193,22615547,295.00,0.67462259,1
1506867190,22615546,295.00,5.83914400,1
1506867188,22615540,295.00,2.90647100,1
1506867179,22615518,295.00,0.57976241,1
1506867178,22615517,295.32,0.09486059,1
1506867167,22615497,295.55,2.06206118,1
1506867163,22615492,295.55,1.67364200,1
1506867163,22615491,295.55,8.58248259,1
1506867162,22615490,295.55,20.37934900,1
1506867162,22615487,295.55,5.60510400,1
1506867151,22615472,295.55,0.02144400,1
1506867151,22615469,295.55,0.40991500,1
1506867141,22615457,295.85,1.00000000,0
1506867137,22615451,295.55,6.78259700,1
1506867137,22615450,295.55,3.77999400,1
1506867123,22615435,295.55,1.00082900,1
1506867121,22615434,295.55,3.48402200,1
1506867120,22615433,295.55,2.27701000,1
1506867118,22615431,295.55,3.39195200,1
1506867117,22615430,295.55,9.72000000,1
1506867117,22615429,295.55,1.11604800,1
1506867102,22615415,295.56,0.33252000,1
1506867095,22615409,295.55,1.87000000,1
1506867095,22615408,295.55,3.94050900,1
1506867094,22615407,295.55,1.17179300,1
1506867093,22615406,295.55,4.31222900,1
1506867093,22615405,295.55,1.00000000,1
1506867093,22615404,295.56,0.23257303,1
1506867086,22615397,295.56,1.60742697,1
1506867086,22615396,295.56,3.74000000,1
1506867086,22615395,295.57,2.02246615,1
1506867069,22615370,295.32,0.18447799,0
1506867060,22615366,295.21,0.28115844,0
1506867058,22615365,295.20,0.02501235,0
1506867052,22615360,295.19,1.75835188,1
1506867020,22615355,295.20,0.84518970,0
1506866899,22615320,294.86,4.65037771,0
1506866848,22615304,294.92,0.00000001,1
1506866844,22615298,294.92,0.43509999,1
1506866843,22615297,294.92,0.22905451,1
1506866840,22615292,294.92,0.20604549,1
1506866840,22615288,294.92,0.00001286,1
1506866839,22615282,294.92,0.22902879,1
1506866837,22615275,294.92,0.20605835,1
1506866833,22615273,294.83,0.23000000,0
1506866833,22615272,294.83,0.20510000,0
1506866748,22615230,293.72,0.46000000,0
1506866718,22615209,293.62,0.36272320,0
1506866717,22615206,293.62,0.20626196,0
1506866716,22615199,293.62,7.53861462,0
1506866715,22615198,293.62,0.28115844,0
1506866714,22615196,293.62,2.06000000,0
1506866713,22615194,293.71,0.28391919,1
1506866713,22615193,293.72,9.12248259,1
1506866713,22615192,294.50,0.02400000,1
1506866711,22615188,295.91,0.00002950,1
1506866711,22615183,295.91,0.20507050,1
1506866710,22615182,297.34,4.09446525,0
1506866710,22615181,297.34,8.16800390,1
1506866709,22615180,297.34,0.69441522,1
1506866709,22615178,296.55,0.27988721,0
1506866709,22615176,296.32,5.00000000,0
1506866708,22615175,296.18,0.44000000,0
1506866708,22615174,296.00,0.06489802,0
1506866708,22615173,295.90,0.04999562,0
1506866707,22615171,295.30,0.28391919,0
1506866707,22615170,294.73,0.60000000,0
1506866707,22615169,294.63,3.00000000,0
1506866706,22615168,294.61,41.52700000,1
1506866706,22615167,294.61,5.11044177,1
1506866705,22615166,294.61,5.78000000,0
1506866592,22615133,294.78,1.01516385,0
1506866533,22615101,294.50,1.00000000,0
1506866493,22615084,294.48,9.12248259,0
1506866391,22615061,294.49,0.23000000,0
1506865943,22614861,294.32,5.23969409,0
1506865943,22614860,294.31,0.23000000,0
1506865753,22614794,294.49,0.06638595,0
1506865751,22614793,293.56,6.73000000,0
1506865693,22614775,293.58,0.22997112,1
1506865693,22614774,293.58,0.51000000,0
1506865693,22614773,293.58,0.38000000,0
1506865693,22614772,293.58,3.14000000,0
1506865693,22614771,293.58,2.69622331,0
1506865693,22614770,293.57,2.04380557,0
1506865675,22614762,293.00,16.76561562,1
1506865675,22614761,293.01,1.76000000,1
1506865675,22614760,293.01,0.11327856,1
1506865675,22614759,293.02,1.14536000,1
1506865675,22614758,293.03,0.21574582,1
1506865601,22614707,293.02,1.35464000,1
1506865512,22614672,293.58,0.51611200,0
1506865509,22614670,293.58,0.37497786,0
1506865454,22614653,293.58,3.00000000,0
1506865284,22614587,293.58,0.14268683,0
1506865258,22614568,293.60,0.54245836,0
1506865070,22614488,293.60,1.66958446,0
1506865068,22614487,293.59,0.03000000,0
1506864982,22614421,293.60,0.03419619,0
1506864966,22614410,292.72,0.03000000,1
1506864941,22614408,293.66,1.69924402,0
1506864932,22614404,292.69,0.00000023,0
1506864930,22614402,292.69,16.35068400,0
1506864928,22614399,292.69,0.37981009,0
1506864909,22614381,293.68,2.99908063,1
1506864907,22614380,292.79,0.00004322,0
1506864645,22614253,292.65,0.20780000,0
1506864524,22614187,292.79,0.11004474,0
1506864456,22614131,293.95,0.11008797,0
1506864455,22614130,292.16,0.27200000,1
1506864455,22614129,292.16,0.12532603,1
1506864454,22614126,292.12,4.50603587,0
1506864454,22614123,292.13,0.32000000,1
1506864454,22614122,292.13,1.58000000,1
1506864454,22614121,292.15,0.50000000,1
1506864452,22614119,292.16,0.90260028,0
1506864452,22614116,292.16,0.54463307,1
1506864452,22614115,292.16,0.14673078,1
1506864364,22614094,293.83,0.03752967,0
1506864329,22614077,291.76,28.04640077,1
1506864329,22614076,291.77,6.77000000,1
1506864294,22614050,291.21,3.70346806,1
1506864294,22614049,291.30,3.08763304,1
1506864293,22614048,291.31,0.20780000,0
1506864293,22614047,291.32,0.36000000,1
1506864293,22614046,291.32,1.78000000,1
1506864292,22614044,291.86,0.04594669,1
1506864292,22614043,292.05,0.47000000,1
1506864292,22614042,293.19,0.00859223,1
1506864291,22614041,293.19,0.04000000,1
1506864291,22614040,293.19,0.04000000,1
1506864291,22614038,293.19,0.04000000,1
1506864291,22614036,293.19,0.04000000,1
1506864291,22614035,293.19,0.04000000,1
1506864291,22614034,293.19,0.04000000,1
1506864291,22614033,293.19,0.04000000,1
1506864290,22614031,293.19,0.04000000,1
1506864290,22614030,293.19,0.04000000,1
1506864290,22614029,293.19,0.04000000,1
1506864290,22614027,293.19,0.04000000,1
1506864290,22614026,293.19,0.04000000,1
1506864290,22614024,293.19,0.04000000,1
1506864290,22614023,293.19,0.04000000,1
1506864289,22614022,293.19,0.04000000,1
1506864289,22614021,293.20,0.06489802,1
1506864289,22614020,293.38,0.33648829,1
1506864288,22614019,293.50,1.33517367,1
1506864263,22614011,293.50,6.66482633,1
1506864263,22614010,293.50,3.33517367,1
1506863887,22613872,293.50,33.58707564,1
1506863887,22613871,293.51,1.95000000,1
1506863887,22613870,293.55,0.23000000,1
1506863887,22613869,293.57,14.23292436,1
1506863836,22613832,293.50,3.07775069,1
1506863836,22613831,294.00,1.00000000,1
1506863836,22613830,294.02,1.00221139,1
1506863557,22613628,293.38,0.00000481,1
1506863557,22613625,293.38,0.43999519,1
1506863557,22613624,293.70,0.04999562,1
1506863557,22613621,293.71,0.27200000,1
1506863557,22613617,293.71,0.28391919,1
1506863514,22613559,294.47,0.99789000,0
1506863442,22613510,294.57,0.90996208,0
1506863442,22613509,294.57,4.17000000,0
1506863158,22613306,295.39,0.76527764,1
1506863158,22613305,295.19,0.28391919,0
1506863156,22613304,295.18,0.23000000,0
1506863124,22613284,294.78,7.58347454,0
1506863124,22613283,294.76,0.27100000,0
1506863077,22613252,293.70,0.00000438,1
1506863077,22613251,293.76,0.09319000,0
1506863075,22613250,293.76,0.28391919,1
1506863074,22613248,294.11,5.22900000,1
1506863074,22613247,294.12,0.27100000,1
1506862826,22613147,294.52,0.02707398,0
1506862826,22613146,294.52,0.08130000,0
1506862825,22613144,294.52,0.08130000,0
1506862825,22613143,294.60,0.08130000,1
1506862825,22613142,294.60,0.00002602,1
1506862824,22613141,294.53,0.08127398,0
1506862821,22613140,294.50,1.00000000,1
1506862816,22613139,294.54,2.03129787,1
1506862628,22613003,294.87,2.03479499,1
1506862627,22613002,294.87,2.72305502,0
1506862548,22612955,294.08,0.04351600,1
1506862527,22612915,294.08,3.28228300,1
1506862527,22612914,294.09,6.73000000,1
1506862525,22612912,294.09,6.73000000,1
1506862525,22612911,294.12,0.23000000,1
1506862524,22612910,294.13,0.27100000,1
1506862468,22612810,295.15,0.12532602,0
1506862467,22612809,295.47,1.14893460,1
1506862466,22612808,295.23,0.04752606,0
1506862466,22612806,295.16,7.11440000,0
1506862466,22612804,295.16,0.20660000,0
1506862439,22612781,295.22,0.40997586,0
1506862438,22612780,293.55,1.01805737,1
1506862433,22612773,295.23,0.18247394,0
1506862428,22612769,295.20,0.07707953,0
1506862428,22612768,295.20,1.09093514,0
1506862427,22612767,295.20,3.83198533,0
1506862427,22612766,295.19,0.23000000,0
1506862420,22612763,293.54,2.98944694,0
1506862420,22612762,293.69,0.04000000,1
1506862420,22612761,293.69,0.04000000,1
1506862419,22612760,293.69,0.04000000,1
1506862419,22612759,293.69,0.04000000,1
1506862419,22612758,293.69,0.04000000,1
1506862419,22612757,293.69,0.04000000,1
1506862419,22612756,293.69,0.04000000,1
1506862419,22612755,293.69,0.04000000,1
1506862419,22612754,293.69,0.04000000,1
1506862419,22612751,293.69,0.04000000,1
1506862419,22612749,293.69,0.04000000,1
1506862418,22612748,293.69,0.04000000,1
1506862418,22612746,293.69,0.04000000,1
1506862418,22612744,293.69,0.04000000,1
1506862418,22612742,293.69,0.04000000,1
1506862418,22612740,293.69,0.04000000,1
1506862418,22612738,293.69,0.04000000,1
1506862418,22612736,293.82,1.99000000,0
1506862417,22612735,294.14,0.04000000,1
1506862417,22612734,294.14,0.04000000,1
1506862417,22612733,294.14,0.04000000,1
1506862417,22612732,294.14,0.04000000,1
1506862417,22612731,294.14,0.04000000,1
1506862417,22612730,294.14,0.04000000,1
1506862416,22612729,294.14,0.04000000,1
1506862416,22612728,294.14,0.04000000,1
1506862416,22612726,294.14,0.04000000,1
1506862416,22612725,294.14,0.04000000,1
1506862416,22612724,294.14,0.04000000,1
1506862416,22612723,294.14,0.04000000,1
1506862416,22612722,294.14,0.04000000,1
1506862416,22612721,294.14,0.04000000,1
1506862415,22612720,294.14,0.04000000,1
1506862415,22612719,294.14,0.04000000,1
1506862415,22612717,294.17,0.20660000,1
1506862414,22612716,294.54,0.04000000,1
1506862414,22612715,294.54,0.04000000,1
1506862414,22612714,294.54,0.04000000,1
1506862414,22612713,294.54,0.04000000,1
1506862414,22612712,294.54,0.04000000,1
1506862414,22612711,294.54,0.04000000,1
1506862413,22612709,294.54,0.04000000,1
1506862413,22612708,294.54,0.04000000,1
1506862413,22612707,294.54,0.04000000,1
1506862413,22612706,294.54,0.04000000,1
1506862413,22612705,294.54,0.04000000,1
1506862413,22612704,294.54,0.04000000,1
1506862413,22612703,294.54,0.04000000,1
1506862413,22612702,294.54,0.04000000,1
1506862412,22612701,294.54,0.04000000,1
1506862412,22612700,294.54,0.04000000,1
1506862412,22612699,294.54,0.04000000,1
1506862412,22612698,294.89,0.04000000,1
1506862412,22612697,294.89,0.04000000,1
1506862412,22612696,294.89,0.04000000,1
1506862411,22612695,294.89,0.04000000,1
1506862411,22612694,294.89,0.04000000,1
1506862411,22612693,294.89,0.04000000,1
1506862411,22612692,294.89,0.04000000,1
1506862411,22612691,294.89,0.04000000,1
1506862411,22612690,294.89,0.04000000,1
1506862411,22612689,294.89,0.04000000,1
1506862411,22612688,294.89,0.04000000,1
1506862410,22612687,294.89,0.04000000,1
1506862410,22612686,294.89,0.04000000,1
1506862410,22612685,294.89,0.04000000,1
1506862410,22612684,294.89,0.04000000,1
1506862410,22612683,294.89,0.04000000,1
1506862410,22612682,294.89,0.02714286,1
1506862409,22612681,295.19,0.04000000,1
1506862409,22612680,295.19,0.04000000,1
1506862409,22612679,295.19,0.04000000,1
1506862409,22612678,295.19,0.04000000,1
1506862409,22612677,295.19,0.04000000,1
1506862409,22612676,295.19,0.04000000,1
1506862409,22612675,295.19,0.04000000,1
1506862409,22612674,295.19,0.04000000,1
1506862409,22612673,295.19,0.04000000,1
1506862408,22612672,295.19,0.01000000,1
1506862370,22612670,295.19,0.03000000,1
1506862370,22612669,295.19,0.04000000,1
1506862370,22612668,295.19,0.04000000,1
1506862370,22612667,295.19,0.04000000,1
1506862370,22612666,295.19,0.04000000,1
1506862370,22612665,295.19,0.04000000,1
1506862370,22612664,295.19,0.04000000,1
1506862369,22612663,295.20,0.73000000,1
1506862353,22612661,295.20,2.54000000,1
1506862353,22612660,295.20,1.73000000,1
1506862353,22612659,295.20,0.73000000,1
1506862342,22612655,295.20,1.00000000,1
1506862339,22612654,295.20,3.27000000,1
1506862339,22612653,295.20,0.71000000,1
1506862339,22612652,295.20,1.02000000,1
1506862315,22612640,295.20,5.00000000,1
1506862290,22612634,295.20,0.71000000,1
1506862290,22612633,295.20,0.38000000,1
1506862290,22612632,295.20,0.63553883,1
1506862289,22612631,295.20,5.00000000,1
1506862234,22612610,295.20,0.71351500,1
1506862183,22612587,295.20,0.38094617,1
1506862183,22612586,295.20,0.64536340,1
1506862183,22612585,295.44,0.04000000,1
1506862183,22612584,295.44,0.04000000,1
1506862183,22612583,295.44,0.04000000,1
1506862171,22612580,295.44,0.04000000,1
1506862171,22612579,295.44,0.04000000,1
1506862170,22612578,295.44,0.04000000,1
1506862170,22612577,295.44,0.04000000,1
1506862170,22612576,295.44,0.00227200,1
1506862165,22612574,295.44,0.03772800,1
1506862159,22612569,295.44,0.04000000,1
1506862159,22612568,295.44,0.04000000,1
1506862159,22612567,295.44,0.01321974,1
1506862139,22612562,295.44,0.02678026,1
1506862139,22612561,295.44,0.04000000,1
1506862139,22612560,295.44,0.04000000,1
1506862139,22612558,295.44,0.04000000,1
1506862139,22612556,295.64,0.04000000,1
1506862126,22612552,295.64,0.04000000,1
1506862126,22612551,295.64,0.04000000,1
1506862126,22612550,295.64,0.04000000,1
1506862126,22612549,295.64,0.04000000,1
1506862126,22612548,295.64,0.04000000,1
1506862126,22612547,295.64,0.04000000,1
1506862113,22612541,295.64,0.04000000,1
1506862113,22612540,295.64,0.04000000,1
1506862113,22612539,295.64,0.04000000,1
1506862102,22612533,295.64,0.04000000,1
1506862101,22612532,295.79,0.04000000,1
1506862101,22612531,295.79,0.04000000,1
1506862101,22612530,295.79,0.04000000,1
1506862101,22612529,295.79,0.04000000,1
1506862089,22612526,295.79,0.04000000,1
1506862089,22612525,295.79,0.04000000,1
1506862089,22612524,295.79,0.04000000,1
1506862089,22612523,295.79,0.04000000,1
1506862088,22612522,295.79,0.04000000,1
1506862076,22612518,295.79,0.04000000,1
1506862075,22612517,295.79,0.04000000,1
1506862065,22612512,295.44,0.04000000,1
1506862064,22612511,295.44,0.04000000,1
1506862064,22612509,295.64,0.04000000,1
1506862064,22612508,295.64,0.04000000,1
1506862064,22612507,295.64,0.04000000,1
1506862064,22612506,295.64,0.04000000,1
1506862064,22612505,295.64,0.04000000,1
1506862064,22612503,295.79,0.04000000,1
1506862064,22612502,295.79,0.04000000,1
1506862063,22612500,295.79,0.04000000,1
1506862063,22612499,295.79,0.04000000,1
1506862063,22612498,295.79,0.04000000,1
1506862052,22612493,294.66,0.01285714,0
1506862052,22612492,294.66,0.04000000,0
1506862052,22612491,294.66,0.04000000,0
1506862051,22612489,294.66,0.04000000,0
1506862051,22612488,294.66,0.04000000,0
1506861931,22612398,295.90,0.17285714,0
1506861931,22612397,294.00,0.05945900,0
1506861906,22612382,294.00,8.01059000,0
1506861904,22612380,294.00,0.05945900,0
1506861894,22612369,294.00,0.12049200,0
1506861750,22612312,293.16,2.00000000,1
1506861730,22612284,295.56,4.07836119,0
1506861730,22612283,295.55,12.71141881,0
1506861720,22612261,292.99,0.20620000,0
1506861720,22612259,293.00,0.61994731,0
1506861719,22612255,293.00,16.12655208,0
1506861718,22612251,293.02,0.04000000,1
1506861717,22612250,293.22,0.04000000,1
1506861717,22612249,293.22,0.43000000,1
1506861717,22612248,293.27,0.04000000,1
1506861717,22612247,293.47,0.04000000,1
1506861717,22612246,293.51,1.50187342,1
1506861717,22612245,293.62,0.04000000,1
1506861717,22612244,293.66,2.43000000,1
1506861717,22612243,294.01,0.20620000,1
1506861716,22612242,294.35,0.39800493,1
1506861692,22612217,295.00,5.15209976,1
1506861692,22612215,295.00,1.51000000,1
1506861690,22612213,294.93,1.51000000,0
1506861690,22612212,294.92,0.20660000,0
1506861537,22612171,294.40,0.10000000,1
1506861537,22612170,294.40,0.10000000,1
1506861295,22612081,293.73,4.08000000,1
1506861274,22612076,295.09,0.45768953,0
1506861270,22612074,296.52,0.64306605,0
1506861265,22612073,295.13,0.27200000,0
1506861265,22612072,295.09,0.23000000,0
1506861262,22612070,295.10,2.13000000,0
1506861262,22612067,295.09,0.37711357,0
1506861256,22612066,293.86,0.08670844,0
1506861250,22612062,293.58,0.08670845,0
1506861250,22612061,293.58,2.87772200,0
1506861249,22612058,293.57,0.17298750,1
1506861248,22612057,293.58,2.30000000,0
1506861247,22612056,293.58,0.59093263,0
1506861247,22612055,293.58,0.20660000,1
1506861247,22612054,293.89,0.23000000,1
1506861103,22611871,296.11,1.51073245,0
1506861103,22611869,296.10,2.09000000,0
1506861093,22611850,294.93,2.21011279,0
1506861092,22611844,294.93,0.27988721,0
1506861088,22611838,294.94,5.41059198,0
1506861083,22611829,295.23,0.10000000,0
1506861082,22611828,295.17,0.28119675,0
1506861082,22611826,295.03,0.10000000,0
1506861082,22611824,294.96,0.23000000,0
1506861070,22611799,293.57,0.27200000,0
1506861070,22611796,293.57,0.04000000,1
1506861069,22611795,293.58,0.28119675,1
1506861069,22611792,294.98,0.02000000,0
1506861067,22611787,293.87,0.04000000,1
1506861067,22611786,294.12,0.04000000,1
1506861067,22611784,294.32,0.04000000,1
1506861067,22611782,294.47,0.04000000,1
1506860977,22611633,294.88,0.10000000,0
1506860895,22611504,294.58,0.20610000,0
1506860816,22611382,294.86,0.20609997,0
1506860816,22611381,294.00,0.00000003,0
1506860766,22611297,293.90,0.60051688,1
1506860748,22611264,293.91,6.73000000,1
1506860577,22610988,294.00,0.17100000,0
1506860548,22610960,294.00,0.02000000,0
1506860544,22610956,293.76,0.02000000,0
1506860544,22610955,293.76,0.20610000,0
1506860543,22610954,293.76,0.04127990,0
1506860543,22610953,293.76,5.46664425,1
1506860536,22610944,294.00,0.02000000,0
1506860528,22610937,294.00,0.02000000,0
1506860524,22610934,294.00,0.02000000,0
1506860520,22610928,294.00,0.02000000,0
1506860496,22610910,293.65,1.54000000,1
1506860495,22610909,293.99,5.19043300,0
1506860495,22610908,293.99,1.53956700,0
1506860456,22610884,294.00,33.15393900,0
1506860456,22610883,293.99,6.73000000,0
1506860456,22610882,293.98,0.27100000,0
1506860449,22610876,294.00,1.77000000,0
1506860448,22610875,293.99,6.73000000,0
1506860427,22610843,294.21,0.03760000,1
1506860427,22610842,294.21,0.20540000,1
1506860423,22610838,294.22,0.04000000,1
1506860419,22610827,294.23,0.20540000,0
1506860418,22610823,294.23,4.83900000,0
1506860418,22610822,294.23,0.27100000,0
1506860417,22610821,294.24,1.58000000,1
1506860417,22610820,294.72,0.04000000,1
1506860414,22610811,295.17,0.04000000,1
1506860410,22610805,296.83,0.54056725,0
1506860410,22610803,295.57,0.04000000,1
1506860410,22610801,295.92,0.04000000,1
1506860409,22610800,296.22,0.04000000,1
1506860409,22610799,296.47,0.04000000,1
1506860409,22610798,296.67,0.04000000,1
1506860409,22610797,296.82,0.04000000,1
1506860408,22610795,296.83,1.17641556,0
1506860392,22610765,296.90,0.27806348,0
1506860387,22610763,296.93,2.22110806,0
1506860387,22610762,296.93,0.49000000,0
1506860382,22610758,296.41,0.28001842,0
1506860380,22610757,294.76,1.77497928,0
1506860378,22610756,294.76,0.28001842,0
1506860377,22610755,294.76,0.38500230,0
1506860376,22610753,294.77,10.03338292,0
1506860374,22610745,292.00,0.20396948,0
1506860374,22610744,292.00,0.54255861,0
1506860373,22610742,292.00,0.17123287,0
1506860371,22610735,292.00,0.29596179,0
1506860371,22610733,292.00,0.28538812,0
1506860370,22610732,292.00,0.03770000,0
1506860370,22610731,291.99,0.20530000,0
1506860369,22610729,292.00,6.62000000,0
1506860369,22610728,292.00,6.73000000,0
1506860367,22610724,292.00,0.08601895,0
1506860366,22610720,292.00,1.88993700,0
1506860366,22610716,292.00,0.70041396,0
1506860365,22610713,292.00,0.30000000,0
1506860365,22610711,292.00,24.05028300,0
1506860365,22610710,292.00,41.80546200,0
1506860364,22610707,292.00,0.24300000,0
1506860364,22610704,292.00,3.00000000,0
1506860364,22610700,292.00,0.21398105,0
1506860363,22610699,292.00,0.06398105,0
1506860362,22610692,292.00,0.71735753,0
1506860361,22610689,292.00,2.00000000,1
1506860361,22610687,293.00,0.07800000,1
1506860361,22610685,293.00,0.14000000,1
1506860361,22610683,293.02,1.46000000,1
1506860361,22610681,293.03,0.29000000,1
1506860361,22610679,293.04,0.20530000,1
1506860361,22610678,293.44,0.04000000,1
1506860360,22610677,293.58,0.42000000,1
1506860360,22610676,293.90,0.04000000,1
1506860349,22610640,294.39,0.12972194,0
1506860338,22610601,293.95,3.00381828,1
1506860330,22610556,293.94,0.45000000,1
1506860330,22610555,293.94,0.04000000,1
1506860330,22610554,293.95,1.17333301,1
1506860325,22610518,294.39,0.04000000,1
1506860325,22610516,294.40,0.04000000,1
1506860323,22610495,294.47,1.17126435,0
1506860323,22610491,294.47,0.20510000,0
1506860322,22610490,294.47,0.27000000,0
1506860317,22610457,294.48,0.65647848,0
1506860314,22610436,294.49,0.65657769,1
1506860313,22610431,294.50,0.17298747,0
1506860312,22610419,294.49,0.23000000,0
1506860311,22610418,294.50,1.78000000,0
1506860311,22610417,294.53,0.47000000,1
1506860311,22610415,294.54,50.00000000,1
1506860311,22610413,294.79,0.04000000,1
1506860311,22610412,294.85,0.04000000,1
1506860310,22610411,294.89,0.23000000,1
1506860000,22610162,296.65,0.02689948,0
1506859974,22610145,296.77,0.10088281,0
1506859967,22610144,295.00,7.85233660,0
1506859967,22610143,295.00,3.00000000,1
1506859966,22610142,295.00,30.00000000,1
1506859966,22610141,295.02,7.38296340,1
1506859957,22610136,295.12,0.05971378,1
1506859957,22610135,295.12,2.73000000,1
1506859935,22610120,295.09,0.33766847,1
1506859935,22610119,295.10,0.19253319,1
1506859924,22610081,295.02,1.70141288,0
1506859924,22610080,295.02,0.99579509,0
1506859922,22610077,295.02,3.05000000,1
1506859922,22610076,295.03,0.61000000,1
1506859922,22610074,295.14,0.04000000,1
1506859921,22610073,295.25,0.04000000,1
1506859921,22610072,295.42,0.14066918,1
1506859921,22610071,295.44,0.04000000,1
1506859921,22610070,295.60,0.04000000,1
1506859915,22610063,295.69,0.04000000,1
1506859915,22610062,295.77,0.05000000,1
1506859915,22610061,295.89,0.04000000,1
1506859915,22610060,295.90,0.04000000,1
1506859915,22610058,295.93,0.20510000,1
1506859908,22610042,295.92,1.01508700,1
1506859891,22609961,296.05,0.27000000,1
1506859890,22609951,296.00,1.08354830,1
1506859890,22609948,296.00,1.91645170,1
1506859890,22609947,296.02,0.11306530,1
1506859890,22609945,296.04,0.04000000,1
1506859886,22609939,297.36,0.10496507,0
1506859885,22609938,297.35,0.10000000,0
1506859885,22609937,297.26,0.10000000,0
1506859885,22609936,297.24,0.04498294,0
1506859885,22609935,297.06,0.10000000,0
1506859885,22609934,297.05,0.10000000,0
1506859885,22609933,296.93,0.04498294,0
1506859885,22609930,296.80,0.02435984,0
1506859885,22609929,296.14,0.03352379,0
1506859883,22609921,296.15,3.84382188,0
1506859881,22609909,296.15,1.21519570,0
1506859880,22609908,296.15,0.03792127,1
1506859880,22609907,296.16,0.27873003,1
1506859864,22609888,296.19,3.25368400,1
1506859862,22609883,296.80,0.07564016,0
1506859862,22609879,296.60,0.10000000,0
1506859860,22609871,296.45,0.10000000,0
1506859844,22609831,296.91,8.13012862,1
1506859844,22609830,296.91,1.66553000,1
1506859842,22609822,296.91,0.10000000,0
1506859812,22609788,296.15,0.00207873,1
1506859811,22609787,296.21,2.89000000,1
1506859811,22609786,296.35,0.04000000,1
1506859771,22609718,296.50,0.04000000,1
1506859288,22609550,296.90,0.26800000,0
1506859251,22609514,296.61,1.39825104,1
1506859251,22609513,296.75,0.08176060,1
1506859251,22609512,296.90,0.04571071,1
1506859251,22609511,298.00,0.07893764,1
1506859232,22609489,296.91,0.62893402,1
1506859232,22609487,296.91,2.37257970,1
1506859227,22609481,296.91,2.70492418,1
1506859226,22609480,297.05,0.27439581,1
1506859226,22609479,297.07,0.23000000,1
1506859190,22609382,297.13,0.23000000,1
1506859190,22609381,297.16,2.66210541,1
1506859164,22609366,297.29,1.02622598,1
1506859164,22609365,297.30,0.01820000,1
1506859164,22609363,297.47,0.09995002,1
1506859163,22609362,297.51,0.26800000,1
1506859076,22609291,298.29,0.19367073,0
1506859075,22609288,298.29,1.22837295,0
1506859074,22609285,298.29,1.22865476,0
1506858746,22609197,298.17,0.18897621,0
1506858746,22609196,298.07,0.00510770,0
1506858720,22609184,298.07,0.09489230,0
1506858720,22609183,297.82,0.10000000,0
1506858720,22609182,297.62,0.10000000,0
1506858720,22609180,297.49,0.26917114,0
1506858720,22609178,297.47,0.00510656,0
1506858719,22609177,297.47,0.09489344,0
1506858677,22609166,297.17,0.26935301,0
1506858676,22609165,297.26,0.23000000,1
1506858676,22609164,297.27,1.38736062,1
1506858676,22609163,297.27,0.26900000,1
1506858674,22609162,297.28,0.20430000,0
1506858674,22609161,297.28,3.63998637,1
1506858082,22609030,298.44,0.02147191,0
1506858068,22609024,297.26,0.02164305,1
1506857991,22609012,297.09,3.12107811,0
1506857991,22609011,297.10,4.74000000,1
1506857990,22609010,297.18,0.04000000,1
1506857990,22609009,297.57,0.45000000,1
1506857990,22609008,297.95,1.64892189,1
1506857987,22609007,297.95,0.56840927,1
1506857986,22609006,298.19,0.09995002,1
1506857986,22609005,298.25,1.29792071,1
1506857906,22608991,298.54,3.40430093,0
1506857904,22608987,298.54,1.22861708,0
1506857902,22608983,298.54,1.22704457,0
1506857789,22608926,298.25,1.49677329,1
1506857713,22608914,298.25,0.20530600,1
1506857686,22608903,298.54,0.39050000,0
1506857544,22608885,298.54,0.73699000,0
1506857544,22608884,298.53,0.13000000,0
1506857536,22608880,298.53,0.12993503,0
1506857417,22608860,298.54,0.09995002,1
1506857358,22608848,298.54,0.10000000,0
1506857355,22608838,298.34,0.10000000,0
1506857355,22608834,298.19,0.10000000,0
1506857271,22608816,297.95,3.78266884,0
1506857261,22608811,297.95,1.22957764,0
1506857260,22608809,297.95,1.22939180,0
1506857184,22608788,297.95,2.82398000,0
1506857176,22608782,297.95,1.29331283,0
1506857174,22608776,297.95,1.22954548,0
1506857003,22608729,297.95,6.31933931,0
1506857003,22608728,297.94,5.67617069,0
1506856997,22608727,297.94,6.19298000,0
1506856995,22608725,297.94,1.37000000,0
1506856869,22608683,297.94,0.16796527,1
1506856596,22608611,297.95,3.94425239,0
1506856594,22608605,297.95,3.63420036,0
1506856562,22608585,297.94,0.16000000,1
1506856536,22608581,297.94,0.18000000,1
1506856342,22608535,297.70,3.11018034,1
1506856342,22608534,297.70,1.94024675,1
1506856296,22608526,297.95,7.74626978,0
1506856295,22608525,297.93,0.47692002,0
1506856195,22608505,297.93,0.02307998,0
1506856195,22608503,297.93,2.04901749,0
1506856128,22608486,297.93,2.69671000,0
1506856123,22608483,297.93,4.06367557,0
1506856123,22608480,297.92,0.71160721,0
1506856123,22608478,297.92,1.22863954,0
1506855525,22608360,297.40,1.94023558,1
1506855523,22608359,297.56,0.06751351,1
1506855446,22608347,297.93,1.46087369,0
1506855445,22608345,297.93,1.22841047,0
1506855444,22608342,297.93,1.22819338,0
1506855297,22608301,297.93,9.95582855,0
1506855207,22608292,297.56,0.37248649,1
1506855174,22608287,297.93,14.94663545,0
1506855174,22608286,297.93,6.73000000,1
1506855174,22608285,297.92,0.22000000,0
1506855173,22608283,297.91,6.73000000,1
1506855172,22608282,297.91,0.46000000,0
1506855172,22608281,297.91,6.26694600,0
1506855044,22608268,297.91,0.46305400,0
1506854872,22608224,297.92,0.02232614,0
1506854863,22608217,297.20,0.02233731,1
1506854861,22608216,297.30,0.30000000,1
1506854250,22608043,297.94,0.13650787,0
1506854249,22608041,297.94,0.14350024,0
1506854248,22608040,297.94,1.22852678,0
1506853963,22607980,297.94,0.19986604,0
1506853963,22607979,297.93,0.00469996,0
1506853960,22607975,297.93,0.19990004,0
1506853794,22607948,297.21,1.70840093,1
1506853793,22607947,297.22,0.20460000,1
1506853793,22607946,297.43,0.04000000,1
1506853793,22607945,297.63,0.04000000,1
1506853791,22607944,297.78,0.04000000,1
1506853500,22607865,297.89,0.27000000,0
1506853499,22607863,297.90,6.45599278,0
1506853499,22607862,297.89,0.27400722,0
1506853408,22607832,297.62,1.06250160,1
1506853191,22607801,297.89,0.12097518,0
1506853130,22607781,297.89,0.17271495,1
1506853121,22607779,297.89,0.23708015,0
1506853121,22607777,297.89,0.17291985,0
1506853018,22607705,297.90,6.24000000,0
1506853018,22607704,297.89,0.49000000,0
1506852920,22607686,297.89,0.01671758,0
1506852796,22607614,297.01,0.06256144,1
1506852794,22607611,297.89,1.00000000,1
1506852792,22607610,297.90,0.28000000,0
1506852791,22607609,297.90,0.28000000,0
1506852790,22607608,297.90,0.28000000,0
1506852789,22607604,297.90,0.28000000,0
1506852788,22607603,297.89,1.00000000,1
1506852787,22607601,297.89,0.72000000,1
1506852786,22607600,297.89,1.00000000,1
1506852784,22607599,297.89,0.72000000,0
1506852367,22607470,297.89,0.44553523,0
1506852367,22607469,297.89,0.65638823,0
1506852367,22607468,297.88,0.23000000,0
1506852353,22607464,297.89,0.30851659,0
1506852353,22607463,297.12,0.37250000,0
1506852350,22607462,297.12,0.10000000,0
1506852321,22607456,297.12,0.10000000,0
1506852289,22607446,297.12,0.09000000,0
1506852258,22607441,297.12,0.10000000,0
1506852240,22607432,297.12,0.10000000,0
1506852188,22607369,297.89,0.37248649,0
1506852019,22607320,297.89,0.66584981,0
1506852006,22607308,297.89,0.66618550,0
1506851981,22607298,297.89,0.86742982,0
1506851671,22607232,297.82,0.09271157,0
1506851671,22607231,297.82,0.23000000,0
1506851671,22607230,297.81,0.00013444,0
1506851666,22607227,297.81,0.26886556,0
1506851513,22607180,297.14,0.26900000,0
1506851513,22607179,297.20,0.44000000,1
1506851434,22607150,297.22,3.62956801,1
1506851020,22607047,297.90,4.76715000,0
1506851020,22607046,297.89,0.98000000,0
1506850863,22607000,297.80,0.14992503,0
1506850863,22606999,297.80,1.22834868,0
1506850861,22606997,297.80,1.22862086,0
1506850828,22606992,297.89,0.15005538,0
1506850623,22606961,297.90,0.40751262,0
1506850623,22606960,297.89,0.23161738,0
1506850622,22606957,297.89,0.02838262,1
1506850613,22606953,297.89,0.28146245,0
1506850613,22606952,297.89,0.02853755,0
1506850581,22606947,297.90,0.36000000,0
1506850581,22606946,297.90,6.37000000,0
1506850581,22606945,297.89,0.36000000,0
1506850379,22606921,297.95,3.61423057,0
1506850378,22606920,297.94,0.43000000,0
1506849885,22606784,297.95,5.49000000,0
1506849883,22606778,297.94,0.51000000,0
1506849615,22606681,297.94,0.03346311,0
1506849545,22606667,297.95,7.27901100,0
1506849545,22606666,297.94,0.61000000,0
1506849513,22606654,297.94,0.39161274,0
1506849512,22606653,297.94,0.19000000,0
1506849442,22606611,297.94,0.10000000,0
1506849415,22606603,297.95,0.10000000,0
1506849412,22606601,297.95,5.06577400,0
1506849412,22606600,297.94,0.80000000,0
1506849412,22606599,297.76,6.73000000,0
1506849397,22606597,297.75,0.84000000,0
1506849387,22606592,297.75,2.84779688,0
1506849373,22606590,297.78,0.09922600,0
1506849307,22606575,297.54,6.30145900,0
1506849303,22606574,297.54,0.05854100,0
1506849299,22606572,297.53,0.23801500,0
1506849094,22606536,297.94,3.85448800,0
1506849046,22606527,297.95,0.21844600,0
1506848762,22606440,297.94,0.10000000,0
1506848675,22606422,297.94,1.48402410,0
1506848675,22606421,297.94,0.97000000,0
1506848675,22606420,297.93,0.10470000,0
1506848617,22606400,297.94,1.01248150,0
1506848604,22606395,297.93,0.10000000,0
1506848478,22606375,297.93,1.44615588,0
1506848478,22606374,297.93,3.63255388,0
1506848271,22606334,296.94,0.00000003,0
1506848228,22606328,296.94,5.09225900,0
1506848170,22606312,296.94,0.18619851,1
1506848170,22606311,296.94,0.43000000,0
1506848170,22606310,296.94,3.53892140,0
1506848169,22606309,296.94,1.00000000,0
1506848169,22606308,296.94,1.75637860,0
1506848168,22606307,296.95,0.23000000,1
1506848168,22606306,296.95,0.20470000,1
1506848092,22606269,297.45,1.22969909,0
1506848079,22606268,297.23,0.56381093,0
1506847640,22606119,297.23,0.08179851,0
1506847638,22606114,297.22,0.01820149,0
1506847586,22606053,296.75,0.08180149,0
1506847584,22606051,296.76,0.01820149,0
1506847583,22606049,296.75,0.92064644,1
1506847583,22606048,296.75,1.05239261,1
1506847583,22606047,296.75,0.05000000,1
1506847578,22606043,296.91,1.10179851,1
1506847550,22605992,297.23,0.35439056,1
1506847354,22605808,297.23,0.10560944,1
1506847352,22605807,297.31,0.26800000,1
1506847272,22605788,297.00,0.13883821,0
1506847232,22605780,297.00,0.10000000,0
1506847124,22605755,297.00,5.02727272,0
1506847120,22605751,297.00,6.71000000,0
1506847095,22605746,296.99,0.33184747,0
1506847095,22605744,296.99,0.33199758,0
1506847092,22605739,296.99,1.23667402,1
1506847091,22605737,297.00,1.16518518,0
1506847090,22605733,297.00,4.75053872,0
1506847088,22605731,297.00,0.91050505,0
1506847086,22605725,297.00,3.06657300,0
1506847084,22605723,296.99,0.91000000,1
1506847083,22605722,297.00,13.26783500,0
1506847082,22605719,296.99,0.00035490,0
1506847082,22605718,296.98,0.00010895,0
1506847079,22605711,296.98,0.21789105,0
1506847076,22605709,296.98,0.05000000,1
1506847075,22605706,296.99,0.70974506,0
1506847072,22605703,296.99,0.19990004,0
1506847070,22605699,296.99,3.54811335,0
1506847070,22605698,296.99,0.00010213,0
1506847068,22605693,296.99,0.20419787,0
1506847063,22605691,297.00,10.26000000,0
1506847063,22605690,297.01,3.14000000,1
1506847063,22605689,297.28,0.05000000,1
1506847063,22605688,297.40,8.28092173,1
1506847062,22605687,297.41,0.20430000,1
1506847062,22605686,297.41,0.47981441,1
1506847062,22605685,297.53,0.05000000,1
1506847062,22605684,297.54,0.44000000,1
1506847062,22605683,297.73,0.05000000,1
1506847062,22605682,297.88,0.05000000,1
1506846948,22605628,297.99,0.48000000,1
1506846947,22605625,298.00,2.70163307,0
1506846947,22605624,297.99,0.36585015,0
1506846946,22605622,297.99,0.11414985,0
1506846874,22605596,298.00,1.01176600,0
1506846823,22605584,298.00,7.93300000,0
1506846823,22605583,297.99,0.57000000,0
1506846820,22605582,298.00,1.01400000,0
1506846577,22605535,298.11,11.40779952,0
1506846545,22605515,298.11,0.42476800,0
1506846490,22605478,298.03,2.35826600,0
1506846490,22605477,298.03,2.50000000,0
1506846481,22605476,298.04,1.85173400,0
1506846042,22605297,296.86,0.14303766,1
1506846041,22605296,296.22,14.11442263,0
1506846040,22605294,296.57,0.05000000,1
1506846040,22605293,296.70,1.00000000,1
1506846040,22605291,296.71,2.78000000,1
1506846039,22605290,296.75,0.42000000,1
1506846039,22605289,296.86,0.44215425,1
1506846039,22605287,297.02,0.05000000,1
1506846038,22605286,297.11,11.45600000,1
1506846038,22605284,297.12,0.23318245,1
1506846038,22605283,297.12,6.71000000,1
1506846038,22605282,297.42,0.05000000,1
1506846037,22605281,297.43,0.23000000,0
1506846036,22605280,297.43,0.22957742,1
1506846024,22605272,297.43,0.00042258,1
1506846024,22605271,297.44,0.27981544,1
1506846009,22605263,297.54,0.45000000,1
1506846009,22605261,297.77,0.05000000,1
1506846009,22605260,297.86,0.26800000,1
1506845950,22605167,298.07,0.05000000,1
1506845950,22605165,298.32,0.05000000,1
1506845902,22605141,298.52,0.05000000,1
1506845902,22605140,298.67,0.05000000,1
1506845899,22605138,297.62,0.86357726,1
1506845899,22605137,297.62,6.71000000,1
1506845899,22605136,297.62,0.47752874,1
1506845899,22605135,297.63,0.23000000,1
1506845825,22605090,298.78,0.03043118,0
1506845823,22605079,298.78,0.03043116,0
1506845180,22604849,298.22,3.15502514,1
1506845179,22604848,298.23,0.20390000,1
1506845156,22604844,298.80,1.34072051,0
1506845145,22604838,298.80,5.32068853,0
1506845144,22604835,298.79,3.23683407,0
1506845053,22604760,298.79,0.38071199,0
1506845053,22604758,298.79,0.03009957,0
1506845053,22604757,298.78,0.03321485,0
1506845046,22604749,298.17,0.03811708,1
1506845034,22604737,298.18,0.10000000,1
1506845034,22604736,298.33,0.05000000,1
1506845033,22604735,298.33,0.05000000,1
1506845033,22604734,298.34,0.05000000,1
1506845033,22604733,298.34,0.05000000,1
1506845033,22604732,298.34,0.05000000,1
1506845027,22604729,298.36,3.61754606,1
1506845027,22604728,298.43,0.09995002,1
1506845009,22604697,298.51,0.10000000,1
1506845008,22604696,298.51,0.10000000,1
1506845008,22604695,298.51,0.10000000,1
1506845008,22604694,298.51,0.10000000,1
1506845008,22604693,298.51,0.09995002,1
1506844996,22604684,298.78,0.06678515,0
1506844996,22604683,298.58,0.10000000,0
1506844995,22604681,298.43,0.00004998,0
1506844994,22604675,298.43,0.09995002,0
1506844983,22604654,298.42,1.09122371,1
1506844983,22604653,298.42,0.84976031,1
1506844975,22604639,298.42,0.10000000,1
1506844975,22604638,298.43,0.10000000,1
1506844975,22604637,298.53,0.05000000,1
1506844975,22604636,298.53,0.05000000,1
1506844975,22604635,298.54,0.05000000,1
1506844965,22604622,298.54,0.05000000,1
1506844965,22604621,298.54,0.05000000,1
1506844965,22604620,298.62,0.10000000,1
1506844965,22604619,298.63,0.10000000,1
1506844963,22604616,298.68,0.05000000,1
1506844963,22604614,298.68,0.05000000,1
1506844963,22604613,298.69,0.05000000,1
1506844962,22604610,298.69,0.05000000,1
1506844962,22604607,298.69,0.05000000,1
1506844896,22604563,298.79,2.87301877,0
1506844895,22604562,298.79,2.16407800,0
1506844882,22604560,298.79,4.00615817,0
1506844829,22604552,298.80,2.30831256,0
1506844778,22604539,298.80,0.75655957,0
1506844571,22604509,298.80,4.00000000,0
1506844560,22604507,298.70,0.24179387,1
1506844435,22604475,298.80,10.00000000,0
1506844293,22604459,298.80,5.00000000,0
1506844245,22604448,298.80,10.00000000,0
1506844164,22604428,298.80,0.39630201,0
1506844163,22604426,298.80,1.22436442,0
1506844034,22604396,298.80,0.39610017,0
1506844034,22604394,298.80,1.22435717,0
1506844032,22604392,298.80,1.23038821,0
1506844032,22604389,298.80,1.22435176,0
1506844031,22604384,298.80,0.39590168,0
1506844031,22604383,298.80,0.50451807,0
1506844030,22604379,298.80,1.22424460,0
1506844030,22604375,298.80,2.87664200,0
1506844029,22604373,298.80,1.22434008,0
1506844029,22604372,298.80,3.43842034,0
1506843880,22604347,298.80,1.16563000,0
1506843753,22604303,298.80,6.71000000,0
1506843752,22604302,298.80,15.80900000,0
1506843719,22604294,298.80,0.37360944,0
1506843436,22604247,298.80,0.27958102,0
1506843434,22604246,298.80,0.95147255,0
1506843289,22604225,298.80,1.07155600,0
1506843288,22604224,298.80,3.09734400,0
1506843276,22604217,298.80,0.87204500,0
1506843256,22604206,298.79,0.12466900,0
1506843255,22604205,298.80,2.80397400,0
1506843255,22604203,298.79,0.14000000,0
1506843200,22604192,298.79,2.86000000,0
1506843178,22604188,298.79,0.02765700,0
1506843120,22604160,298.79,0.34163500,0
1506843110,22604158,298.79,0.90489000,0
1506843071,22604151,298.79,1.64000000,0
1506843071,22604150,298.79,0.16000000,0
1506843012,22604141,298.79,0.11548434,0
1506842755,22604122,298.79,0.21000000,1
1506842749,22604120,298.80,5.32042709,0
1506842741,22604119,298.79,0.26000000,1
1506842730,22604117,298.79,0.30000000,0
1506842730,22604116,298.79,1.12732330,0
1506842608,22604047,298.78,0.30486519,0
1506842607,22604042,298.78,0.27818201,0
1506842606,22604040,298.78,1.22448734,0
1506842582,22604033,298.77,0.10000000,0
1506842576,22604031,298.78,0.10000000,0
1506842322,22603944,298.79,0.47571873,0
1506842315,22603943,298.04,3.61057657,1
1506842315,22603942,298.42,0.43000000,1
1506842195,22603912,298.80,0.20418340,0
1506842194,22603911,298.79,0.36000000,0
1506842046,22603878,298.80,1.45377000,0
1506842046,22603877,298.79,0.26000000,0
1506842039,22603870,298.79,0.30941246,0
1506842039,22603869,298.79,0.86560356,0
1506841863,22603854,298.79,0.35546705,0
1506841643,22603809,298.02,0.00442945,1
1506841643,22603808,298.78,1.02515711,1
1506841628,22603796,298.78,3.81484289,0
1506841546,22603757,298.66,0.05755709,0
1506841502,22603748,298.20,3.62078183,1
1506841205,22603704,298.83,0.03346160,0
1506841161,22603693,298.91,1.00500000,0
1506840971,22603637,298.05,0.26800000,0
1506840970,22603636,298.06,6.71000000,0
1506840956,22603635,298.10,0.86560356,1
1506840944,22603632,298.14,6.71000000,0
1506840928,22603630,298.30,0.10863515,0
1506840928,22603628,298.30,0.00351882,0
1506840923,22603624,298.30,0.71648118,1
1506840923,22603623,298.30,5.99351882,0
1506840922,22603622,298.30,0.71648118,1
1506840089,22603528,298.16,0.37512625,0
1506840006,22603512,298.17,0.14500000,1
1506840005,22603511,298.22,0.26800000,1
1506838958,22603333,299.25,0.16270676,1
1506838305,22603174,298.36,0.95000000,1
1506838270,22603161,299.29,0.37512625,0
1506838255,22603157,299.01,0.88601694,0
1506838255,22603156,299.00,0.06398306,0
1506838225,22603150,299.01,0.20016053,0
1506837955,22603112,298.24,0.06398306,1
1506837573,22603043,298.12,1.31979000,1
1506837304,22603020,298.12,1.12109000,1
1506837213,22603008,299.23,0.46220334,0
1506837213,22603007,298.93,0.01719666,0
1506837213,22603006,298.76,0.26700000,0
1506837213,22603005,298.73,0.20360000,0
1506837065,22602997,298.02,0.01429493,1
1506837065,22602995,298.03,4.84000000,1
1506837065,22602993,298.21,0.05000000,1
1506837064,22602992,298.30,0.16752875,1
1506836982,22602983,298.30,4.64435000,1
1506836957,22602981,298.30,1.28692585,1
1506836956,22602980,298.30,0.49280400,1
1506836941,22602974,298.30,3.09531600,1
1506836902,22602959,298.30,5.19027540,1
1506836902,22602958,298.36,0.05000000,1
1506836901,22602957,298.40,4.21108060,1
1506836890,22602950,298.49,4.21108100,1
1506836890,22602948,298.49,1.11000000,1
1506836890,22602947,298.49,0.57920300,1
1506836888,22602946,298.49,5.02539900,1
1506836874,22602943,298.49,1.10539800,1
1506836833,22602931,298.41,3.70892725,1
1506836817,22602926,298.40,0.44569600,1
1506836750,22602924,298.40,2.49305300,1
1506836750,22602923,298.41,0.20360000,1
1506836660,22602915,298.40,2.20526340,1
1506836659,22602914,298.47,0.88001660,1
1506836654,22602913,298.47,0.18248500,1
1506836624,22602909,298.54,6.71000000,1
1506836600,22602905,298.51,1.80684500,1
1506836591,22602902,298.47,0.00714800,1
1506836591,22602901,298.47,2.39714800,1
1506836588,22602899,298.47,4.31285200,1
1506836551,22602882,298.40,5.64490700,1
1506836550,22602881,298.41,6.71000000,1
1506836550,22602880,298.41,2.00482094,1
1506836502,22602867,298.35,0.03048000,1
1506836500,22602866,298.35,0.02548500,1
1506836493,22602864,298.35,0.21495034,1
1506836492,22602863,298.37,0.05000000,1
1506836492,22602862,298.43,0.01719666,1
1506836316,22602798,298.43,1.40628509,1
1506836303,22602794,298.67,0.05000000,1
1506836303,22602793,298.90,0.26700000,1
1506836303,22602792,298.92,0.05000000,1
1506836303,22602791,299.12,0.05000000,1
1506836291,22602789,299.21,0.42646082,1
1506836291,22602788,299.21,0.20968665,1
1506836291,22602787,299.21,13.79885198,1
1506836270,22602781,299.21,0.18000000,1
1506836266,22602780,299.21,0.38500055,1
1506836151,22602759,299.13,0.53531200,0
1506836151,22602758,299.27,0.05000000,1
1506836151,22602757,299.29,0.50672800,1
1506836144,22602756,299.29,3.53327200,1
1506836068,22602747,299.51,3.50931177,0
1506836068,22602746,299.45,4.84000000,0
1506836068,22602745,299.38,6.52788823,0
1506836023,22602740,299.38,0.10000000,0
1506836012,22602738,299.38,0.08211177,0
1506835955,22602729,298.83,0.20000000,1
1506835952,22602727,299.39,0.30077672,0
1506835945,22602726,298.83,1.87000000,0
1506835945,22602725,298.83,4.84000000,0
1506835944,22602724,299.93,127.60176046,0
1506835944,22602723,299.92,20.20255200,0
1506835943,22602722,299.89,0.10000000,0
1506835943,22602721,299.83,0.10000000,0
1506835943,22602720,299.81,0.30186554,0
1506835943,22602719,299.80,0.10000000,0
1506835943,22602718,299.77,0.10000000,0
1506835943,22602717,299.75,0.10131338,0
1506835943,22602716,299.71,5.50000000,0
1506835943,22602715,299.64,0.10000000,0
1506835943,22602714,299.60,0.10000000,0
1506835942,22602713,299.59,0.11000000,0
1506835942,22602712,299.57,0.10000000,0
1506835942,22602711,299.45,0.10000000,0
1506835942,22602710,299.44,0.10000000,0
1506835942,22602709,299.42,0.10000000,0
1506835942,22602708,299.40,4.84000000,0
1506835942,22602707,299.29,0.10000000,0
1506835942,22602706,299.28,0.53000000,0
1506835942,22602705,299.09,0.46000000,0
1506835941,22602704,299.00,13.11903990,0
1506835941,22602703,298.83,6.61000000,0
1506835925,22602699,298.83,0.10000000,0
1506834949,22602570,298.77,0.33386886,0
1506834790,22602556,299.00,8.03685618,0
1506834790,22602555,298.99,0.71578390,0
1506834788,22602554,298.83,0.15000000,0
1506834788,22602553,298.83,0.73000000,0
1506834788,22602552,298.83,0.26800000,0
1506834635,22602536,296.95,0.11012070,1
1506834633,22602533,297.97,0.26800000,1
1506834470,22602504,298.90,0.03000000,0
1506834067,22602431,299.00,8.84410392,0
1506834066,22602430,298.99,2.00675608,0
1506834066,22602429,298.99,0.86000000,0
1506834066,22602428,298.99,2.84000000,0
1506833247,22602362,298.98,9.71108435,0
1506833245,22602361,298.97,0.26800000,0
1506832093,22602255,297.34,1.89370682,1
1506832093,22602254,297.34,0.60348663,1
1506832091,22602253,297.58,0.20000000,1
1506831864,22602237,297.58,0.08989312,1
1506831852,22602236,297.87,0.26800000,1
1506831491,22602139,298.75,0.60225724,0
1506831459,22602130,298.80,1.81372885,1
1506829949,22601919,298.88,13.18301660,0
1506829188,22601848,298.96,0.14812070,1
1506829188,22601846,298.96,0.23000000,0
1506829168,22601845,298.25,4.84000000,0
1506829168,22601844,297.78,0.26800000,0
1506829167,22601843,297.78,0.26719812,0
1506828723,22601755,297.53,0.05000000,1
1506828611,22601734,297.53,4.45021300,1
1506828610,22601733,297.53,1.25740000,1
1506828607,22601726,297.53,0.50238748,1
1506828607,22601725,297.53,0.22961252,1
1506828607,22601723,297.56,0.26800000,1
1506828584,22601692,298.94,0.00000188,1
1506828583,22601691,297.82,0.02702812,0
1506828583,22601690,297.81,0.26800000,0
1506828519,22601678,297.22,0.57497188,1
1506828519,22601677,297.30,0.23000000,1
1506828518,22601676,297.32,0.02702812,0
1506828517,22601675,297.32,0.26800000,1
1506828512,22601674,298.94,6.86716334,0
1506828220,22601610,298.86,0.50090343,0
1506827666,22601561,298.53,2.71000000,1
1506827666,22601560,298.53,0.26000000,0
1506827665,22601559,298.53,1.87000000,0
1506827664,22601558,298.53,4.58000000,0
1506827664,22601557,298.53,0.26000000,0
1506827603,22601542,298.53,0.79659288,1
1506827603,22601541,298.53,0.26000000,1
1506827602,22601540,298.53,0.26000000,1
1506827601,22601539,298.53,0.26000000,1
1506827601,22601538,298.53,1.22000000,1
1506827601,22601537,298.53,0.26000000,1
1506827600,22601536,298.53,0.26000000,1
1506827599,22601534,298.53,0.26000000,1
1506827598,22601533,298.53,0.26000000,1
1506827598,22601532,298.53,1.97520187,1
1506827597,22601531,298.53,0.26000000,1
1506827596,22601530,298.53,0.26000000,1
1506827595,22601529,298.53,0.26000000,1
1506827595,22601528,298.53,0.26000000,1
1506827594,22601527,298.53,0.26000000,1
1506827593,22601526,298.53,0.26000000,1
1506827593,22601525,298.53,2.22068366,1
1506827592,22601524,298.53,0.26000000,1
1506827591,22601523,298.53,0.26000000,1
1506827590,22601522,298.54,0.26720000,0
1506827588,22601521,298.53,2.56579432,1
1506827585,22601520,298.53,15.98852966,1
1506827476,22601510,298.53,0.38271229,1
1506827471,22601509,298.53,0.31233335,1
1506827467,22601506,298.53,0.42335197,1
1506827445,22601495,298.54,1.06414325,1
1506827359,22601488,298.83,0.15273794,0
1506827346,22601487,298.54,0.31800000,1
1506827335,22601484,298.54,0.31800000,1
1506827331,22601481,298.54,0.14890000,1
1506827314,22601479,298.92,1.79029948,1
1506827313,22601478,298.92,0.14270300,1
1506827295,22601476,298.53,4.84000000,1
1506827294,22601475,298.53,4.84000000,0
1506827294,22601474,298.52,0.53480000,0
1506827133,22601451,298.52,0.22447407,0
1506827132,22601450,298.44,0.03374505,0
1506827132,22601449,298.43,0.03374618,0
1506827131,22601448,297.67,0.04232594,0
1506827116,22601445,297.93,1.85753112,0
1506827116,22601444,296.24,2.98246888,0
1506827115,22601442,296.29,0.05000000,1
1506827115,22601441,296.29,0.05000000,1
1506827115,22601440,296.31,1.92000000,0
1506827115,22601439,296.31,10.21000000,0
1506827114,22601438,296.31,0.04232594,0
1506827114,22601437,296.55,0.05000000,1
1506827114,22601435,296.64,0.05000000,1
1506827113,22601434,296.64,0.05000000,1
1506827113,22601433,297.00,6.26800000,1
1506827113,22601432,297.15,0.33000000,0
1506827112,22601431,297.17,0.76977833,1
1506827112,22601430,297.93,3.53734685,1
1506827112,22601429,297.94,0.26740000,0
1506827110,22601428,297.94,0.26740000,1
1506827036,22601399,297.93,1.46265315,0
1506826908,22601361,297.92,6.71000000,0
1506826907,22601358,297.93,6.71000000,1
1506826904,22601353,297.93,0.03374618,0
1506826903,22601352,297.93,5.51000000,0
1506826903,22601351,297.92,1.20000000,0
1506826902,22601350,297.93,6.71000000,0
1506826846,22601327,297.94,0.03374505,0
1506826845,22601325,297.94,0.30186554,0
1506826842,22601324,299.28,8.91005528,0
1506826842,22601323,299.18,0.30239874,0
1506826842,22601322,299.00,0.10304168,0
1506826842,22601321,298.99,0.23000000,0
1506826842,22601320,298.99,1.17000000,0
1506826842,22601319,298.55,4.84000000,0
1506826842,22601318,297.86,0.26900000,0
1506826842,22601317,297.85,3.17550430,0
1506826753,22601294,297.01,0.11111457,1
1506826751,22601286,297.09,0.26900000,1
1506826673,22601198,297.89,0.88117827,0
1506826673,22601197,297.89,0.24644091,0
1506826525,22601149,297.01,3.48568017,1
1506826116,22601041,298.25,0.02155909,0
1506826041,22601036,297.00,8.35200000,1
1506826041,22601035,297.00,5.00000000,0
1506826041,22601034,297.01,0.38000000,1
1506826039,22601033,297.59,0.26800000,0
1506825655,22600996,298.00,1.01372843,0
1506825370,22600968,297.85,0.08870740,1
1506825369,22600967,297.85,6.61000000,0
1506825190,22600934,298.12,0.09717370,0
1506825167,22600922,298.14,0.07080732,0
1506825167,22600921,298.14,0.23000000,0
1506825165,22600919,296.68,0.48000000,0
