date,tid,price,amount,type
1506902403,22631471,1.18499,57.50347,0
1506902403,22631470,1.18316,25.00509,1
1506902389,22631450,1.18499,297.02871,0
1506902384,22631444,1.18499,1006.17911,0
1506902383,22631441,1.18499,1458.53000,0
1506902377,22631425,1.18499,25.33485,0
1506902377,22631419,1.18499,1493.27000,0
1506902320,22631384,1.18499,34.96277,0
1506902319,22631379,1.18499,1422.67000,0
1506902280,22631350,1.18499,739.94046,0
1506902279,22631349,1.18499,332.71733,0
1506902278,22631346,1.18499,2490.68810,0
1506902275,22631345,1.18499,381.66181,0
1506902275,22631343,1.18499,1107.49108,0
1506902274,22631337,1.18499,381.55785,0
1506902271,22631329,1.18498,48.51803,0
1506902271,22631327,1.18498,628.24297,0
1506902218,22631305,1.18498,174.09041,0
1506902213,22631292,1.18498,74.16251,0
1506901930,22631188,1.18498,295.52118,0
1506901928,22631180,1.18498,114.77639,0
1506901925,22631178,1.18498,59.03362,0
1506901921,22631167,1.18499,868.33709,0
1506901918,22631165,1.18499,2618.47722,0
1506901917,22631164,1.18499,783.13216,0
1506901917,22631160,1.18499,389.91752,0
1506901916,22631156,1.18499,412.17212,0
1506901915,22631152,1.18499,30.04651,0
1506901915,22631149,1.18498,172.02730,0
1506901913,22631145,1.18498,208.95388,0
1506901912,22631141,1.18498,270.52909,0
1506901911,22631135,1.18498,121.29383,0
1506901787,22631000,1.18499,258.32899,0
1506901786,22630999,1.18498,0.02994,0
1506901783,22630988,1.18498,20.10660,0
1506901779,22630984,1.18498,610.03341,0
1506901777,22630980,1.18498,79.13425,1
1506901775,22630976,1.18499,391.79798,0
1506901773,22630969,1.18499,690.11849,0
1506901772,22630965,1.18499,689.77079,0
1506901769,22630958,1.18498,623.35059,0
1506901768,22630954,1.18498,80.17994,0
1506901764,22630949,1.18498,80.23087,1
1506901759,22630942,1.18498,74.94025,0
1506901755,22630933,1.18498,162.95481,0
1506901754,22630930,1.18498,370.32450,0
1506901751,22630918,1.18498,95.25340,0
1506901751,22630915,1.18498,92.49094,0
1506901746,22630899,1.18498,108.71841,0
1506901746,22630896,1.18498,49.74952,0
1506901743,22630885,1.18498,375.11244,0
1506901741,22630877,1.18498,63.47409,0
1506901740,22630876,1.18316,0.28776,0
1506901740,22630867,1.18316,278.46405,0
1506901737,22630853,1.18315,492.77665,0
1506901737,22630850,1.18315,51.55000,0
1506901736,22630844,1.18315,431.02335,0
1506901734,22630831,1.18315,24.65000,0
1506901731,22630816,1.18311,52.57607,0
1506901730,22630815,1.18311,25.18061,0
1506901730,22630814,1.18311,16.90460,0
1506901730,22630812,1.18311,25.56234,0
1506901725,22630773,1.18310,274.59034,0
1506901693,22630710,1.18310,25.51669,0
1506901690,22630706,1.18310,25.51648,0
1506901689,22630704,1.18310,51.08690,0
1506901685,22630693,1.18310,25.52936,0
1506901638,22630632,1.18310,234.98423,0
1506901614,22630593,1.18309,43.76673,0
1506901604,22630577,1.18309,150.90481,0
1506901604,22630575,1.18309,88.74273,0
1506901588,22630540,1.18313,119.89056,1
1506901275,22630278,1.17838,80.00000,1
1506900792,22630026,1.17844,673.10935,0
1506900781,22630018,1.17846,240.22000,1
1506900779,22630009,1.18318,163.68174,1
1506900778,22630000,1.18318,509.42376,1
1506900705,22629964,1.18498,844.06107,1
1506900705,22629963,1.18498,1236.97695,0
1506900705,22629962,1.18491,313.64788,0
1506900703,22629960,1.18291,75.66000,0
1506900700,22629955,1.18200,1000.00000,0
1506900700,22629952,1.18200,357.35135,0
1506900699,22629947,1.18200,512.90600,0
1506900698,22629943,1.18200,392.87865,0
1506900663,22629891,1.18200,3308.16145,0
1506900590,22629841,1.18200,54.64466,0
1506900580,22629831,1.18200,37.85109,0
1506900576,22629828,1.18200,37.86639,0
1506900563,22629814,1.18200,39.06936,0
1506900515,22629734,1.18200,207.87874,0
1506900504,22629698,1.18200,287.47556,0
1506900503,22629695,1.18200,287.32316,0
1506900481,22629677,1.18200,411.80202,0
1506900476,22629668,1.18200,67.52114,0
1506900476,22629667,1.18200,67.52114,0
1506900473,22629662,1.18200,38.31000,0
1506900469,22629651,1.18200,873.02924,0
1506900344,22629580,1.17829,29.41000,0
1506900277,22629552,1.18199,55.38240,0
1506899068,22629084,1.17830,90.00000,1
1506898742,22628954,1.17998,11.08440,0
1506898460,22628708,1.18000,286.64341,1
1506898389,22628639,1.18000,106.73841,1
1506898389,22628637,1.18003,24.28079,1
1506898312,22628557,1.18200,167.76945,0
1506898189,22628500,1.18200,84.47557,0
1506898186,22628498,1.18200,84.47557,0
1506898182,22628492,1.18200,750.77085,0
1506897970,22628329,1.18200,241.25242,0
1506897966,22628322,1.18200,1121.89471,0
1506897863,22628251,1.18200,3484.98066,0
1506897858,22628245,1.18200,3066.85142,0
1506897745,22628156,1.18200,988.32330,0
1506897742,22628134,1.18199,17.33566,0
1506897677,22628099,1.18200,25.52438,0
1506897256,22627761,1.17998,0.00041,1
1506897256,22627758,1.17998,393.87956,1
1506897208,22627649,1.18200,783.48806,0
1506897115,22627563,1.18200,3016.26366,0
1506895467,22627158,1.17998,393.11771,0
1506895467,22627156,1.17997,0.72257,0
1506895463,22627150,1.17997,201.91299,0
1506894632,22626883,1.17997,797.36444,0
1506894631,22626882,1.17997,1202.63556,0
1506894545,22626826,1.17826,147.23406,1
1506894303,22626723,1.17925,71.81622,1
1506894302,22626721,1.17925,81.12000,1
1506894301,22626716,1.17925,1703.07999,1
1506894138,22626670,1.17925,60.00000,1
1506894079,22626640,1.17925,10.17901,1
1506894077,22626638,1.17925,2822.70697,1
1506894077,22626637,1.17925,10.17781,1
1506894076,22626629,1.17925,240.92000,1
1506894072,22626609,1.17926,468.73743,1
1506894071,22626606,1.17926,703.58695,1
1506894071,22626603,1.18000,0.00403,1
1506894071,22626600,1.18000,392.75424,1
1506894070,22626593,1.18000,1562.61865,1
1506894068,22626587,1.18000,1560.96611,1
1506892926,22626204,1.18227,379.50416,1
1506892920,22626186,1.18227,3402.84173,1
1506892905,22626172,1.18227,1741.79668,1
1506892899,22626163,1.18293,75.55762,1
1506892894,22626159,1.18293,729.85599,1
1506892594,22626005,1.18491,787.27015,0
1506892589,22625998,1.18491,754.37970,0
1506892585,22625996,1.18491,786.70911,0
1506892583,22625989,1.18491,786.38944,0
1506892578,22625984,1.18491,786.07975,0
1506892575,22625982,1.18491,785.52397,0
1506892575,22625980,1.18425,0.23615,0
1506892445,22625896,1.18425,294.23812,0
1506892440,22625890,1.18425,785.53595,0
1506892436,22625885,1.18425,784.70429,0
1506892434,22625882,1.18425,784.39022,0
1506892429,22625879,1.18425,784.07885,0
1506892426,22625877,1.18425,783.76570,0
1506892422,22625873,1.18425,783.05072,0
1506892422,22625871,1.18400,0.91105,0
1506892417,22625863,1.18400,182.71086,0
1506892417,22625862,1.18400,408.23598,0
1506892416,22625860,1.18400,31.57618,0
1506892413,22625858,1.18400,599.38596,0
1506892413,22625856,1.18400,183.50646,0
1506892410,22625855,1.18400,150.43951,0
1506892410,22625854,1.18400,326.18832,0
1506892409,22625852,1.18400,214.76704,0
1506892409,22625850,1.18400,91.18438,0
1506892403,22625848,1.18400,117.27812,0
1506892403,22625846,1.18400,665.51188,0
1506892400,22625844,1.18400,427.28549,0
1506892399,22625841,1.18400,354.66107,0
1506892396,22625837,1.18400,44.11590,0
1506892396,22625836,1.18400,226.01968,0
1506892396,22625835,1.18400,94.10499,0
1506892396,22625833,1.18400,164.42000,0
1506892395,22625831,1.18400,206.79785,0
1506892395,22625830,1.18400,46.18222,0
1506892392,22625826,1.18400,781.81268,0
1506892387,22625823,1.18400,10.24690,0
1506892387,22625821,1.18400,382.41678,0
1506892387,22625818,1.18400,383.21359,0
1506892387,22625816,1.18400,5.61390,0
1506892385,22625814,1.18400,98.73609,0
1506892385,22625813,1.18400,62.83001,0
1506892384,22625811,1.18400,619.17572,0
1506892380,22625807,1.18400,14.13926,0
1506892380,22625806,1.18400,633.31498,0
1506892380,22625804,1.18400,132.97621,0
1506892375,22625800,1.18400,780.11547,0
1506892371,22625797,1.18400,779.80230,0
1506892368,22625796,1.18400,111.48551,0
1506892367,22625794,1.18400,667.80735,0
1506892363,22625792,1.18400,778.97341,0
1506892361,22625790,1.18400,778.65852,0
1506892356,22625785,1.18400,778.34903,0
1506892352,22625782,1.18400,778.03957,0
1506892349,22625779,1.18400,777.73011,0
1506892345,22625774,1.18400,777.42061,0
1506892341,22625770,1.18400,777.74636,0
1506892338,22625769,1.18400,351.66553,0
1506892337,22625766,1.18400,425.77111,0
1506892334,22625763,1.18400,777.12693,0
1506892327,22625759,1.18400,776.53847,0
1506892324,22625755,1.18400,335.67767,0
1506892324,22625752,1.18400,136.89631,0
1506892319,22625742,1.18400,472.55402,0
1506892315,22625736,1.18400,472.57260,0
1506892311,22625732,1.18400,742.66611,0
1506892303,22625725,1.18400,355.92881,0
1506892241,22625711,1.18400,775.00267,0
1506892236,22625708,1.18400,659.48677,0
1506892236,22625707,1.18400,115.20638,0
1506892230,22625703,1.18400,774.38359,0
1506892226,22625701,1.18400,774.07408,0
1506892223,22625695,1.18400,61.51347,0
1506892222,22625691,1.18400,773.76813,0
1506892217,22625685,1.18400,773.28005,0
1506892217,22625683,1.18399,0.17856,0
1506892212,22625682,1.18399,117.89625,0
1506892208,22625678,1.18399,773.10555,0
1506892203,22625673,1.18399,772.79781,0
1506892198,22625669,1.18399,772.48829,0
1506892195,22625667,1.18399,772.17873,0
1506892190,22625664,1.18399,771.86743,0
1506892184,22625660,1.18399,771.55791,0
1506892181,22625655,1.18399,771.24839,0
1506892176,22625651,1.18399,770.93883,0
1506892172,22625647,1.18399,770.64286,0
1506892167,22625643,1.18399,770.33334,0
1506892164,22625637,1.18399,770.02381,0
1506892156,22625634,1.18399,769.71247,0
1506892152,22625629,1.18399,389.32153,0
1506892142,22625619,1.18399,738.87405,0
1506892138,22625613,1.18399,768.97322,0
1506892134,22625611,1.18399,768.94097,0
1506892131,22625609,1.18399,768.63130,0
1506892126,22625606,1.18399,768.32167,0
1506892123,22625599,1.18399,768.01204,0
1506892119,22625593,1.18399,767.71235,0
1506892114,22625589,1.18399,767.40272,0
1506892106,22625581,1.18399,766.93298,0
1506891994,22625555,1.18399,766.63340,0
1506891989,22625552,1.18399,766.32380,0
1506891986,22625545,1.18399,766.02422,0
1506891981,22625541,1.18399,765.71288,0
1506891973,22625536,1.18399,765.44604,0
1506891969,22625531,1.18399,765.14644,0
1506891961,22625526,1.18399,764.83685,0
1506891956,22625521,1.18399,764.52661,0
1506891953,22625519,1.18399,764.21699,0
1506891945,22625510,1.18399,763.90564,0
1506891941,22625503,1.18399,763.61310,0
1506891937,22625500,1.18399,763.30352,0
1506891934,22625498,1.18399,763.00392,0
1506891931,22625493,1.18399,762.69430,0
1506891928,22625489,1.18399,762.39470,0
1506891924,22625484,1.18399,762.08512,0
1506891916,22625478,1.18399,761.73235,0
1506891909,22625469,1.18399,761.40630,0
1506891887,22625462,1.18399,761.55530,0
1506891882,22625458,1.18399,760.80774,0
1506891876,22625452,1.18399,760.48759,0
1506891870,22625449,1.18399,760.18274,0
1506891861,22625446,1.18399,759.96845,0
1506891830,22625426,1.18399,759.29975,0
1506891826,22625404,1.18399,758.99503,0
1506891824,22625400,1.18399,758.68558,0
1506891819,22625393,1.18399,758.36679,0
1506891815,22625387,1.18399,757.70568,0
1506891812,22625384,1.18399,757.39289,0
1506891806,22625379,1.18399,757.09357,0
1506891802,22625373,1.18399,756.78902,0
1506891798,22625367,1.18399,756.46694,0
1506891794,22625364,1.18399,757.00925,0
1506891792,22625362,1.18293,755.06202,1
1506891782,22625344,1.18399,3567.15000,0
1506891775,22625330,1.18399,3643.04000,0
1506891769,22625324,1.18399,3887.72000,0
1506891767,22625321,1.18399,244.68000,0
1506891765,22625314,1.18399,2849.60000,0
1506891762,22625306,1.18399,776.40000,0
1506891761,22625302,1.18399,3249.50444,0
1506891761,22625301,1.18398,386.55556,0
1506891759,22625298,1.18398,1054.01874,1
1506891747,22625282,1.18398,493.01126,0
1506891747,22625281,1.18398,1091.14794,0
1506891747,22625280,1.18391,0.00206,0
1506891237,22625045,1.18391,2529.85000,0
1506891130,22624941,1.18391,1235.08000,0
1506891122,22624928,1.18391,1235.06794,0
1506891122,22624927,1.18325,0.00206,0
1506891094,22624896,1.18325,60.00000,0
1506891085,22624881,1.18325,1235.05000,0
1506891082,22624876,1.18325,1235.02000,0
1506891078,22624872,1.18325,1234.98000,0
1506891075,22624865,1.18325,1234.94794,0
1506891075,22624864,1.18324,0.00206,0
1506891073,22624861,1.18324,710.77000,0
1506891070,22624856,1.18324,1234.89000,0
1506891029,22624771,1.18324,546.68000,0
1506891017,22624763,1.18324,309.29000,0
1506891014,22624754,1.18324,1889.24000,0
1506891012,22624751,1.18324,309.12794,0
1506891012,22624748,1.18301,556.67206,0
1506891008,22624738,1.18299,1023.34930,0
1506891008,22624737,1.18299,556.67000,0
1506891008,22624736,1.18299,258.67000,0
1506891005,22624730,1.18299,2703.78000,0
1506890993,22624710,1.18296,50.43000,0
1506890985,22624691,1.18291,1070.81086,0
1506890984,22624687,1.18291,1559.00666,0
1506890983,22624685,1.18290,1.70047,0
1506890977,22624671,1.18290,915.51300,0
1506890803,22624611,1.18290,82.78653,0
1506890689,22624520,1.18227,149.92030,1
1506890640,22624495,1.18227,60.00000,1
1506890626,22624492,1.18291,151.24517,0
1506890623,22624488,1.18291,1111.19701,0
1506890619,22624485,1.18291,1107.74030,0
1506890619,22624483,1.18250,2.24705,0
1506890609,22624477,1.18250,696.82274,0
1506890572,22624447,1.18250,17.53910,0
1506889893,22624188,1.18249,78.34164,0
1506889825,22624164,1.18227,78.35162,1
1506889591,22624067,1.18250,278.13404,0
1506889591,22624065,1.18250,993.57806,0
1506889587,22624062,1.18225,1263.42048,0
1506889585,22624060,1.18225,2491.72892,0
1506889585,22624058,1.18225,1000.00000,0
1506889584,22624056,1.18225,3581.27872,0
1506889406,22623970,1.18225,252.96687,0
1506889402,22623960,1.18225,252.96511,0
1506889388,22623955,1.18224,129.77284,0
1506889388,22623953,1.18110,1.16302,0
1506889332,22623888,1.18110,1362.27514,0
1506889329,22623884,1.18110,3636.56184,0
1506888256,22623497,1.17855,10.15583,1
1506887165,22623093,1.18224,73.31845,1
1506887106,22623083,1.18224,250.00000,0
1506887028,22623068,1.18224,490.00000,0
1506886870,22622977,1.18224,7.52072,0
1506886862,22622966,1.18224,740.52739,0
1506886836,22622952,1.17826,66.29049,1
1506886836,22622951,1.17827,24.52139,1
1506886713,22622902,1.18224,219.39087,0
1506885785,22622574,1.17802,50.00000,1
1506885451,22622470,1.18125,126.50688,1
1506885371,22622437,1.18125,412.79999,1
1506885320,22622418,1.18125,459.19154,1
1506885245,22622395,1.18225,16.93122,0
1506885212,22622356,1.18225,895.85808,0
1506885212,22622355,1.18224,1780.00000,0
1506885211,22622354,1.18125,238.51223,0
1506885211,22622346,1.18125,761.48777,0
1506885210,22622340,1.18125,1270.25826,0
1506884241,22621959,1.17801,10.13985,1
1506882671,22621386,1.18125,10.09580,0
1506882441,22621325,1.18125,10.11573,0
1506882441,22621324,1.18125,10.10257,0
1506882438,22621320,1.18125,10.10764,0
1506882419,22621315,1.18125,1123.84000,0
1506882417,22621312,1.18125,1283.33000,0
1506882416,22621310,1.18125,1282.15000,0
1506882197,22621207,1.17801,3000.00000,1
1506882044,22621177,1.17801,60.00000,1
1506881100,22620921,1.18124,294.97815,0
1506880280,22620700,1.18025,2689.24781,0
1506880280,22620699,1.18024,0.00131,0
1506880202,22620669,1.18024,478.70000,0
1506880176,22620665,1.18024,42.06886,0
1506880173,22620660,1.18024,42.02534,0
1506880172,22620658,1.18024,42.03522,0
1506880158,22620639,1.18024,253.49927,0
1506880039,22620545,1.18024,141.67000,0
1506879959,22620460,1.17752,142.05000,1
1506879958,22620452,1.17752,86.23253,1
1506879953,22620424,1.17752,88.89118,1
1506879950,22620394,1.17752,0.70082,1
1506879950,22620392,1.17753,140.51519,1
1506879945,22620354,1.17753,59.34476,1
1506879942,22620327,1.18025,10.08709,0
1506879928,22620198,1.18025,16.94556,0
1506879928,22620192,1.18025,2033.46749,0
1506879916,22620110,1.18025,250.25205,0
1506879008,22619705,1.17750,994.74293,1
1506879004,22619702,1.17750,993.57806,1
1506879004,22619701,1.17750,1.16487,1
1506879000,22619695,1.17750,5.62919,1
1506879000,22619694,1.17751,2000.00000,1
1506879000,22619693,1.17760,6.81895,1
1506879000,22619692,1.17770,3.61070,1
1506878999,22619691,1.17925,38.89306,1
1506878997,22619688,1.17925,0.60694,0
1506878976,22619679,1.17791,663.99634,1
1506878655,22619575,1.17791,300.00000,1
1506877943,22619387,1.17791,40.00000,1
1506877929,22619385,1.17789,0.00187,0
1506877926,22619383,1.17789,999.99813,0
1506877926,22619381,1.17789,5.81187,0
1506877736,22619347,1.17770,3.18220,1
1506877736,22619346,1.17780,6.81780,1
1506876112,22618795,1.17790,6.79175,1
1506876112,22618794,1.17791,5000.00000,1
1506876109,22618790,1.17800,200.00000,1
1506876108,22618789,1.17800,6.81664,1
1506876108,22618788,1.17810,6.79060,1
1506876108,22618785,1.17820,6.81548,1
1506874722,22618344,1.17925,4999.39306,0
1506874721,22618343,1.17825,0.60694,0
1506874233,22618183,1.17825,504.15025,0
1506873735,22618024,1.17825,288.53807,0
1506873688,22618017,1.17825,3907.91417,0
1506873686,22618011,1.17825,298.79057,0
1506872863,22617798,1.17826,10.50876,0
1506872862,22617797,1.17828,0.80190,1
1506872862,22617796,1.17828,779.11475,1
1506872049,22617608,1.17828,196.14785,1
1506872048,22617605,1.17877,12.90987,1
1506871559,22617460,1.17828,23.93550,1
1506871559,22617458,1.17829,194.57492,1
1506871558,22617456,1.17830,21.93482,1
1506871554,22617453,1.17829,452.04061,1
1506871554,22617451,1.17833,21.93482,1
1506870545,22617004,1.17857,31.12017,0
1506870543,22617001,1.17857,326.99799,0
1506870540,22616996,1.17857,326.99799,0
1506870465,22616936,1.17857,326.78348,0
1506870465,22616934,1.17856,0.21451,0
1506870461,22616928,1.17856,54.35868,0
1506870426,22616911,1.17829,134.79319,1
1506870374,22616885,1.17829,14.91681,1
1506870345,22616871,1.17829,1551.47035,1
1506870340,22616868,1.17829,0.10878,1
1506870339,22616867,1.17830,35.30980,1
1506870339,22616865,1.17830,36.34092,1
1506870314,22616853,1.17830,18.23227,1
1506870314,22616852,1.17839,36.33773,1
1506870313,22616850,1.17836,0.04439,0
1506870312,22616848,1.17838,36.38212,1
1506870195,22616811,1.17829,1382.57740,1
1506870191,22616808,1.17829,621.92916,1
1506870189,22616807,1.17857,0.00004,0
1506870189,22616806,1.17857,5.04796,0
1506870188,22616804,1.17829,647.58878,1
1506870188,22616803,1.17830,6.78944,1
1506870188,22616802,1.17840,6.81432,1
1506870188,22616801,1.17850,6.78829,1
1506870188,22616800,1.17854,766.58000,1
1506870187,22616797,1.17854,233.42000,1
1506870185,22616793,1.17859,0.01000,1
1506870185,22616791,1.17859,145.25000,1
1506870184,22616790,1.17859,262.18000,1
1506870184,22616789,1.17859,592.56000,1
1506870183,22616788,1.17870,6.81259,1
1506870160,22616781,1.17887,290.01000,1
1506870159,22616780,1.17887,702.58690,1
1506870159,22616779,1.17888,36.71752,1
1506870154,22616772,1.17887,7.40310,1
1506870153,22616770,1.17888,1675.84382,1
1506870118,22616763,1.17888,543.20286,1
1506870115,22616758,1.17888,543.35471,1
1506869911,22616711,1.17888,377.70953,1
1506869906,22616706,1.17888,562.66145,1
1506869901,22616702,1.17888,2951.91613,1
1506869871,22616694,1.17888,1187.73752,1
1506869747,22616644,1.17888,3543.44073,1
1506869571,22616590,1.17888,976.60469,1
1506869241,22616506,1.17888,771.78339,1
1506869239,22616503,1.17888,66.82949,1
1506868695,22616328,1.17888,327.34992,1
1506868566,22616292,1.17888,2849.48681,1
1506868562,22616289,1.17888,387.83810,1
1506868512,22616269,1.17888,1110.21370,1
1506868510,22616268,1.17888,113.74502,1
1506868505,22616263,1.17888,73.76575,1
1506868505,22616262,1.17889,39.97927,1
1506868501,22616258,1.17888,1.41986,1
1506868501,22616257,1.17889,297.40000,1
1506868208,22616154,1.17888,317.38818,1
1506868205,22616150,1.17888,317.38818,1
1506868089,22616111,1.17888,209.68415,1
1506868079,22616102,1.17888,249.18185,1
1506868076,22616100,1.17888,636.19680,1
1506868075,22616097,1.17889,72.24987,1
1506867184,22615536,1.17999,7.20820,1
1506867184,22615535,1.17999,7.20820,1
1506867184,22615534,1.17999,7.20820,1
1506867184,22615533,1.17999,7.20820,1
1506867184,22615532,1.17999,7.20820,1
1506867183,22615531,1.17999,7.20820,1
1506867183,22615530,1.17999,7.20820,1
1506867183,22615529,1.17999,7.20820,1
1506867183,22615528,1.17999,7.20820,1
1506867183,22615527,1.17999,7.20820,1
1506867183,22615526,1.17999,7.20820,1
1506867183,22615525,1.17999,7.20820,1
1506867182,22615522,1.17999,7.20820,1
1506867182,22615521,1.17999,7.20820,1
1506867182,22615520,1.17999,6.84171,1
1506867147,22615466,1.17999,0.36649,1
1506867147,22615464,1.17999,0.00004,1
1506867147,22615463,1.18000,102.52000,1
1506867056,22615364,1.17911,7.20406,0
1506867056,22615363,1.17908,0.00410,0
1506867053,22615361,1.17908,439.68000,0
1506866904,22615324,1.17908,560.31590,0
1506866903,22615323,1.17908,601.23410,0
1506866848,22615303,1.17908,217.38982,0
1506866844,22615299,1.17908,165.95711,0
1506866840,22615293,1.17908,57.21000,0
1506866840,22615290,1.17908,51.48973,0
1506866838,22615278,1.17907,51.30878,0
1506866838,22615277,1.17907,0.18095,0
1506866769,22615253,1.17888,399.50372,1
1506866768,22615251,1.17889,8.18833,1
1506866718,22615208,1.17888,51.48405,1
1506866717,22615202,1.17888,1820.72557,1
1506866717,22615201,1.17890,8.25441,1
1506866711,22615185,1.17907,101.80904,0
1506866581,22615128,1.17888,179.93393,1
1506866559,22615116,1.17888,1623.87000,1
1506866539,22615110,1.17888,18.02036,1
1506866534,22615106,1.17888,478.96374,1
1506866391,22615060,1.17888,57.52919,1
1506866138,22614953,1.17888,55.71390,1
1506866024,22614905,1.17888,1078.30564,1
1506866004,22614887,1.17888,1499.07056,1
1506865967,22614870,1.17888,5401.44738,1
1506865967,22614869,1.17900,251.23550,1
1506865959,22614864,1.17888,377.02604,1
1506865865,22614837,1.17888,461.45285,1
1506865862,22614832,1.17888,461.45285,1
1506865856,22614830,1.17900,257.69169,1
1506865719,22614778,1.17888,508.72000,1
1506865678,22614764,1.17888,53.77999,1
1506865660,22614752,1.17888,503.51170,1
1506865567,22614694,1.17888,225.86416,1
1506865259,22614569,1.17888,135.46548,1
1506865123,22614512,1.17888,112.64066,1
1506864932,22614405,1.17888,74.60137,1
1506864929,22614400,1.17888,94.49508,1
1506864927,22614398,1.17888,94.57068,1
1506864736,22614291,1.17888,742.43937,1
1506864733,22614282,1.17888,384.55452,1
1506864691,22614271,1.17888,416.53943,1
1506864645,22614252,1.17888,51.65921,1
1506864524,22614186,1.17888,27.37344,1
1506864510,22614175,1.17888,121.77794,1
1506864509,22614172,1.17888,87.63982,1
1506864459,22614139,1.17888,1073.24264,1
1506864455,22614128,1.17888,135.37999,1
1506864452,22614118,1.17888,223.65399,1
1506864342,22614085,1.17888,451.49634,1
1506864334,22614081,1.17888,45.14677,1
1506864329,22614075,1.17888,45.14677,1
1506864324,22614067,1.17888,1111.70042,1
1506864301,22614054,1.17888,36.54316,1
1506864292,22614045,1.17888,1263.86997,1
1506864197,22613992,1.17888,719.67135,1
1506864071,22613945,1.17888,50.00000,1
1506863825,22613827,1.17888,35.86999,1
1506863764,22613799,1.17888,260.48478,1
1506863703,22613761,1.17888,172.16999,1
1506863666,22613721,1.17888,213.49961,1
1506863663,22613720,1.17888,1350.50926,1
1506863572,22613655,1.17888,685.18807,1
1506863562,22613643,1.17888,4540.26768,1
1506863560,22613640,1.17888,1494.11998,1
1506863559,22613637,1.17888,873.04001,1
1506863558,22613634,1.17888,1113.81999,1
1506863557,22613626,1.17888,2366.25999,1
1506863540,22613587,1.17888,67.02126,1
1506863435,22613506,1.17888,1093.75529,1
1506863207,22613347,1.17888,19.57100,1
1506863086,22613254,1.17888,23.27065,1
1506863048,22613237,1.17888,3496.58214,1
1506863033,22613230,1.17888,999.19807,1
1506863029,22613227,1.17888,999.19807,1
1506862891,22613184,1.17888,60.54180,1
1506862887,22613180,1.17888,60.54180,1
1506862781,22613127,1.17888,436.14712,1
1506862568,22612977,1.17888,45.24663,1
1506862508,22612890,1.17888,224.06861,1
1506862506,22612880,1.17888,6107.81420,1
1506862504,22612873,1.17888,4088.24105,1
1506862504,22612871,1.17890,6.46749,1
1506862501,22612864,1.17890,0.34394,1
1506862501,22612861,1.17891,175.12081,1
1506862498,22612854,1.17891,1000.99919,1
1506862495,22612849,1.17891,1733.16080,1
1506862493,22612842,1.17891,2090.71920,1
1506862493,22612841,1.17910,6.81028,1
1506862493,22612840,1.17910,441.62728,1
1506862493,22612839,1.17910,642.36079,1
1506862484,22612827,1.17910,124.26381,1
1506862466,22612803,1.17910,2136.91800,1
1506862465,22612797,1.17911,4.70083,0
1506861973,22612430,1.17910,488.65175,1
1506861970,22612427,1.17910,488.65175,1
1506861967,22612424,1.17910,1116.86320,1
1506861962,22612414,1.17910,1115.66669,1
1506861959,22612412,1.17910,1114.44472,1
1506861759,22612323,1.17910,3995.64978,1
1506861752,22612315,1.17910,393.53205,1
1506861748,22612309,1.17910,2253.94336,1
1506861745,22612307,1.17910,3602.11769,1
1506861740,22612303,1.17910,3602.11769,1
1506861724,22612273,1.17910,4176.44351,1
1506861723,22612270,1.17910,180.10635,1
1506861721,22612267,1.17910,2092.91545,1
1506861721,22612266,1.17910,154.24477,1
1506861720,22612263,1.17910,154.24477,1
1506861720,22612262,1.17910,1927.64453,1
1506861718,22612252,1.17910,327.67587,1
1506861713,22612232,1.17913,3265.29668,1
1506861708,22612230,1.17913,3602.11769,1
1506861703,22612227,1.17913,0.36727,1
1506861703,22612226,1.17914,99.98124,1
1506861253,22612064,1.17913,374.39469,1
1506861239,22612051,1.17914,8.02171,1
1506861188,22612033,1.17914,2960.36523,1
1506861182,22612018,1.17914,1027.84479,1
1506861178,22612011,1.17914,63.29000,1
1506861153,22611967,1.17914,47.67000,1
1506861151,22611962,1.17914,63.29000,1
1506861148,22611957,1.17914,63.30886,1
1506861076,22611811,1.17914,361.60000,1
1506860712,22611206,1.17914,64.99432,1
1506860549,22610962,1.17914,75.91347,1
1506860548,22610961,1.17914,64.99653,1
1506860540,22610950,1.17914,58.80768,1
1506860434,22610859,1.17997,100.52910,0
1506860419,22610828,1.17914,2237.52796,1
1506860418,22610826,1.17914,130.75999,1
1506860403,22610789,1.17999,7.70560,1
1506860403,22610788,1.17999,7.70560,1
1506860403,22610787,1.17999,7.70560,1
1506860403,22610786,1.17999,7.70560,1
1506860403,22610785,1.17999,7.70560,1
1506860402,22610783,1.17999,7.70560,1
1506860402,22610780,1.17999,7.70560,1
1506860402,22610777,1.17999,7.70560,1
1506860402,22610776,1.17999,7.70560,1
1506860402,22610775,1.17999,7.70560,1
1506860402,22610774,1.17999,7.70560,1
1506860401,22610773,1.17999,7.70560,1
1506860401,22610772,1.17999,7.70558,1
1506860398,22610769,1.17998,0.00002,0
1506860397,22610768,1.17998,7.70560,0
1506860375,22610750,1.17914,42.71000,1
1506860372,22610738,1.17914,71.18000,1
1506860368,22610726,1.17914,21.47000,1
1506860367,22610723,1.17914,4240.03707,1
1506860365,22610708,1.17914,53.46000,1
1506860364,22610702,1.17914,750.03000,1
1506860363,22610698,1.17914,15.99526,1
1506860361,22610680,1.17914,177.51861,1
1506860352,22610658,1.17914,2587.76187,1
1506860352,22610652,1.17914,409.35484,1
1506860349,22610637,1.17914,2950.75340,1
1506860347,22610629,1.17914,812.81963,1
1506860341,22610604,1.17914,941.16990,1
1506860336,22610593,1.17914,58.80972,1
1506860336,22610592,1.17914,4144.98233,1
1506860330,22610553,1.17914,400.86038,1
1506860326,22610530,1.17914,5092.69645,1
1506860325,22610527,1.17930,6.78369,1
1506860325,22610524,1.17940,6.78311,1
1506860325,22610522,1.17950,6.78253,1
1506860325,22610520,1.17960,6.78196,1
1506860325,22610517,1.17970,6.78139,1
1506860325,22610515,1.17980,6.78081,1
1506860325,22610514,1.17990,6.78024,1
1506860325,22610512,1.17991,501.05437,1
1506860323,22610492,1.17991,35.21455,1
1506860319,22610465,1.17991,164.39000,1
1506860316,22610451,1.17991,130.76000,1
1506860315,22610446,1.17991,164.42000,1
1506860311,22610414,1.17991,1504.75630,1
1506860307,22610384,1.17991,392.55254,1
1506860302,22610366,1.17991,400.39676,1
1506860226,22610259,1.17991,73.21400,1
1506859939,22610122,1.17991,324.63528,1
1506859934,22610118,1.17991,676.71446,1
1506859933,22610116,1.17991,324.63528,1
1506859924,22610082,1.17991,307.25646,1
1506859914,22610056,1.18000,6.77966,1
1506859914,22610055,1.18000,2591.31645,1
1506859908,22610038,1.18000,160.85411,1
1506859907,22610034,1.18000,100.18281,1
1506859906,22610029,1.18000,582.01978,1
1506859903,22610019,1.18000,559.14331,1
1506859902,22610014,1.18000,630.96214,1
1506859901,22610011,1.18000,375.52140,1
1506859901,22610010,1.18000,183.62191,1
1506859901,22610007,1.18000,408.23598,1
1506859899,22609988,1.18000,630.96214,1
1506859897,22609982,1.18000,333.94597,1
1506859896,22609976,1.18000,326.18832,1
1506859895,22609971,1.18000,214.76704,1
1506859893,22609967,1.18000,208.46250,1
1506859892,22609965,1.18000,1092.79737,1
1506859891,22609957,1.18000,398.77697,1
1506859890,22609946,1.18000,226.01968,1
1506859887,22609942,1.18000,94.10499,1
1506859885,22609931,1.18000,164.42000,1
1506859884,22609928,1.18000,206.79785,1
1506859882,22609917,1.18000,838.24180,1
1506859878,22609904,1.18000,382.41678,1
1506859874,22609896,1.18000,383.21359,1
1506859834,22609817,1.18000,104.34999,1
1506859834,22609815,1.18000,62.83001,1
1506859827,22609807,1.18000,633.31498,1
1506859823,22609802,1.18000,633.31498,1
1506859817,22609795,1.18000,1804.37949,1
1506859812,22609790,1.18000,6466.39049,1
1506859806,22609771,1.18000,2315.11418,1
1506859800,22609764,1.18000,3615.10729,1
1506859796,22609752,1.18000,3272.22570,1
1506859786,22609734,1.18005,510.22807,1
1506859746,22609711,1.18005,132.60816,1
1506859301,22609566,1.18005,98.88420,1
1506859301,22609565,1.18005,736.47581,1
1506859292,22609554,1.18005,67.51999,1
1506859247,22609507,1.18005,122.04701,1
1506859244,22609494,1.18005,122.04701,1
1506859223,22609475,1.18005,802.69203,1
1506859218,22609468,1.18005,840.63909,1
1506859213,22609455,1.18005,67.34418,1
1506859213,22609451,1.18005,736.47582,1
1506859206,22609432,1.18005,3627.09770,1
1506859205,22609428,1.18005,1096.57064,1
1506859202,22609406,1.18005,735.04572,1
1506859201,22609405,1.18005,67.69999,1
1506859200,22609399,1.18005,325.53584,1
1506859196,22609390,1.18005,1697.18845,1
1506859195,22609387,1.18005,4055.12581,1
1506859111,22609318,1.18005,347.55999,1
1506859096,22609308,1.18005,3104.42824,1
1506859076,22609290,1.18005,49.03808,1
1506859076,22609289,1.18005,308.95859,1
1506859074,22609286,1.18005,26.69596,1
1506858974,22609262,1.18005,2429.48181,1
1506858926,22609258,1.18005,150.75000,1
1506858887,22609249,1.18005,1207.39999,1
1506858884,22609242,1.18005,1207.07999,1
1506858878,22609239,1.18005,10.00488,1
1506858746,22609198,1.18005,49.10809,1
1506858730,22609189,1.18005,143.82892,1
1506858720,22609179,1.18005,25.25473,1
1506858686,22609171,1.18005,544.74844,1
1506858678,22609169,1.18005,52.04815,1
1506858677,22609168,1.18005,256.35483,1
1506858379,22609088,1.18005,274.10703,1
1506857906,22608990,1.18005,862.29398,1
1506857904,22608989,1.18005,311.23738,1
1506857901,22608982,1.18005,286.11858,1
1506857716,22608918,1.18005,147.85416,1
1506857539,22608882,1.18005,219.55764,1
1506857536,22608881,1.18005,32.94025,1
1506857368,22608854,1.18005,25.36311,1
1506857360,22608850,1.18005,25.34964,1
1506857358,22608849,1.18005,26.93032,1
1506857355,22608837,1.18005,25.30069,1
1506857355,22608833,1.18005,50.61651,1
1506857354,22608829,1.18005,310.54693,1
1506857259,22608808,1.18005,309.75318,1
1506857199,22608792,1.18005,158.02592,1
1506857179,22608786,1.18005,713.73924,1
1506857176,22608783,1.18005,327.39364,1
1506857175,22608777,1.18005,132.49427,1
1506856852,22608681,1.18005,6.41132,1
1506856852,22608680,1.18006,1708.01924,1
1506856793,22608669,1.18006,115.65292,1
1506856788,22608665,1.18006,216.42450,1
1506856726,22608649,1.18006,116.36201,1
1506856721,22608646,1.18006,208.61027,1
1506856719,22608643,1.18006,208.61027,1
1506856710,22608639,1.18006,333.37772,1
1506856596,22608612,1.18006,997.07642,1
1506856594,22608606,1.18006,918.69905,1
1506856589,22608599,1.18006,209.63360,1
1506856585,22608596,1.18006,208.61027,1
1506856225,22608511,1.18006,208.61027,1
1506856220,22608509,1.18006,353.57623,1
1506856125,22608485,1.18006,179.24324,1
1506856123,22608482,1.18006,1697.50691,1
1506856123,22608479,1.18006,310.61329,1
1506856119,22608472,1.18006,1604.11190,1
1506855832,22608425,1.18006,405.26189,1
1506855832,22608424,1.18006,4096.20799,1
1506855827,22608419,1.18006,4501.46988,1
1506855446,22608348,1.18006,369.85437,1
1506855445,22608346,1.18006,310.25766,1
1506855444,22608344,1.18006,227.03234,1
1506855042,22608267,1.18295,116.76291,0
1506854872,22608225,1.18006,5.64457,1
1506854250,22608044,1.18006,119.52603,1
1506854249,22608042,1.18006,36.28024,1
1506854248,22608039,1.18006,310.63120,1
1506853960,22607974,1.18299,457.53070,0
1506853959,22607973,1.18298,51.59851,0
1506853172,22607797,1.18006,23.09572,1
1506853170,22607796,1.18007,36.90428,1
1506853121,22607780,1.18007,45.23787,1
1506853121,22607778,1.18007,103.61815,1
1506853081,22607754,1.18007,980.98136,1
1506852528,22607512,1.18007,526.86841,1
1506852068,22607337,1.18007,1802.75622,1
1506851666,22607228,1.18007,67.93524,1
1506851539,22607193,1.18007,19.30899,1
1506851534,22607190,1.18007,19.30899,1
1506851344,22607122,1.18007,1335.11774,1
1506851214,22607090,1.18007,158.38640,1
1506851210,22607087,1.18007,158.38640,1
1506851207,22607084,1.18007,158.38640,1
1506851067,22607055,1.18007,908.14829,1
1506851015,22607045,1.18007,1452.27087,1
1506851011,22607040,1.18007,306.81144,1
1506850875,22607008,1.18007,442.15852,1
1506850864,22607001,1.18007,37.88210,1
1506850862,22606998,1.18007,7.70642,1
1506850828,22606991,1.18007,37.92996,1
1506850617,22606955,1.18007,161.50269,1
1506850614,22606954,1.18007,78.38259,1
1506850319,22606910,1.18007,419.45220,1
1506850207,22606891,1.18007,229.25651,1
1506850084,22606841,1.18007,504.53930,1
1506850083,22606840,1.18007,2525.57319,1
1506849912,22606794,1.18007,83.14999,1
1506849649,22606695,1.18007,1003.00000,1
1506848744,22606434,1.18007,50.00000,1
1506848437,22606370,1.18007,398.29000,1
1506847756,22606180,1.18010,20.66335,0
1506847756,22606179,1.18010,79.15046,0
1506847680,22606152,1.18010,920.84954,0
1506847680,22606151,1.18010,215.86307,0
1506847680,22606150,1.18010,706.48636,0
1506847680,22606149,1.18010,185.46791,0
1506847587,22606055,1.18007,20.58520,1
1506847575,22606036,1.18007,10.91231,1
1506847570,22606023,1.18007,10.91231,1
1506847568,22606015,1.18007,57.52360,1
1506847522,22605969,1.18007,2526.34166,1
1506847521,22605966,1.18007,720.22999,1
1506847518,22605961,1.18007,2593.48175,1
1506847511,22605946,1.18010,706.48636,1
1506847511,22605945,1.18010,445.45001,1
1506847511,22605944,1.18010,274.33999,1
1506847509,22605939,1.18010,935.93000,1
1506847508,22605937,1.18010,763.96571,1
1506847498,22605925,1.18010,356.20711,1
1506847496,22605921,1.18010,51.07195,1
1506847494,22605917,1.18010,509.60999,1
1506847478,22605906,1.18010,108.91561,1
1506847477,22605904,1.18010,509.82999,1
1506847464,22605892,1.18010,602.10999,1
1506847464,22605889,1.18010,391.97526,1
1506847439,22605864,1.18010,509.82999,1
1506847437,22605862,1.18010,406.84666,1
1506847411,22605845,1.18010,249.67999,1
1506847394,22605827,1.18010,638.39999,1
1506847389,22605820,1.18010,125.98809,1
1506847323,22605797,1.18010,827.12999,1
1506847234,22605782,1.18010,799.85595,1
1506847124,22605757,1.18010,786.37737,1
1506847124,22605754,1.18010,480.37969,1
1506847096,22605747,1.18010,83.60035,1
1506847095,22605745,1.18010,83.65999,1
1506847091,22605738,1.18010,293.60224,1
1506847090,22605736,1.18010,229.42999,1
1506847090,22605734,1.18010,1197.03415,1
1506847088,22605730,1.18010,229.43819,1
1506847083,22605721,1.18010,311.54791,1
1506847079,22605712,1.18010,54.89199,1
1506847075,22605708,1.18010,178.80184,1
1506847072,22605702,1.18010,50.36961,1
1506847071,22605701,1.18010,67.21192,1
1506847069,22605697,1.18010,894.07678,1
1506847068,22605695,1.18010,51.44643,1
1506846983,22605653,1.18010,94.03633,1
1506846983,22605652,1.18010,45.52621,1
1506846980,22605651,1.18010,93.99974,1
1506846974,22605641,1.18010,254.24655,1
1506846946,22605623,1.18010,896.90705,1
1506846551,22605523,1.18010,118.04767,1
1506846551,22605522,1.18010,6.77909,1
1506846551,22605521,1.18020,6.77851,1
1506846551,22605520,1.18030,6.77794,1
1506846551,22605519,1.18040,6.77736,1
1506846059,22605306,1.18050,906.68999,1
1506846041,22605295,1.18050,306.37583,1
1506846024,22605270,1.18050,70.59571,1
1506846008,22605258,1.18050,91.85645,1
1506845990,22605223,1.18050,882.36411,1
1506845989,22605219,1.18050,318.50064,1
1506845988,22605217,1.18050,698.27806,1
1506845987,22605215,1.18050,1035.14320,1
1506845987,22605214,1.18050,200.00000,1
1506845986,22605213,1.18050,6.77679,1
1506845985,22605210,1.18060,6.77622,1
1506845985,22605208,1.18070,6.77564,1
1506845957,22605181,1.18080,6.77507,1
1506845957,22605180,1.18090,5.28767,1
1506845952,22605177,1.18090,1.48682,1
1506845952,22605176,1.18091,248.59357,1
1506845948,22605159,1.18091,335.19358,1
1506845881,22605120,1.18091,544.52327,1
1506845832,22605099,1.18303,6229.42317,1
1506845830,22605096,1.18303,528.28787,1
1506845825,22605093,1.18303,7.70193,1
1506845824,22605089,1.18303,313.28876,1
1506845824,22605087,1.18303,298.01600,1
1506845823,22605082,1.18303,7.70192,1
1506845822,22605075,1.18303,1308.27622,1
1506845820,22605072,1.18303,1307.30413,1
1506845789,22605060,1.18091,182.36405,1
1506845742,22605043,1.18091,311.02571,1
1506845742,22605042,1.18105,10.83619,1
1506845739,22605039,1.18091,3378.29982,1
1506845739,22605038,1.18100,6.77392,1
1506845652,22604997,1.18129,138.67293,1
1506845321,22604927,1.18129,411.25652,1
1506845253,22604882,1.18129,608.52966,1
1506845253,22604881,1.18129,1119.60999,1
1506845250,22604874,1.18129,1307.02030,1
1506845238,22604870,1.18129,1024.82879,1
1506845237,22604866,1.18153,779.62200,1
1506845237,22604865,1.18153,122.44242,1
1506845060,22604770,1.18153,55.73283,1
1506845056,22604763,1.18153,108.63880,1
1506845053,22604759,1.18153,239.29990,1
1506844998,22604685,1.18153,25.27471,1
1506844995,22604678,1.18153,25.27471,1
1506844984,22604656,1.18153,186.59999,1
1506844982,22604650,1.18153,2340.17998,1
1506844956,22604593,1.18153,886.23675,1
1506844928,22604571,1.18153,481.18965,1
1506844164,22604429,1.18153,100.34897,1
1506844163,22604427,1.18153,310.08021,1
1506844035,22604397,1.18153,100.29786,1
1506844034,22604395,1.18153,310.08874,1
1506844033,22604393,1.18153,311.53674,1
1506844032,22604391,1.18153,312.05311,1
1506844031,22604386,1.18153,100.24760,1
1506844031,22604382,1.18153,620.46916,1
1506844030,22604380,1.18153,127.75808,1
1506844029,22604370,1.18153,870.59999,1
1506843875,22604344,1.18153,295.07288,1
1506843793,22604313,1.18153,276.31999,1
1506843757,22604304,1.18153,50.00000,1
1506843437,22604248,1.18153,70.79365,1
1506843434,22604245,1.18153,240.91644,1
1506843190,22604190,1.18153,374.92999,1
1506843013,22604142,1.18153,29.24333,1
1506842612,22604059,1.18154,682.90961,0
1506842612,22604058,1.18154,176.58258,0
1506842608,22604049,1.18153,458.64451,1
1506842607,22604044,1.18153,70.44219,1
1506842570,22604028,1.18153,280.27000,1
1506842566,22604017,1.18153,55.73059,1
1506842566,22604015,1.18154,282.72477,1
1506842566,22604014,1.18154,400.88268,1
1506842564,22604010,1.18154,1671.04731,1
1506842227,22603920,1.18154,3848.08794,1
1506842176,22603908,1.18154,207.62626,1
1506842041,22603873,1.18154,433.82004,1
1506842039,22603871,1.18154,297.71770,1
1506841863,22603853,1.18154,90.00965,1
1506841562,22603780,1.18154,84.49509,1
1506841560,22603777,1.18154,1101.52870,1
1506841557,22603773,1.18154,1099.98696,1
1506841554,22603768,1.18154,202.77774,1
1506841553,22603766,1.18154,637.94143,1
1506841550,22603760,1.18154,637.90348,1
1506841546,22603756,1.18155,340.23314,1
1506841439,22603734,1.18154,728.48994,1
1506841157,22603692,1.18155,210.05987,1
1506840928,22603629,1.18200,28.20475,1
1506840157,22603546,1.18200,56.37601,1
1506840118,22603531,1.18200,523.21997,1
1506839226,22603376,1.18200,181.79650,1
1506839158,22603366,1.18200,168.90999,1
1506839157,22603362,1.18200,168.83112,1
1506839104,22603353,1.18200,436.33083,1
1506839100,22603349,1.18200,436.33083,1
1506839094,22603344,1.18201,272.78172,1
1506834616,22602524,1.18155,260.99999,1
1506834447,22602498,1.18174,328.96740,1
1506832358,22602265,1.18174,30.16678,1
1506832357,22602264,1.18175,150.00000,1
1506831921,22602243,1.18175,283.76561,1
1506831541,22602154,1.18174,3.14237,1
1506831541,22602153,1.18175,570.00000,1
1506831536,22602147,1.18174,6.11258,1
1506831536,22602146,1.18175,1110.00000,1
1506827244,22601468,1.18696,313.46532,0
1506826906,22601357,1.18172,1000.00000,0
1506826906,22601355,1.18172,9.54359,0
1506824365,22600684,1.18176,1890.00000,1
1506821839,22600074,1.18160,50.00000,0
1506820209,22599686,1.18159,1920.82361,1
1506818891,22599209,1.18675,30.82135,0
1506818361,22599019,1.18676,115.71000,0
1506818357,22599010,1.18676,75.74368,0
1506818356,22599006,1.18676,76.88860,0
1506818355,22598999,1.18676,107.87334,0
1506818329,22598949,1.18675,200.00000,0
1506818325,22598929,1.18676,356.28000,0
1506818325,22598923,1.18675,0.01000,0
1506818324,22598915,1.18675,389.99000,0
1506818319,22598888,1.18676,109.02653,0
1506818318,22598883,1.18675,948.45985,0
1506818318,22598881,1.18675,510.00000,0
1506818313,22598839,1.18675,75.74000,0
1506818313,22598833,1.18675,1893.40728,0
1506818312,22598830,1.18674,1270.00000,0
1506818311,22598811,1.18675,149.44469,0
1506818303,22598739,1.18648,906.50608,0
1506818303,22598735,1.18648,249.64025,0
1506818293,22598637,1.18655,76.80540,0
1506818293,22598635,1.18157,0.15040,0
1506818280,22598505,1.18157,86.22668,0
1506818280,22598502,1.18157,17.27542,0
1506818279,22598493,1.18154,4952.22514,1
1506818271,22598398,1.18154,463.68300,1
1506818261,22598281,1.18154,70.22942,1
1506818259,22598257,1.18154,75.86050,1
1506818257,22598237,1.18154,117.22797,1
1506818257,22598232,1.18154,291.89426,1
1506818253,22598195,1.18154,1123.69490,1
1506818253,22598193,1.18154,117.22510,1
1506818251,22598183,1.18154,3861.25813,1
1506818251,22598180,1.18154,1651.05190,1
1506818251,22598176,1.18155,3.93300,0
1506818249,22598160,1.18155,251.03963,0
1506818248,22598154,1.18155,269.31327,0
1506818245,22598113,1.18154,232.89810,1
1506818238,22598020,1.18155,103.49957,0
1506818236,22597999,1.18155,186.95195,1
1506818236,22597996,1.18155,228.67808,1
1506818234,22597971,1.18154,76.14215,1
1506818233,22597968,1.18157,506.55154,1
1506818233,22597966,1.18157,17.27542,1
1506818229,22597942,1.18154,409.70449,1
1506818229,22597941,1.18155,62.83136,1
1506818228,22597931,1.18155,461.46164,1
1506817265,22597665,1.18155,50.00000,1
