date,tid,price,amount,type
1506902420,22631535,46.01,2.61481800,0
1506901644,22630639,45.85,1.57400000,1
1506901619,22630612,45.90,7.31849000,1
1506901619,22630611,45.90,9.98384800,1
1506901590,22630549,45.93,2.61371900,1
1506901585,22630533,46.01,24.40554799,1
1506901537,22630436,46.01,4.75706000,1
1506901126,22630212,46.18,0.54957819,0
1506901065,22630173,46.17,0.49211495,0
1506900850,22630077,46.22,1.40266060,0
1506900832,22630063,46.17,3.85637820,0
1506900816,22630052,46.18,0.17641443,1
1506900461,22629640,46.01,7.55378000,1
1506900459,22629634,46.02,0.00230000,1
1506900459,22629633,46.08,3.28000000,1
1506900312,22629565,45.99,43.72580996,0
1506900064,22629470,45.97,12.44768328,0
1506899513,22629294,45.89,0.01740000,0
1506899480,22629273,45.94,24.81000000,1
1506899473,22629272,45.91,53.18866557,1
1506899473,22629271,45.96,1.79549979,1
1506899473,22629270,46.01,0.43373390,1
1506899472,22629269,46.04,0.43345130,1
1506899472,22629268,46.04,0.62814944,1
1506898977,22629068,46.04,4.99750000,1
1506898950,22629049,46.18,0.20000000,0
1506898852,22629019,46.05,19.12240000,1
1506898778,22628991,46.07,5.00000000,1
1506898773,22628990,46.05,0.50000000,1
1506898751,22628976,46.26,3.94505430,1
1506898751,22628975,46.27,1.78199870,1
1506898748,22628974,46.39,4.28131709,1
1506898748,22628973,46.39,0.11000000,0
1506898748,22628972,46.39,0.12000000,0
1506898747,22628971,46.38,0.12000000,0
1506898747,22628970,46.37,0.20034000,0
1506898747,22628969,46.37,0.12000000,0
1506898746,22628968,46.36,1.00963936,1
1506898745,22628967,46.36,0.77089308,0
1506898744,22628966,46.36,4.44910692,0
1506898744,22628965,46.36,0.12000000,0
1506898744,22628964,46.35,1.79088559,0
1506898744,22628963,46.35,0.12000000,0
1506898744,22628962,46.35,1.95000749,0
1506898743,22628961,46.34,0.12000000,0
1506898743,22628960,46.33,1.33000000,0
1506898743,22628959,46.33,0.12000000,0
1506898743,22628958,46.32,5.56405300,1
1506898743,22628957,46.32,10.05679700,1
1506898740,22628951,46.32,0.12000000,0
1506898740,22628950,46.32,0.26501000,0
1506898740,22628949,46.31,0.12000000,0
1506898740,22628948,46.30,0.12000000,0
1506898737,22628946,46.29,0.11000000,0
1506898737,22628945,46.29,0.12000000,0
1506898737,22628944,46.28,0.12000000,0
1506898736,22628943,46.27,0.12000000,0
1506898736,22628942,46.26,0.12000000,0
1506898736,22628941,46.25,0.12000000,0
1506898731,22628939,46.24,0.12000000,0
1506898731,22628938,46.24,0.12000000,0
1506898731,22628937,46.24,1.36727997,0
1506898731,22628936,46.24,0.24000000,0
1506898731,22628935,46.24,0.13000000,0
1506898730,22628934,46.24,0.11000000,0
1506898730,22628933,46.24,0.11000000,0
1506898730,22628932,46.23,0.12000000,0
1506898730,22628931,46.22,0.24000000,0
1506898730,22628930,46.22,0.12000000,0
1506898730,22628929,46.22,0.12000000,0
1506898730,22628928,46.21,0.12000000,0
1506898729,22628926,46.20,0.12000000,0
1506898729,22628925,46.20,0.32620554,0
1506898550,22628777,46.12,21.27555400,1
1506898548,22628776,46.12,2.27924900,1
1506898540,22628773,46.12,236.00000000,1
1506898516,22628757,46.12,10.50000000,1
1506898489,22628737,46.19,0.43204370,1
1506898168,22628482,46.19,0.49244351,1
1506898157,22628478,46.19,0.11000000,0
1506898156,22628477,46.19,0.12000000,0
1506898156,22628476,46.18,0.86400000,0
1506898155,22628473,46.18,0.12000000,0
1506898155,22628472,46.18,0.12000000,0
1506898153,22628469,46.17,0.12000000,0
1506898150,22628465,46.13,7.70129808,1
1506898150,22628464,46.15,0.99204192,1
1506898149,22628460,46.15,0.24000000,1
1506898146,22628449,46.16,0.12000000,0
1506898144,22628448,46.15,0.43677160,0
1506898144,22628447,46.15,0.12000000,0
1506898142,22628446,46.14,0.12000000,0
1506898140,22628441,46.13,0.12000000,0
1506898140,22628440,46.13,1.96212539,0
1506898133,22628435,46.12,0.39967737,1
1506898130,22628433,46.12,3.48032263,0
1506898130,22628432,46.12,0.12000000,0
1506898127,22628429,46.11,0.12000000,0
1506898127,22628428,46.10,0.12000000,0
1506898127,22628427,46.09,8.73000000,0
1506898127,22628425,46.09,0.11000000,0
1506898127,22628423,46.09,0.12000000,0
1506898123,22628418,46.08,0.20000000,1
1506898122,22628417,46.08,0.43744180,0
1506898122,22628416,46.08,0.12000000,0
1506898122,22628415,46.08,4.17427414,0
1506898115,22628408,46.08,1.79088559,0
1506898114,22628405,46.08,4.03484027,0
1506898113,22628404,46.08,1.81430975,0
1506898113,22628403,46.08,0.15000000,0
1506898113,22628402,46.07,0.00008621,0
1506898112,22628400,46.07,0.43745149,0
1506898112,22628399,46.07,0.43753770,0
1506898112,22628398,46.07,0.12000000,0
1506898111,22628397,46.06,0.12000000,0
1506897971,22628330,46.05,0.12000000,0
1506897961,22628293,46.04,7.44162000,1
1506897961,22628292,46.04,30.12531900,1
1506897959,22628286,46.04,0.12000000,0
1506897959,22628285,46.03,0.43792180,0
1506897958,22628284,46.03,0.12000000,0
1506897915,22628271,46.02,41.10446762,0
1506897915,22628270,46.02,0.12000000,0
1506897758,22628186,46.01,48.59280000,1
1506897753,22628173,46.01,0.11977000,0
1506897752,22628172,46.01,0.00023000,0
1506897752,22628171,46.01,10.00000000,0
1506897749,22628165,46.00,0.90000000,1
1506897743,22628141,46.00,2.84733000,1
1506897741,22628131,46.00,5.09413044,0
1506897733,22628123,46.00,4.90586956,0
1506897733,22628121,46.00,0.12000000,0
1506897733,22628118,45.99,0.11000000,0
1506897732,22628115,45.99,0.12000000,0
1506897709,22628108,45.98,0.12000000,0
1506897708,22628107,45.96,0.24000000,1
1506897707,22628106,45.97,0.12000000,0
1506897704,22628105,45.96,0.12000000,0
1506897703,22628104,45.95,0.12000000,0
1506897698,22628103,45.94,1.80671225,0
1506897698,22628102,45.94,0.12000000,0
1506897666,22628093,45.93,0.12000000,0
1506897664,22628091,45.92,0.12000000,0
1506897664,22628090,45.91,19.48000000,0
1506897653,22628085,45.91,8.00000000,0
1506897653,22628084,45.91,0.12000000,0
1506897652,22628083,45.90,0.12000000,0
1506897547,22628048,45.88,2.17063000,1
1506897543,22628045,45.88,5.12396000,1
1506897540,22628039,45.89,1.51873200,1
1506897529,22628023,45.89,47.12860448,1
1506897501,22627988,45.89,1.11919000,1
1506897496,22627981,45.89,4.56172000,1
1506897494,22627978,45.89,0.11000000,0
1506897494,22627977,45.89,0.12000000,0
1506897422,22627947,45.87,1.47852000,1
1506897378,22627901,45.86,36.98764500,1
1506897326,22627864,45.86,1.45392500,1
1506897324,22627863,45.86,2.49750000,1
1506897317,22627862,45.86,1.31578270,1
1506897317,22627861,45.87,1.33021730,1
1506897317,22627860,45.87,24.59000000,1
1506897308,22627852,45.86,0.61225600,1
1506897308,22627851,45.88,57.00000000,1
1506897299,22627846,45.87,44.67000000,1
1506897299,22627845,45.87,6.65205900,1
1506897274,22627802,45.86,3.18314990,1
1506897274,22627800,45.87,7.17055410,1
1506897273,22627796,45.88,9.00000000,0
1506897272,22627787,45.87,12.59786400,1
1506897264,22627777,45.86,13.01081300,1
1506897256,22627762,45.87,8.58687530,1
1506897254,22627749,45.85,13.15900000,1
1506897253,22627747,45.87,9.00000000,1
1506897252,22627742,45.85,23.33011637,1
1506897252,22627740,45.86,28.42000000,1
1506897252,22627738,45.88,0.29313363,1
1506897251,22627735,45.88,0.12000000,0
1506897251,22627734,45.87,8.58686637,0
1506897244,22627726,45.87,0.12000000,0
1506897242,22627711,45.86,0.12000000,0
1506897240,22627704,45.85,6.10520900,1
1506897208,22627656,45.85,88.50676400,1
1506897208,22627654,45.85,20.00000000,1
1506897207,22627644,45.85,33.77000000,1
1506897206,22627634,45.85,0.12000000,0
1506897205,22627633,45.84,0.80000000,0
1506897205,22627632,45.84,0.12000000,0
1506897205,22627631,45.84,8.67074986,0
1506897205,22627630,45.84,1.15918000,0
1506897052,22627524,45.71,4.20324000,1
1506897051,22627520,45.71,23.14450000,1
1506897050,22627519,45.71,21.06863950,1
1506897050,22627518,45.73,1.74666050,1
1506897045,22627517,45.73,2.49750000,1
1506897045,22627516,45.73,2.49750000,1
1506897038,22627513,45.73,11.87030000,1
1506897034,22627512,45.72,1.44303000,1
1506897012,22627507,45.81,15.00023000,0
1506896997,22627499,45.72,4.24035000,1
1506896127,22627359,45.70,1.00000000,1
1506896024,22627347,45.83,0.45690596,0
1506895988,22627341,45.73,5.00000000,1
1506895903,22627293,45.71,40.00000000,1
1506895903,22627292,45.72,0.48745669,1
1506895832,22627277,45.77,12.38305000,1
1506895825,22627275,45.77,13.80847500,1
1506895719,22627223,45.73,2.65502000,1
1506895040,22626991,45.62,4.05141000,1
1506895039,22626990,45.58,1.94422820,1
1506895039,22626989,45.62,0.43744180,1
1506894688,22626922,45.70,24.21629500,1
1506894682,22626919,45.70,1.31296800,1
1506894677,22626916,45.70,7.72981700,1
1506894674,22626915,45.70,92.27018200,1
1506894671,22626914,45.72,45.82662123,1
1506894670,22626913,45.72,4.17273900,1
1506894659,22626893,45.70,0.25575700,1
1506894655,22626892,45.70,2.24824300,1
1506894648,22626891,45.70,1.99978119,1
1506894632,22626884,45.70,0.11236500,1
1506894630,22626881,45.70,2.70000000,1
1506894586,22626835,45.70,2.40000000,1
1506894580,22626833,45.70,90.44227200,1
1506894573,22626832,45.80,3.00000000,0
1506894543,22626823,45.81,0.99138412,1
1506894542,22626822,45.81,3.21407600,0
1506894542,22626821,45.81,15.79453988,0
1506894524,22626817,45.70,6.22991900,1
1506894511,22626813,45.70,4.00000000,1
1506894479,22626800,45.70,0.13579100,1
1506894452,22626794,45.70,10.00000000,1
1506894446,22626788,45.70,10.00000000,1
1506894445,22626786,45.70,10.00000000,1
1506894444,22626785,45.79,21.98034505,0
1506894442,22626782,45.70,9.03759200,1
1506894439,22626780,45.70,8.70781000,1
1506894432,22626773,45.70,217.00000000,1
1506894431,22626772,45.70,9.30115600,1
1506894419,22626762,45.70,10.00000000,1
1506894417,22626761,45.70,22.96260600,1
1506894390,22626756,45.70,10.00000000,1
1506894384,22626753,45.70,10.01109300,1
1506894359,22626744,45.71,9.00618800,1
1506894349,22626739,45.71,11.20464200,1
1506894305,22626725,45.70,5.71286900,1
1506894302,22626722,45.70,15.65040000,1
1506894302,22626720,45.71,14.68056459,1
1506894302,22626718,45.71,2.82989541,1
1506894301,22626715,45.71,10.92040000,1
1506894300,22626713,45.71,4.06914000,1
1506894297,22626707,45.71,5.44401600,1
1506894291,22626705,45.71,0.01598795,1
1506894291,22626704,45.80,22.77691205,1
1506894290,22626702,45.80,2.82072000,1
1506894289,22626701,45.80,14.40236795,0
1506894281,22626698,45.80,1.35157205,0
1506894265,22626694,45.80,1.32300000,0
1506893913,22626538,45.62,0.61223148,0
1506893901,22626505,45.59,1.67798600,1
1506893891,22626500,45.60,38.28245615,0
1506893851,22626490,45.59,12.74446151,1
1506893818,22626466,45.80,30.28886462,0
1506893818,22626465,45.80,209.00000000,1
1506893818,22626463,45.76,0.74000000,0
1506893817,22626461,45.76,31.13663237,1
1506893817,22626457,45.74,107.00000000,0
1506893817,22626455,45.68,114.00000000,0
1506893816,22626454,45.67,3.68000000,0
1506893815,22626453,45.67,3.54427900,0
1506893655,22626430,45.51,1.48320820,1
1506893655,22626429,45.57,0.43792180,1
1506893010,22626241,45.79,4.43423363,1
1506893009,22626240,45.74,0.15284522,0
1506893009,22626239,45.73,4.26000000,0
1506893007,22626237,45.72,0.15315115,0
1506892584,22625994,45.57,4.00000000,0
1506892573,22625979,45.57,5.81000000,0
1506892564,22625977,45.57,1.71600000,0
1506892564,22625976,45.56,19.28400000,0
1506892559,22625972,45.56,18.00000000,0
1506892544,22625964,45.45,100.00000000,1
1506892525,22625959,45.58,8.00000000,0
1506892099,22625578,45.50,7.78000395,0
1506892072,22625571,45.50,4.25400000,0
1506892032,22625562,45.50,2.14399605,0
1506891847,22625436,45.59,4.23000000,0
1506891845,22625432,45.59,3.00000000,0
1506891741,22625267,45.50,11.04700000,0
1506891740,22625265,45.49,8.59000000,0
1506891737,22625262,45.50,19.00000000,0
1506891735,22625261,45.50,34.00000000,0
1506891731,22625255,45.49,2.27074621,0
1506891280,22625063,45.68,7.47548161,0
1506891228,22625035,45.59,12.08406400,1
1506891227,22625033,45.65,19.65805040,1
1506891185,22625023,45.69,2.83103780,0
1506891185,22625022,45.69,0.16896220,0
1506891148,22624998,45.59,10.74000000,0
1506891148,22624997,45.59,0.27789840,0
1506891134,22624992,45.60,5.83288765,0
1506891134,22624991,45.59,12.75000000,0
1506891134,22624990,45.59,0.45706970,0
1506891134,22624989,45.58,71.96004265,0
1506891129,22624940,45.54,6.00000000,1
1506891126,22624935,45.54,4.94240600,1
1506891096,22624903,45.54,4.73157700,1
1506891095,22624901,45.54,16.57703000,1
1506891089,22624888,45.54,6.66759400,1
1506891068,22624847,45.56,10.81796900,1
1506891066,22624843,45.51,24.87298400,1
1506891066,22624842,45.56,0.72269000,1
1506891063,22624835,45.56,8.27731000,0
1506891059,22624822,45.61,14.87592060,0
1506891059,22624821,45.60,0.75175940,0
1506891059,22624820,45.52,9.37232000,0
1506891055,22624805,45.56,28.25552700,1
1506891049,22624792,45.51,1.60773500,1
1506891045,22624786,45.55,80.48862197,1
1506891043,22624785,45.55,20.00000000,1
1506891043,22624784,45.55,1.44214200,1
1506891043,22624783,45.55,1.49577100,1
1506891043,22624782,45.55,1.47730100,1
1506891043,22624781,45.55,10.60000000,1
1506891042,22624780,45.55,2.88932100,1
1506891042,22624779,45.55,7.46445700,1
1506891041,22624775,45.55,28.23161363,1
1506891040,22624774,45.55,3.80432600,1
1506891039,22624773,45.53,1.23644640,0
1506891039,22624772,45.51,40.87000000,0
1506891018,22624765,45.40,2.00000000,1
1506891015,22624759,45.40,16.45154100,1
1506891006,22624732,45.41,29.13319190,0
1506891005,22624731,45.34,26.37000000,1
1506891004,22624729,45.41,0.78334910,1
1506890995,22624718,45.39,18.07670000,1
1506890995,22624715,45.42,0.18500000,1
1506890995,22624714,45.42,59.81500000,0
1506890994,22624713,45.39,1.40263000,1
1506890985,22624689,45.39,0.60862700,1
1506890980,22624680,45.39,23.00000000,1
1506890977,22624672,45.39,6.14319200,1
1506890774,22624586,45.27,22.12975591,1
1506890774,22624584,45.31,0.87002320,1
1506890763,22624570,45.33,9.99933819,0
1506890240,22624301,45.39,1.99370000,1
1506890192,22624285,45.39,20.49939900,1
1506889958,22624232,45.44,1.00000000,1
1506889942,22624229,45.44,0.50000000,1
1506889935,22624228,45.44,7.53105900,1
1506889900,22624190,45.39,0.49800000,1
1506889888,22624187,45.39,0.41000000,1
1506889862,22624177,45.39,4.37459900,1
1506889796,22624153,45.45,40.42629100,1
1506889451,22623990,45.42,6.36158620,1
1506889451,22623989,45.42,0.96211280,1
1506889420,22623976,45.62,4.00131521,0
1506889412,22623973,45.46,1.00000000,1
1506889404,22623969,45.42,0.00666000,1
1506889404,22623968,45.45,9.57250000,1
1506889403,22623966,45.45,2.04559000,1
1506889402,22623962,45.45,21.61650000,1
1506889401,22623959,45.45,5.76541000,1
1506888607,22623639,45.55,11.73510000,1
1506888607,22623638,45.63,11.70633355,0
1506888605,22623635,45.55,0.50912086,0
1506888307,22623508,45.55,59.75968400,0
1506888133,22623460,45.55,6.82085814,0
1506888076,22623442,45.53,0.41064600,0
1506888076,22623440,45.53,10.23935400,0
1506887802,22623316,45.50,3.72521300,0
1506887802,22623315,45.46,15.04000000,0
1506887802,22623314,45.45,50.40000000,0
1506887799,22623312,45.45,6.80617700,0
1506887611,22623206,45.29,61.47000000,1
1506887611,22623205,45.31,2.53000000,1
1506887611,22623204,45.31,1.00000000,1
1506887610,22623203,45.42,10.00000000,1
1506886836,22622950,45.41,0.99982119,0
1506886835,22622949,45.41,1.00000000,1
1506886425,22622779,45.44,83.35988995,1
1506886425,22622778,45.45,0.75059405,1
1506886425,22622777,45.51,1.00000000,1
1506885842,22622589,45.54,0.10957400,0
1506885717,22622556,45.44,10.00000000,1
1506885659,22622534,45.55,45.00000000,0
1506885605,22622519,45.55,36.79849700,1
1506885605,22622518,45.55,17.64978400,1
1506885598,22622495,45.55,0.55171851,0
1506885371,22622436,45.44,9.08450683,1
1506885344,22622428,45.44,1.54493000,1
1506885319,22622416,45.51,9.08990420,1
1506885319,22622415,45.51,1.00000000,1
1506885292,22622410,45.56,0.10952590,0
1506885160,22622309,45.54,0.10957400,0
1506885147,22622295,45.51,1.00000000,1
1506885136,22622293,45.54,0.10957400,0
1506885127,22622291,45.51,1.00000000,1
1506885119,22622289,45.54,0.10957400,0
1506884987,22622263,45.51,1.00000000,1
1506884771,22622163,45.55,0.10954995,0
1506884703,22622144,45.48,0.10969444,0
1506884555,22622049,45.39,1.84715481,1
1506884555,22622048,45.41,0.15284519,1
1506884555,22622047,45.41,1.00000000,1
1506884554,22622046,45.51,1.00000000,1
1506884363,22621994,45.60,8.68068308,1
1506884343,22621988,45.60,2.11549000,1
1506884165,22621919,45.65,10.67155682,0
1506883533,22621646,45.60,99.29057018,0
1506883331,22621542,45.59,10.60256146,0
1506883299,22621537,45.51,1.00000000,1
1506883266,22621534,45.60,0.40000000,0
1506883219,22621528,45.60,0.20000000,0
1506883120,22621504,45.60,0.10942982,0
1506882916,22621438,45.44,8.99966000,1
1506882914,22621437,45.51,1.00000000,1
1506882466,22621335,45.65,0.10928603,0
1506882454,22621331,45.59,0.10945383,0
1506882419,22621316,45.50,24.69986393,0
1506882417,22621313,45.50,28.20505494,0
1506882416,22621309,45.50,28.17912087,0
1506882311,22621283,45.50,5.97483792,0
1506882266,22621263,45.50,0.10967033,0
1506882256,22621261,45.44,14.77266628,1
1506882239,22621249,45.50,0.58569230,0
1506882228,22621244,45.50,5.85672527,0
1506882213,22621237,45.50,4.27101246,0
1506882099,22621187,45.50,0.10967033,0
1506882086,22621184,45.44,15.65533129,1
1506881886,22621149,45.50,1.00835165,0
1506881721,22621114,45.51,1.00000000,1
1506881680,22621109,45.62,0.10938185,0
1506881670,22621107,45.50,100.00000000,1
1506881668,22621106,45.68,0.11996497,0
1506881628,22621100,45.44,2.88000000,1
1506881571,22621069,45.50,59.88000000,0
1506881445,22620998,45.50,39.12000000,0
1506881445,22620997,45.51,1.00000000,1
1506881380,22620983,45.53,0.10959807,0
1506881334,22620979,45.50,18.15224391,0
1506881333,22620978,45.49,4.78070749,0
1506881315,22620977,45.49,0.10969444,0
1506881233,22620957,45.48,48.21000000,0
1506881037,22620902,45.38,4.96000000,0
1506881037,22620901,45.39,6.04000000,0
1506881037,22620899,45.40,9.00000000,0
1506881035,22620898,45.41,1.00000000,1
1506880978,22620888,45.50,26.11375300,1
1506880936,22620862,45.51,1.00000000,1
1506880873,22620850,45.53,0.10959807,0
1506880800,22620815,45.50,21.13624700,1
1506880587,22620778,45.54,1.12000000,0
1506880241,22620690,45.53,0.10959807,0
1506880155,22620633,45.30,5.59383700,1
1506879946,22620367,45.28,14.38554500,1
1506879946,22620364,45.34,9.00000000,1
1506879941,22620320,45.39,1.00000000,0
1506879940,22620309,45.38,5.93190832,0
1506879933,22620258,45.35,3.52841200,0
1506879933,22620256,45.34,53.72682100,0
1506879933,22620254,45.34,1.00000000,0
1506879933,22620251,45.34,14.14030900,0
1506879930,22620220,45.30,25.81845800,1
1506879929,22620214,45.30,65.78421261,1
1506879929,22620212,45.30,5.00000000,1
1506879929,22620209,45.34,0.15284519,1
1506879928,22620206,45.34,113.00000000,1
1506879928,22620203,45.35,3.52841220,1
1506879928,22620201,45.40,112.00000000,1
1506879928,22620199,45.41,12.77000000,1
1506879928,22620196,45.41,1.00000000,1
1506879907,22620069,45.51,1.00000000,1
1506879820,22620021,45.59,1.99978065,0
1506879565,22619938,45.60,0.10942982,0
1506879533,22619923,45.57,0.89199308,0
1506879417,22619873,45.61,0.10940583,0
1506879319,22619849,45.47,1.07370000,1
1506879319,22619848,45.51,1.00000000,1
1506879319,22619847,45.53,0.20000000,1
1506879259,22619813,45.61,1.00000000,1
1506879043,22619730,45.71,0.10914261,0
1506879017,22619709,45.68,0.10923818,0
1506879003,22619697,45.54,6.39560000,1
1506878936,22619662,45.61,1.00000000,1
1506878640,22619569,45.67,0.10926210,1
1506878622,22619561,45.64,0.10933392,0
1506878577,22619537,45.61,1.00000000,1
1506877888,22619374,45.72,0.10914261,0
1506877880,22619373,45.68,0.10923818,0
1506877598,22619312,45.68,18.01076183,0
1506877598,22619311,45.68,0.10923817,0
1506877549,22619288,45.61,1.00000000,1
1506877548,22619287,45.62,8.63095738,0
1506877236,22619167,45.76,0.10904720,0
1506877228,22619165,45.46,27.38394537,0
1506877228,22619164,45.51,1.00000000,1
1506877228,22619163,45.53,8.22479790,1
1506877228,22619162,45.53,17.60000000,1
1506877226,22619161,45.54,12.79125673,1
1506877219,22619157,45.79,0.10897575,1
1506877208,22619155,45.54,10.57545800,1
1506877208,22619154,45.61,1.00000000,1
1506877208,22619153,45.62,0.20000000,1
1506876903,22619070,45.72,0.21828521,0
1506876847,22619049,45.59,16.06207502,1
1506876820,22619021,45.61,5.43468894,0
1506876819,22619020,45.61,2.26000000,1
1506876818,22619017,45.62,21.88720100,1
1506876536,22618915,45.83,3.00890000,0
1506876509,22618908,45.82,0.15000000,0
1506876401,22618884,45.81,0.21785636,0
1506876392,22618881,45.78,2.18108344,0
1506876308,22618849,45.77,2.18155997,0
1506876282,22618838,45.74,2.18299082,0
1506876255,22618829,45.70,2.18490153,0
1506876241,22618823,45.74,2.18299082,0
1506876226,22618821,45.72,2.18394576,0
1506876167,22618815,45.75,2.18251366,0
1506876155,22618812,45.76,2.18203671,0
1506876134,22618807,45.78,10.90541721,0
1506876111,22618791,45.76,10.91018357,0
1506876094,22618780,45.76,2.18203671,0
1506876084,22618778,45.78,2.18108344,0
1506876076,22618775,45.78,2.18108344,0
1506876067,22618772,45.80,2.18013100,0
1506876048,22618753,45.77,2.18155997,0
1506876036,22618751,45.78,2.18108344,0
1506876020,22618743,45.74,2.18299082,0
1506876015,22618740,45.71,1.97482680,1
1506876015,22618739,45.71,10.79908000,1
1506876012,22618735,45.71,2.18442354,0
1506875823,22618669,45.59,0.11000000,0
1506875787,22618651,45.64,0.20000000,1
1506875498,22618580,45.56,14.46660000,1
1506875446,22618569,45.72,0.75000000,0
1506875209,22618468,45.69,1.09053676,1
1506875208,22618467,45.69,0.11000000,0
1506874887,22618398,45.59,0.11000000,0
1506874673,22618328,45.58,15.65533129,0
1506874542,22618256,45.49,0.11000000,0
1506874337,22618210,45.58,19.89023000,1
1506874335,22618205,45.49,0.11000000,0
1506873579,22617967,45.61,0.00008621,1
1506873570,22617964,45.61,0.43745149,1
1506873570,22617963,45.61,0.43753770,1
1506873570,22617961,45.61,23.87089987,1
1506873556,22617951,45.61,50.67486400,1
1506873551,22617950,45.61,5.86011500,1
1506873541,22617945,45.61,1.07000000,1
1506873517,22617936,45.61,26.17500000,1
1506873081,22617830,45.61,7.50000000,1
1506872727,22617771,45.69,0.43677160,1
1506872722,22617766,45.69,19.82258919,0
1506872722,22617765,45.69,0.11000000,0
1506872207,22617660,45.84,0.16981000,0
1506872207,22617659,45.83,0.12000000,0
1506872206,22617658,45.83,0.43975530,0
1506872206,22617657,45.82,0.12000000,0
1506872206,22617656,45.82,0.12000000,0
1506872206,22617655,45.81,0.12000000,0
1506872206,22617654,45.80,0.12000000,0
1506872206,22617653,45.79,2.53000000,0
1506872206,22617652,45.79,0.12000000,0
1506872206,22617651,45.79,0.11000000,0
1506872205,22617650,45.78,0.12000000,0
1506872205,22617649,45.77,0.12000000,0
1506872205,22617648,45.76,0.44043470,0
1506872205,22617647,45.76,0.12000000,0
1506872205,22617646,45.74,0.12000000,0
1506872205,22617645,45.69,0.11000000,0
1506872204,22617644,45.65,8.39298010,1
1506872204,22617643,45.66,52.63000000,1
1506872202,22617642,45.66,3.06957400,1
1506872081,22617620,45.61,9.36442800,1
1506872013,22617581,45.61,9.64536900,1
1506871695,22617501,45.72,1.89023000,0
1506871693,22617499,45.69,0.11000000,0
1506871609,22617473,45.61,11.38936000,1
1506871523,22617436,45.61,0.43869270,1
1506871522,22617435,45.59,0.11000000,0
1506871298,22617369,45.49,0.11000000,0
1506871220,22617321,45.42,0.22801005,1
1506870055,22616741,45.50,0.52000000,1
1506869253,22616509,45.51,2.01699000,1
1506868276,22616162,45.66,14.97000000,0
1506868276,22616161,45.65,6.92000000,0
1506868274,22616160,45.59,0.11000000,0
1506868036,22616074,45.68,10.12941979,0
1506868036,22616073,45.65,0.56000000,0
1506868035,22616072,45.59,0.11000000,0
1506868019,22616070,45.73,34.04000000,0
1506868019,22616069,45.73,0.12000000,0
1506868019,22616068,45.72,1.71000000,1
1506868019,22616067,45.72,0.12000000,0
1506868018,22616066,45.71,0.12000000,0
1506868018,22616065,45.70,0.12000000,0
1506868018,22616064,45.70,8.54000000,1
1506868017,22616063,45.69,0.12000000,0
1506868017,22616062,45.69,0.11000000,0
1506868009,22616059,45.68,1.80671225,0
1506868000,22616055,45.69,1.61851608,1
1506868000,22616053,45.68,0.12000000,0
1506867999,22616050,45.66,0.12000000,0
1506867999,22616049,45.66,0.12000000,0
1506867999,22616048,45.65,0.12000000,0
1506867998,22616047,45.64,10.15000000,0
1506867998,22616046,45.64,0.12000000,0
1506867998,22616045,45.63,0.12000000,0
1506867998,22616044,45.63,1.29518679,0
1506867998,22616043,45.63,0.52405181,0
1506867997,22616042,45.62,0.12000000,0
1506867997,22616041,45.62,17.10757807,0
1506867997,22616039,45.61,0.12000000,0
1506867996,22616036,45.60,0.44199550,0
1506867996,22616035,45.60,0.12000000,0
1506867996,22616034,45.59,0.11000000,0
1506867996,22616033,45.59,0.12000000,0
1506867995,22616031,45.57,0.12000000,0
1506867995,22616030,45.56,0.12000000,0
1506867993,22616026,45.55,0.12000000,0
1506867777,22615889,45.54,0.12000000,0
1506867742,22615847,45.53,0.12000000,0
1506867734,22615844,45.52,0.12000000,0
1506867728,22615842,45.51,0.12000000,0
1506867718,22615839,45.50,1.61713440,0
1506867714,22615834,45.50,3.38286560,0
1506867714,22615833,45.50,1.07808960,0
1506867712,22615827,45.50,4.46095520,0
1506867711,22615825,45.50,4.46095520,0
1506867700,22615796,45.49,0.11000000,0
1506867700,22615795,45.49,0.12000000,0
1506867700,22615792,45.49,3.21242996,0
1506867497,22615629,45.48,0.04023000,0
1506867497,22615628,45.48,0.12000000,0
1506867496,22615627,45.47,0.12000000,0
1506867496,22615626,45.46,0.12000000,0
1506867496,22615625,45.45,0.12000000,0
1506867495,22615623,45.44,0.12000000,0
1506867495,22615622,45.43,0.12000000,0
1506867495,22615621,45.41,0.12000000,0
1506867493,22615620,45.40,0.12000000,0
1506867139,22615456,45.22,1.88150000,1
1506867139,22615455,45.38,8.71850000,1
1506867139,22615454,45.38,22.62150000,1
1506867138,22615453,45.39,0.12000000,0
1506867138,22615452,45.39,0.44062570,0
1506867136,22615449,45.38,18.66000000,0
1506866891,22615317,45.23,7.58515500,1
1506866885,22615315,45.24,39.02000000,1
1506866864,22615307,45.24,39.00000000,0
1506866831,22615271,45.21,0.99999951,1
1506866831,22615270,45.30,0.00017549,1
1506866768,22615250,45.30,8.99982451,1
1506866137,22614952,45.37,8.04811578,0
1506866137,22614951,45.31,0.77983938,0
1506866135,22614948,45.30,1.23007484,0
1506866114,22614931,45.31,1.56038029,0
1506866112,22614930,45.21,0.59837096,0
1506865927,22614852,45.12,0.44326240,0
1506865922,22614848,45.11,0.90162259,0
1506865767,22614795,45.11,0.11039681,0
1506865270,22614581,45.07,19.20124800,0
1506865269,22614580,45.08,0.20034000,1
1506865264,22614578,45.10,0.25511860,1
1506865264,22614577,45.11,1.00000000,1
1506865003,22614436,45.12,8.66467199,1
1506865000,22614434,45.16,7.26720372,1
1506864898,22614354,45.15,0.44199550,1
1506864734,22614287,45.21,0.40023000,0
1506864335,22614082,45.15,10.00000000,1
1506864334,22614080,45.21,0.00069952,1
1506864329,22614074,45.21,0.99930048,1
1506864148,22613957,45.31,0.11013021,0
1506863961,22613900,45.16,8.57000000,0
1506863961,22613899,45.16,0.43000000,1
1506863961,22613898,45.21,1.00000000,1
1506863959,22613897,45.22,5.00000000,1
1506863955,22613895,45.31,0.44043470,0
1506863644,22613695,45.31,0.55929582,1
1506863355,22613485,45.37,0.43975530,0
1506863333,22613470,45.38,0.43058938,1
1506863248,22613426,45.32,54.82000000,1
1506863179,22613327,45.38,52.58332901,0
1506863178,22613326,45.38,0.12000000,0
1506863178,22613325,45.37,0.12000000,0
1506863178,22613324,45.36,0.12000000,0
1506863176,22613322,45.35,0.44101430,0
1506863126,22613285,45.34,0.16610333,0
1506862754,22613105,45.31,0.44070418,1
1506862754,22613104,45.31,0.00069952,1
1506862568,22612976,45.31,0.99930048,1
1506861735,22612301,45.35,3.06888343,0
1506861735,22612300,45.35,0.12000000,0
1506861735,22612298,45.33,0.12000000,0
1506861734,22612296,45.32,0.12000000,0
1506861734,22612295,45.31,0.12000000,0
1506861733,22612291,45.30,0.44150110,0
1506861732,22612290,45.30,0.00984547,0
1506861508,22612166,45.30,0.11015453,0
1506861458,22612153,45.12,72.55624435,1
1506861458,22612152,45.13,0.11101263,1
1506861457,22612151,45.15,0.11096346,1
1506861457,22612150,45.17,0.11091432,1
1506861456,22612149,45.19,0.11086524,1
1506861411,22612143,45.20,0.11084071,1
1506861411,22612142,45.21,1.00000000,1
1506861316,22612090,45.21,0.11081619,1
1506861316,22612089,45.21,1.00000000,1
1506861316,22612088,45.22,0.11079169,1
1506861316,22612087,45.23,0.11076719,1
1506861315,22612086,45.23,0.20539000,1
1506861082,22611827,45.30,1.00000000,0
1506861065,22611775,45.31,1.00000000,1
1506861029,22611716,45.34,3.62990737,0
1506860918,22611541,45.39,0.52368363,0
1506860917,22611539,45.24,0.57696164,0
1506860893,22611502,45.24,0.11074271,1
1506860893,22611501,45.25,0.11071823,1
1506860893,22611500,45.26,0.33000000,1
1506860893,22611499,45.26,0.11069377,1
1506860893,22611498,45.27,0.11066932,1
1506860893,22611497,45.27,0.48050000,1
1506860893,22611496,45.28,0.11064488,1
1506860893,22611494,45.29,0.11062045,1
1506860893,22611493,45.30,1.39844900,1
1506860892,22611492,45.31,1.00000000,1
1506860832,22611409,45.31,1.00000000,1
1506860767,22611300,45.30,0.11059603,1
1506860767,22611299,45.30,0.11062119,1
1506860767,22611298,45.31,1.00000000,1
1506860678,22611158,45.33,9.48100000,1
1506860548,22610959,45.30,2.88937881,1
1506860548,22610958,45.31,0.22116844,1
1506860538,22610949,45.31,0.21339089,1
1506860538,22610948,45.31,1.00000000,1
1506860538,22610947,45.32,0.11054722,1
1506860538,22610945,45.32,0.11054722,1
1506860523,22610931,45.34,0.11049846,1
1506860523,22610930,45.34,8.67074986,1
1506860418,22610825,45.34,1.32899000,1
1506860370,22610730,45.35,0.11047409,1
1506860368,22610725,45.36,0.11044974,1
1506860367,22610722,45.37,0.11042539,1
1506860358,22610670,45.38,1.29518679,1
1506860352,22610650,45.38,0.52405181,0
1506860350,22610645,45.38,0.11040106,1
1506860349,22610643,45.39,0.11037673,1
1506860349,22610642,45.39,0.65917603,1
1506860349,22610638,45.40,0.11035242,1
1506860349,22610635,45.41,0.11032812,1
1506860348,22610633,45.41,0.26501000,1
1506860348,22610631,45.42,0.11030383,1
1506860342,22610614,45.43,0.22000000,0
1506860342,22610611,45.43,0.11027955,1
1506860318,22610460,45.47,97.12425797,1
1506860316,22610449,45.47,2.87574203,1
1506860196,22610238,45.44,0.11025528,1
1506860194,22610237,45.45,0.11023102,1
1506860191,22610235,45.46,7.50000000,0
1506860190,22610233,45.46,0.11020678,1
1506859833,22609811,45.49,25.00000000,1
1506859830,22609809,45.54,3.67101384,0
1506859807,22609776,45.49,2.29391053,1
1506859563,22609656,45.58,3.00000000,0
1506859505,22609635,45.61,0.22162380,0
1506859434,22609622,45.61,2.25000000,0
1506859324,22609587,45.62,0.49991691,0
1506859323,22609586,45.62,0.00008309,0
1506859320,22609583,45.50,8.88700000,1
1506859320,22609582,45.51,29.64000000,0
1506859318,22609581,45.53,27.47300000,1
1506859310,22609576,45.53,10.00000000,1
1506859302,22609573,45.47,2.41543724,0
1506859302,22609572,45.47,0.11018254,1
1506859302,22609571,45.48,0.11015831,1
1506859301,22609570,45.49,32.77000000,1
1506859301,22609569,45.49,0.11013410,1
1506859301,22609568,45.50,0.11010989,1
1506859301,22609567,45.50,4.31263448,1
1506859300,22609564,45.50,7.68736552,1
1506859300,22609563,45.50,9.97000000,1
1506859299,22609562,45.50,0.26199697,1
1506859299,22609561,45.51,0.11008570,1
1506859299,22609560,45.52,0.11006151,1
1506859299,22609559,45.53,0.11003734,1
1506859299,22609558,45.54,0.11001318,1
1506859232,22609488,45.56,26.21741800,0
1506859231,22609486,45.56,17.14173600,0
1506859228,22609483,45.55,0.10998902,1
1506859228,22609482,45.56,0.10996488,1
1506859215,22609462,45.57,0.10994075,1
1506859215,22609460,45.58,17.18486319,1
1506859215,22609459,45.58,0.10991663,1
1506859215,22609458,45.59,0.10989252,1
1506859214,22609457,45.60,0.10986842,1
1506859214,22609456,45.61,0.10984433,1
1506859210,22609443,45.62,17.51000000,1
1506859210,22609442,45.62,0.10982025,1
1506859208,22609438,45.64,0.10977213,1
1506859208,22609437,45.65,0.10974808,1
1506859194,22609386,45.66,0.10972405,1
1506859188,22609380,45.67,0.10970002,1
1506859166,22609373,45.68,0.10967601,1
1506859162,22609354,45.69,0.10965200,1
1506859146,22609340,45.70,0.00001005,1
1506859111,22609321,45.70,0.10961796,1
1506859111,22609319,45.70,7.49563347,1
1506858973,22609261,45.71,53.14989740,1
1506858887,22609250,45.70,26.42013108,1
1506858885,22609247,45.70,26.08423545,1
1506858885,22609246,45.71,0.10960403,1
1506858885,22609245,45.72,0.10958005,1
1506858885,22609244,45.73,0.10955609,1
1506858885,22609243,45.75,0.00015327,1
1506858878,22609238,45.75,0.10935493,1
1506858878,22609237,45.76,0.10948427,1
1506858864,22609236,45.77,0.10946035,1
1506858860,22609235,45.78,0.10943644,1
1506858860,22609234,45.79,0.10941254,1
1506858838,22609218,45.86,0.45000000,0
1506858803,22609213,45.86,0.21740078,0
1506858798,22609210,45.81,0.10936477,1
1506858793,22609207,45.82,0.00021800,1
1506858378,22609086,45.92,14.03070557,1
1506858376,22609085,45.91,5.97049900,0
1506858371,22609076,45.82,8.70776954,1
1506857749,22608920,45.91,2.20000000,0
1506857715,22608916,45.92,0.24000000,0
1506855828,22608420,45.86,13.22852159,1
1506855750,22608410,45.86,108.78761448,1
1506855199,22608291,45.84,211.00000000,1
1506854579,22608161,45.84,1.89638402,1
1506854578,22608160,45.84,3.10384598,0
1506854576,22608158,45.84,4.23615402,0
1506854297,22608061,45.86,1.28023000,0
1506854295,22608059,45.85,8.72000000,0
1506854222,22608024,45.84,6.00300000,0
1506853324,22607823,45.77,1.26100000,0
1506853213,22607808,45.68,1.41844995,0
1506853213,22607807,45.67,8.26000000,0
1506853168,22607794,45.66,100.00000000,0
1506853116,22607770,45.66,1.00323000,0
1506853098,22607767,45.50,0.00466969,1
1506853098,22607766,45.50,1.00000000,1
1506853095,22607763,45.65,10.95100000,1
1506853028,22607714,45.60,2.35253000,0
1506853027,22607713,45.60,6.30092000,0
1506853025,22607712,45.57,10.00000000,1
1506852989,22607694,45.73,10.92900000,1
1506852895,22607658,45.82,6.00400000,0
1506852859,22607644,45.72,4.29483300,0
1506852852,22607630,45.72,4.01772800,0
1506852849,22607627,45.72,1.79072223,0
1506852849,22607626,45.71,5.16545877,0
1506852829,22607620,45.70,16.00000000,1
1506852789,22607605,45.72,10.00000000,1
1506852114,22607350,45.86,5.01385512,0
1506852114,22607349,45.83,0.99214488,0
1506851954,22607293,45.81,2.11023000,0
1506851896,22607279,45.81,10.00000000,0
1506851729,22607243,45.82,2.00241506,1
1506851729,22607242,45.82,1.33358734,1
1506851539,22607192,45.82,0.42170480,1
1506851534,22607189,45.82,0.42170480,1
1506851472,22607168,45.81,0.21216490,0
1506851310,22607109,45.82,5.98500000,0
1506851306,22607108,45.70,4.00000000,1
1506850869,22607004,45.83,0.09564921,1
1506850171,22606877,45.83,0.32620173,1
1506850158,22606875,45.83,0.00000381,0
1506850054,22606826,45.57,8.84364321,0
1506850054,22606825,45.60,0.50000000,1
1506850052,22606824,45.66,0.50635679,1
1506850051,22606823,45.66,2.00000000,1
1506849912,22606793,45.83,1.81430975,1
1506849710,22606717,45.87,0.21735339,0
1506849599,22606675,45.86,5.50995856,1
1506849521,22606659,45.87,1.96212539,0
1506849515,22606658,45.83,0.15000000,0
1506849513,22606657,45.82,5.61327443,1
1506849513,22606656,45.78,0.15000000,0
1506849513,22606655,45.76,0.23972557,0
1506848605,22606396,45.75,6.00600000,0
1506848525,22606383,45.75,6.21377049,0
1506848058,22606263,45.72,0.10914261,0
1506847770,22606191,45.57,7.14303899,0
1506847768,22606190,45.58,7.14203700,0
1506847744,22606169,45.60,26.16256300,1
1506847732,22606163,45.61,0.50000000,0
1506847692,22606157,45.61,0.50000000,0
1506847652,22606128,45.61,0.50000000,0
1506847598,22606066,45.61,0.50000000,0
1506847596,22606064,45.61,0.10940583,0
1506847576,22606039,45.52,0.23972557,0
1506847575,22606033,45.52,0.00016797,1
1506847570,22606021,45.52,0.12983203,1
1506847570,22606020,45.52,0.11006151,1
1506847547,22605991,45.57,0.50000000,0
1506847521,22605967,45.57,55.43870222,1
1506847520,22605965,45.57,15.80491530,1
1506847518,22605959,45.57,56.91204192,1
1506847512,22605951,45.57,15.50332149,1
1506847510,22605943,45.57,37.31877004,1
1506847508,22605938,45.58,15.79170748,1
1506847508,22605936,45.58,20.53829252,1
1506847507,22605933,45.63,0.50000000,0
1506847493,22605916,45.58,11.18056144,1
1506847492,22605915,45.63,1.51933137,0
1506847492,22605914,45.63,8.31643198,0
1506847491,22605913,45.63,0.10935788,0
1506847468,22605895,45.63,0.49991314,1
1506847467,22605894,45.60,0.00008686,0
1506847464,22605891,45.60,13.20407959,1
1506847439,22605865,45.60,11.18048224,1
1506847411,22605844,45.60,5.47543838,1
1506847394,22605826,45.60,13.99999979,1
1506847387,22605818,45.70,4.72363000,0
1506847323,22605799,45.62,18.13084484,1
1506847323,22605798,45.68,0.00001860,1
1506847234,22605781,45.68,17.50998140,1
1506846727,22605572,45.83,6.00600000,1
1506846059,22605305,45.58,11.01492350,1
1506846059,22605304,45.58,8.87735360,1
1506846004,22605241,45.73,2.01068000,1
1506846003,22605238,45.73,2.01068000,1
1506845997,22605229,45.70,4.28329500,0
1506845997,22605228,45.70,15.03796900,0
1506845990,22605220,45.70,6.98151587,1
1506845987,22605216,45.70,15.27960744,1
1506845986,22605212,45.70,27.17549213,1
1506845985,22605207,45.70,0.29778133,1
1506845964,22605191,45.72,0.55473000,0
1506845964,22605190,45.72,5.47365382,0
1506845957,22605179,45.70,0.26560323,1
1506845948,22605162,45.72,7.38562102,1
1506845911,22605146,45.76,3.31908100,0
1506845882,22605127,45.82,5.88215765,0
1506845882,22605126,45.81,5.54544200,0
1506845882,22605125,45.81,10.24182735,0
1506845832,22605098,45.81,1.29839700,0
1506845827,22605095,45.79,1.29839700,0
1506845826,22605094,45.79,5.54544200,0
1506845823,22605086,45.79,11.48616100,1
1506845823,22605080,45.81,6.00286060,1
1506845823,22605077,45.81,5.54544200,1
1506845821,22605073,45.81,28.55877500,1
1506845727,22605033,45.99,1.00023000,0
1506845681,22605007,45.94,4.12521724,1
1506845681,22605006,45.90,1.87378276,0
1506845321,22604929,45.87,0.00000250,0
1506845319,22604926,45.86,8.97482800,0
1506845254,22604885,45.85,9.33600000,1
1506845254,22604883,45.85,13.27408402,1
1506845253,22604880,45.85,24.41897471,1
1506845252,22604878,45.85,13.56522300,1
1506845251,22604875,45.85,14.94530800,1
1506845238,22604869,45.85,11.45177296,1
1506845238,22604868,45.86,10.90000000,1
1506845236,22604863,45.85,22.34463731,1
1506845057,22604764,45.85,1.21574000,0
1506845054,22604761,45.83,10.90300000,0
1506845052,22604755,45.84,2.37000000,0
1506845049,22604754,45.86,2.36993900,1
1506845049,22604753,45.85,4.00353300,0
1506845048,22604752,45.85,1.21565000,0
1506844984,22604657,45.87,4.06801560,1
1506844982,22604652,45.87,11.36198440,1
1506844982,22604651,45.88,4.06792600,1
1506844981,22604648,45.88,31.51207400,1
1506844959,22604605,45.90,12.84663700,0
1506844959,22604604,45.90,4.60080000,0
1506844957,22604597,45.94,0.00028623,1
1506844924,22604569,46.04,0.22343238,0
1506844924,22604568,46.04,10.45149200,0
1506844633,22604531,46.06,5.38189318,0
1506844502,22604497,46.03,1.08364110,0
1506843776,22604307,46.03,6.00300000,1
1506843618,22604268,45.94,2.71941664,1
1506843314,22604228,45.98,0.64600000,1
1506843221,22604196,46.02,0.10843112,0
1506843190,22604191,45.94,8.16129713,1
1506842606,22604039,45.88,4.57176200,0
1506842570,22604029,45.75,4.19885300,0
1506842568,22604023,45.76,6.12471197,0
1506842568,22604022,45.76,22.41528803,0
1506842567,22604020,45.75,6.12371584,1
1506842565,22604011,45.76,34.95462500,0
1506842470,22603986,45.93,10.00023000,0
1506842414,22603962,45.82,1.99793000,0
1506842411,22603958,45.85,0.87000000,1
1506842411,22603957,45.87,22.29248449,1
1506842175,22603907,45.87,4.64881641,1
1506842174,22603903,45.87,7.59169910,1
1506842086,22603883,46.05,13.72095548,1
1506842082,22603882,46.05,36.27904452,0
1506841983,22603864,46.00,2.49369565,0
1506841719,22603817,46.00,0.02800000,0
1506841718,22603816,46.00,5.97200000,1
1506841646,22603810,45.87,0.26708000,1
1506841384,22603720,46.00,0.10847826,0
1506841345,22603717,46.00,0.10847826,0
1506841088,22603680,45.99,0.10850185,0
1506840912,22603620,45.89,5.92000000,1
1506840579,22603585,46.05,77.72095548,0
1506839995,22603510,46.05,21.55295331,0
1506839995,22603509,46.05,0.13000000,0
1506839973,22603506,46.03,19.11237454,1
1506839972,22603505,46.03,2.58000000,0
1506839925,22603498,45.99,18.65124157,1
1506839925,22603497,45.99,3.06000000,0
1506839158,22603365,45.93,2.04979000,0
1506838661,22603284,45.97,3.39000000,1
1506838661,22603283,45.98,6.50965000,0
1506838120,22603134,45.71,0.13137083,1
1506837706,22603066,45.91,1.35107000,0
1506837706,22603065,45.92,1.22294000,0
1506837393,22603026,45.91,5.00000000,0
1506837057,22602990,45.84,30.79408700,1
1506836477,22602861,46.03,0.86530523,0
1506836475,22602860,45.99,0.11000000,0
1506836427,22602844,45.97,0.18055253,0
1506836425,22602842,45.96,1.99000000,0
1506836086,22602751,45.85,1.98800000,1
1506833678,22602398,46.01,2.41984200,0
1506833678,22602397,45.99,0.10628000,0
1506832505,22602281,45.94,6.38281000,0
1506832504,22602280,45.95,9.86833000,0
1506832503,22602279,45.95,5.48277000,0
1506832503,22602278,45.92,4.38556000,0
1506832502,22602277,45.92,0.00444000,0
1506832501,22602276,45.90,6.34000000,0
1506831943,22602248,45.90,0.50000000,0
1506831921,22602242,45.75,6.20252700,0
1506831671,22602177,45.95,4.75473000,0
1506831663,22602171,45.95,7.55565000,0
1506831661,22602169,45.95,37.69560000,0
1506831606,22602163,45.99,0.00372000,0
1506831606,22602162,45.97,5.31000000,0
1506831553,22602160,46.01,1.28814000,0
1506831553,22602159,46.00,6.31000000,0
1506831552,22602158,45.99,0.11000000,0
1506831420,22602128,46.04,0.13000000,0
1506831420,22602127,46.02,0.13000000,0
1506831419,22602126,46.01,0.12000000,0
1506831419,22602125,45.99,0.11000000,0
1506830961,22602077,45.99,1.36727997,1
1506830869,22602047,46.00,0.14000000,1
1506830655,22602024,45.99,0.24000000,1
1506830654,22602023,46.00,0.13000000,0
1506830652,22602022,45.99,0.13000000,0
1506830651,22602021,45.99,0.11000000,0
1506830651,22602020,45.99,0.11000000,0
1506830650,22602019,45.89,0.11000000,0
1506830648,22602018,45.88,0.00000028,0
1506830116,22601929,45.88,1.78956500,0
1506830070,22601924,45.88,0.18100000,0
1506829576,22601874,45.83,7.49000000,0
1506829021,22601813,45.74,10.96000000,0
1506827626,22601546,45.86,0.01351940,1
1506827624,22601544,45.68,0.70768617,0
1506827610,22601543,45.68,6.55757443,0
1506827056,22601423,45.68,30.00000000,0
1506826856,22601331,45.56,0.10996488,1
1506826746,22601267,45.64,4.77804000,0
1506826693,22601225,45.62,0.10982025,1
1506826693,22601224,45.63,2.13017753,1
1506826693,22601223,45.64,1.97056528,1
1506826689,22601212,45.69,0.10965200,1
1506826531,22601154,45.74,0.10953214,1
1506825898,22601019,45.85,6.00100000,0
1506825487,22600985,45.82,0.10934090,1
1506825153,22600894,45.87,0.11000000,1
1506824725,22600797,45.89,5.99900000,0
1506823945,22600505,45.88,65.00000000,1
1506823942,22600504,45.88,66.07062501,1
1506823942,22600503,45.92,3.66937499,1
1506823940,22600502,45.94,0.11000000,1
1506823917,22600500,46.00,11.00000000,1
1506823917,22600499,46.00,4.43184134,1
1506823917,22600498,46.00,1.00000000,1
1506823917,22600497,46.01,4.45000000,1
1506823917,22600495,46.02,6.10985006,1
1506823917,22600494,46.03,10.00000000,1
1506822832,22600300,46.24,30.21064837,0
1506822832,22600299,46.23,2.79000000,0
1506822394,22600213,46.27,33.00064837,0
1506821670,22600033,46.21,4.20496706,0
1506821076,22599943,46.12,0.50000000,0
1506820631,22599884,46.20,0.50000000,0
1506820591,22599874,46.08,12.50000000,1
1506820578,22599870,46.10,1.00000000,1
1506820576,22599869,46.11,1.95000749,1
1506820335,22599755,46.24,6.11786332,1
1506820210,22599688,46.24,7.64065000,0
1506820208,22599683,46.25,1.25637400,0
1506819727,22599423,46.46,6.84954800,0
1506818749,22599164,46.41,48.24300000,1
1506818354,22598995,46.35,13.83099700,1
1506818353,22598994,46.35,1.02401600,1
1506818300,22598708,46.24,47.14433745,1
1506818300,22598705,46.24,10.40000000,0
1506818299,22598701,46.25,32.45566255,1
1506818299,22598699,46.25,0.15000000,1
1506818299,22598697,46.25,9.73433745,1
1506818299,22598693,46.26,0.06566255,0
1506818298,22598686,46.26,4.93433745,0
1506818296,22598672,46.26,22.81566255,1
1506818296,22598669,46.26,2.85921900,1
1506818296,22598667,46.26,2.07511845,1
1506818295,22598664,46.27,5.55000000,1
1506818295,22598660,46.41,1.00000000,1
1506818295,22598657,46.44,1.77697755,1
1506818282,22598526,46.46,7.51945100,1
1506818282,22598524,46.46,1.77697800,1
1506818282,22598521,46.46,1.00000000,1
1506818281,22598517,46.46,1.70357100,1
1506818259,22598262,46.47,0.00000028,0
1506818258,22598254,46.47,1.00533872,1
1506817704,22597739,46.60,4.80000000,0
