date,tid,price,amount,type
1506901740,22630875,54.28,45.83908500,0
1506901740,22630870,54.27,0.56114000,0
1506901718,22630757,54.34,1.69000000,0
1506901718,22630756,54.30,33.01000000,0
1506901698,22630727,54.34,4.06520900,0
1506901698,22630726,54.34,2.12010600,0
1506901698,22630725,54.34,14.11989400,0
1506901695,22630720,54.33,7.29591500,0
1506901680,22630686,54.35,1.94756210,0
1506901651,22630647,54.23,7.42550000,0
1506901590,22630547,54.21,2.61371900,0
1506901588,22630541,54.21,2.61481803,0
1506901586,22630537,54.19,6.35384000,1
1506901585,22630535,54.19,16.66510000,0
1506901555,22630487,54.34,16.45856700,1
1506901532,22630432,54.24,4.76182000,0
1506901522,22630417,54.23,8.06575670,1
1506901512,22630407,54.25,4.10310121,1
1506901253,22630268,54.04,2.02860710,1
1506901253,22630267,54.05,73.98778240,0
1506901252,22630266,54.18,12.79701020,0
1506901251,22630265,54.18,26.84100000,1
1506901207,22630250,54.08,96.01555674,1
1506901206,22630249,54.19,1.52270286,1
1506901206,22630248,54.21,13.19774040,1
1506901205,22630246,54.25,14.26400000,0
1506901205,22630244,54.23,43.57600000,0
1506901205,22630240,54.23,81.42400000,1
1506899438,22629266,54.39,48.65603604,1
1506899437,22629265,54.39,6.38000000,0
1506898742,22628953,54.54,1.52186180,0
1506898742,22628952,54.53,6.49700820,0
1506898620,22628831,54.41,0.54989892,0
1506898559,22628793,54.51,1.51443940,0
1506898558,22628791,54.06,8.66107264,0
1506898555,22628788,54.22,1.52186205,1
1506898555,22628787,54.27,0.24189986,1
1506898555,22628786,54.33,0.07516545,1
1506898554,22628785,54.47,0.00000040,1
1506898554,22628784,54.47,58.01812800,1
1506898554,22628783,54.47,8.69762700,1
1506898553,22628781,54.44,109.00000000,0
1506898552,22628780,54.42,1.29000000,0
1506898552,22628779,54.42,6.44000000,0
1506898552,22628778,54.41,16.55424460,0
1506898524,22628766,54.47,48.60347740,0
1506898524,22628765,54.46,7.96000000,0
1506898523,22628764,54.45,1.59000000,0
1506898523,22628763,54.45,1.84652260,0
1506898471,22628725,54.49,0.00000036,1
1506898470,22628723,54.49,1.51433600,1
1506898420,22628672,54.60,0.77747333,1
1506898151,22628467,54.65,0.25000000,0
1506898149,22628463,54.60,0.73450000,0
1506898148,22628453,54.58,1.27896293,0
1506898131,22628434,54.57,7.82713491,0
1506898130,22628431,54.57,1.51286509,0
1506898127,22628426,54.55,1.65654693,0
1506898127,22628424,54.53,1.12781955,0
1506898124,22628421,54.48,13.44000000,0
1506898008,22628357,54.51,0.50000000,0
1506898006,22628356,54.52,0.50000000,0
1506898002,22628355,54.52,1.01425253,1
1506898000,22628354,54.52,0.50000000,0
1506897998,22628349,54.52,0.50000000,1
1506897993,22628347,54.33,0.08395849,0
1506897992,22628346,54.33,0.41604151,0
1506897990,22628341,54.33,0.50000000,0
1506897981,22628336,54.33,0.25000000,0
1506897978,22628335,54.33,0.50000000,0
1506897649,22628082,54.27,1.27896293,0
1506897648,22628081,54.27,4.26427432,0
1506897646,22628080,54.25,1.52996753,0
1506897623,22628073,54.17,15.07842491,0
1506897540,22628040,54.17,1.51873200,0
1506897527,22628022,54.01,16.00000000,1
1506897495,22627980,54.14,10.28540600,0
1506897495,22627979,54.12,4.30459400,0
1506897487,22627975,54.12,12.08648900,0
1506897486,22627971,54.12,0.13891700,0
1506897417,22627945,54.09,0.31459300,1
1506897378,22627902,54.10,6.44591400,1
1506897300,22627849,54.17,183.40284309,0
1506897300,22627848,54.16,15.01000000,0
1506897300,22627847,54.10,1.58715691,0
1506897257,22627764,54.08,15.15283040,0
1506897256,22627757,54.07,8.58687530,0
1506897206,22627639,54.00,84.43442281,0
1506897206,22627637,53.99,10.02000000,0
1506897192,22627595,54.00,242.00000000,0
1506897181,22627586,54.00,139.45199494,0
1506897172,22627584,54.00,1.04995800,0
1506897162,22627582,53.99,11.90000000,1
1506897160,22627581,53.99,14.14000000,0
1506897132,22627571,54.00,19.58108008,0
1506897132,22627570,53.99,16.80000000,0
1506897132,22627569,53.98,63.61891992,0
1506897073,22627535,53.98,1.51256000,0
1506895898,22627290,53.90,14.67049921,1
1506895659,22627198,53.90,5.66034100,1
1506895343,22627115,53.81,1.00000000,1
1506894866,22626961,53.80,4.63754647,1
1506894822,22626957,53.65,0.09980467,1
1506894545,22626827,53.85,3.21819870,0
1506894367,22626748,53.83,1.00055731,0
1506894302,22626719,53.80,186.42875949,0
1506894301,22626717,53.80,7.63869160,0
1506894301,22626714,53.80,40.60478034,0
1506894299,22626712,53.80,35.61000000,0
1506894299,22626711,53.80,73.34723067,0
1506894299,22626710,53.82,115.00000000,1
1506894298,22626709,53.84,8.47053790,1
1506894298,22626708,53.85,32.90000000,1
1506894237,22626679,53.80,1.00000000,0
1506893803,22626448,53.80,1.00000000,1
1506893803,22626447,53.82,0.00046888,1
1506893513,22626394,53.82,1.31862900,1
1506893457,22626381,53.82,16.06057228,1
1506893368,22626355,53.82,5.17290900,1
1506893360,22626354,53.82,17.37967000,1
1506892889,22626154,53.86,14.95711103,1
1506892822,22626127,54.04,11.07846040,0
1506892686,22626079,54.03,39.30964279,0
1506892504,22625920,53.81,0.64055173,1
1506891933,22625496,54.03,27.95434670,0
1506891933,22625495,54.03,17.01418930,0
1506891854,22625438,54.06,1.84517203,0
1506891822,22625398,53.84,9.50000000,1
1506891793,22625363,53.97,9.24217158,0
1506891601,22625190,53.66,13.95537977,0
1506891600,22625188,53.69,1.57000000,0
1506891598,22625187,53.85,3.00000000,1
1506891414,22625103,54.07,4.60384686,1
1506891412,22625100,54.00,0.47003247,0
1506891237,22625046,54.00,1.74796753,0
1506891237,22625044,53.96,0.47003247,0
1506891066,22624841,53.84,9.25000000,1
1506891065,22624839,53.96,1.52996753,0
1506891059,22624824,53.82,33.57192900,1
1506891058,22624816,53.82,8.27731000,1
1506891058,22624814,53.83,54.32897814,1
1506891058,22624812,53.84,19.65880386,1
1506891049,22624790,53.83,22.17400000,0
1506890790,22624598,53.67,0.50000000,0
1506890786,22624593,53.60,0.50000000,0
1506890782,22624591,53.60,0.50000000,0
1506890577,22624450,53.75,1.50000000,0
1506890563,22624437,53.75,0.29693023,0
1506890406,22624348,53.77,9.27561837,0
1506890342,22624331,53.58,1.54973867,1
1506889715,22624119,53.92,29.02444980,0
1506889715,22624118,53.84,122.00000000,0
1506889715,22624117,53.83,48.55000000,0
1506889715,22624116,53.83,6.37000000,0
1506889715,22624115,53.82,2.85555020,0
1506889679,22624097,53.81,0.19559374,1
1506889638,22624085,53.81,6.61000000,1
1506889598,22624077,53.81,7.57000000,1
1506889596,22624075,53.81,121.00000000,1
1506889595,22624074,53.81,46.48345916,1
1506889595,22624071,53.81,1.87000000,0
1506889595,22624070,53.81,6.93094710,0
1506889595,22624069,53.75,9.34000000,0
1506889330,22623887,53.76,0.25925758,0
1506888553,22623625,53.73,5.57230597,1
1506888252,22623493,53.56,50.00000000,1
1506887897,22623374,53.91,12.66000000,0
1506887897,22623373,53.90,12.13343756,0
1506887897,22623372,53.88,15.44957470,0
1506887897,22623371,53.70,1.54572267,0
1506887897,22623370,53.70,72.49389793,0
1506887820,22623327,53.68,2.60702500,0
1506887796,22623309,53.61,6.31175400,0
1506887743,22623271,53.58,7.09157400,0
1506887743,22623270,53.60,6.30364500,1
1506887635,22623213,53.60,19.99129125,0
1506887435,22623177,53.64,38.28624944,1
1506886922,22623008,53.31,28.00000000,0
1506886920,22623007,53.38,122.00000000,1
1506886902,22622998,53.41,100.00000000,1
1506886899,22622997,53.38,77.18146636,0
1506886899,22622996,53.38,20.46976500,0
1506886899,22622995,53.40,50.33876864,1
1506886897,22622994,53.41,2.01000000,1
1506886867,22622976,53.66,2.00000000,0
1506886866,22622975,53.40,149.00000000,1
1506886864,22622972,53.41,1.00000000,1
1506886854,22622958,53.40,87.34195403,1
1506886853,22622957,53.42,10.65711000,0
1506886852,22622956,53.42,2.00093597,1
1506886845,22622955,53.64,0.50000000,0
1506886842,22622954,53.65,0.50000000,0
1506886835,22622948,53.40,113.31927733,1
1506886835,22622947,53.41,1.54572267,1
1506886833,22622946,53.42,35.13500000,1
1506886807,22622941,53.41,83.98000000,0
1506886806,22622940,53.41,16.02000000,1
1506886788,22622935,53.41,61.84123794,1
1506886788,22622934,53.42,20.00000000,1
1506886788,22622933,53.54,3.15876206,1
1506886786,22622932,53.55,15.00000000,1
1506886765,22622915,53.69,0.09275470,0
1506886652,22622886,53.55,4.35742297,1
1506886456,22622799,53.70,0.25000000,0
1506886452,22622798,53.69,0.50000000,0
1506886449,22622797,53.69,0.50000000,0
1506886446,22622794,53.69,0.50000000,0
1506886443,22622788,53.69,0.50000000,0
1506886440,22622785,53.69,0.25000000,0
1506886431,22622781,53.69,0.50000000,0
1506886427,22622780,53.69,0.50000000,0
1506886424,22622776,53.69,0.50000000,0
1506886422,22622773,53.69,0.50000000,0
1506886417,22622772,53.69,0.50000000,0
1506886414,22622771,53.69,0.50000000,0
1506886411,22622770,53.69,0.25000000,0
1506886407,22622767,53.69,0.25000000,0
1506885676,22622542,53.70,18.57541899,0
1506885370,22622435,53.55,0.00003997,0
1506885370,22622434,53.55,0.85760000,0
1506885367,22622433,53.55,9.08440709,1
1506885320,22622417,53.69,10.09256844,0
1506885304,22622412,53.56,0.53900000,1
1506885246,22622400,53.54,262.11717527,1
1506885245,22622399,53.54,512.61601158,1
1506885245,22622398,53.55,2.53000000,1
1506885245,22622397,53.60,15.00000000,1
1506885245,22622396,53.61,7.73681315,1
1506885242,22622384,53.83,0.50000000,0
1506885239,22622382,53.84,0.50000000,0
1506885236,22622381,53.84,0.50000000,0
1506885235,22622380,53.85,0.50000000,1
1506885222,22622370,53.83,0.50000000,0
1506885191,22622318,53.83,0.50000000,1
1506885157,22622308,53.74,51.27801369,0
1506884927,22622253,53.55,99.99250262,0
1506884927,22622252,53.56,100.00000000,1
1506884927,22622251,53.58,60.43412568,1
1506884927,22622250,53.59,99.45221400,0
1506884925,22622249,53.59,57.34000000,0
1506884925,22622248,53.59,1.49962410,1
1506884853,22622196,53.87,0.25000000,0
1506884850,22622194,53.87,0.25000000,0
1506884841,22622186,53.88,0.50000000,0
1506884838,22622184,53.87,0.25000000,0
1506884835,22622181,53.88,0.25000000,0
1506884832,22622180,53.86,0.25000000,0
1506884826,22622178,53.85,0.25000000,0
1506884762,22622161,53.58,39.56587432,1
1506884721,22622152,53.84,0.50000000,0
1506884674,22622127,53.84,0.50000000,0
1506884656,22622115,53.84,0.50000000,0
1506884650,22622108,53.84,0.50000000,0
1506884647,22622106,53.84,0.50000000,0
1506884643,22622104,53.83,0.50000000,0
1506884639,22622100,53.84,0.50000000,0
1506884616,22622077,53.86,0.50000000,0
1506884609,22622075,53.85,0.50000000,0
1506884608,22622073,53.86,0.15000000,1
1506884607,22622069,53.84,0.35000000,0
1506884603,22622067,53.80,0.50000000,0
1506884599,22622065,53.80,0.50000000,0
1506884596,22622064,53.80,0.50000000,0
1506883106,22621499,53.87,0.50000000,0
1506882421,22621317,53.85,3.50828875,1
1506882418,22621314,53.85,24.67717735,1
1506882416,22621311,53.85,28.17926760,1
1506882415,22621308,53.85,28.15338329,1
1506881412,22620985,53.88,0.44711779,0
1506881040,22620903,53.85,52.76731662,0
1506880902,22620856,53.87,0.12957862,0
1506880889,22620854,53.87,2.18488955,0
1506880795,22620814,53.61,0.12036000,1
1506880524,22620755,53.83,0.24962406,0
1506880333,22620709,53.79,2.23358396,1
1506880158,22620640,53.54,5.59376130,1
1506880156,22620635,53.54,106.86272990,1
1506880155,22620634,53.55,1.66030610,1
1506880155,22620632,53.55,139.27600000,1
1506880155,22620631,53.55,25.07000000,1
1506879950,22620396,53.54,11.20695100,1
1506879949,22620387,53.54,24.12044262,1
1506879949,22620385,53.61,0.64918438,1
1506879542,22619925,53.84,3.43820135,1
1506879313,22619846,53.86,2.28523207,1
1506879235,22619794,53.87,0.25000000,0
1506879167,22619785,53.86,8.49977900,0
1506878736,22619607,53.85,3.02841225,0
1506878367,22619490,53.62,10.00000000,1
1506878228,22619466,53.62,0.24977600,1
1506878029,22619408,53.88,3.00000000,0
1506877995,22619401,53.87,7.25000000,0
1506877982,22619394,53.89,0.50000000,0
1506877709,22619343,53.89,8.00000000,0
1506877696,22619336,53.62,23.55636444,1
1506877153,22619134,53.89,0.25902306,0
1506876891,22619066,53.89,18.80000000,0
1506876846,22619047,53.71,12.65462670,1
1506876228,22618822,54.05,0.31411678,0
1506876119,22618799,53.90,2.77680891,0
1506875828,22618674,53.65,0.25000000,1
1506875661,22618625,53.89,55.50000000,0
1506875232,22618474,53.88,0.70000000,1
1506874741,22618348,53.72,10.50000000,0
1506874620,22618273,53.64,16.29686100,1
1506874477,22618245,53.72,9.50000000,0
1506874186,22618173,53.54,20.00000000,1
1506874027,22618136,53.54,24.74588900,1
1506874027,22618134,53.54,1.12200000,1
1506874027,22618132,53.55,50.11000000,1
1506874017,22618128,53.54,3.42316100,1
1506874017,22618127,53.55,11.69000000,1
1506874010,22618126,53.55,3.50214700,1
1506873998,22618120,53.55,7.59042500,1
1506873984,22618118,53.56,15.00000000,1
1506873782,22618029,53.55,1.57086345,1
1506873242,22617852,53.82,3.59630781,0
1506873002,22617810,53.59,2.91724182,1
1506871579,22617468,53.56,2.71527000,1
1506871157,22617295,53.54,202.18994060,1
1506871157,22617294,53.55,2.00000000,1
1506871157,22617293,53.55,1.00000000,1
1506871157,22617292,53.58,15.00000000,1
1506870938,22617227,53.54,9.09651900,1
1506870754,22617173,53.54,4.69681300,1
1506870750,22617172,53.54,1.16504700,1
1506870739,22617167,53.55,0.97101020,1
1506870733,22617163,53.54,0.80907100,1
1506870732,22617162,53.55,12.19000000,1
1506870712,22617146,53.54,35.10927800,1
1506870711,22617144,53.55,12.70831500,1
1506870711,22617143,53.55,2.34168500,1
1506870702,22617134,53.55,2.01949600,1
1506870695,22617127,53.55,2.29770000,1
1506870694,22617126,53.55,0.68675000,1
1506870683,22617120,53.55,0.94905000,1
1506870669,22617108,53.54,14.99995200,1
1506870669,22617107,53.55,0.08531700,1
1506870667,22617101,53.55,17.40468300,1
1506870640,22617071,53.55,5.34437700,1
1506870634,22617058,53.55,1.90007400,1
1506870599,22617024,53.55,1.10000000,1
1506870571,22617019,53.55,0.50000000,1
1506870567,22617016,53.55,0.50000000,1
1506870565,22617015,53.55,0.50000000,1
1506870560,22617014,53.55,0.50000000,1
1506870558,22617013,53.55,0.50000000,1
1506870555,22617009,53.55,0.50000000,1
1506870524,22616965,53.54,9.46025400,1
1506870515,22616958,53.54,12.78217900,1
1506870488,22616953,53.53,0.50000000,1
1506870485,22616952,53.53,0.50000000,0
1506870482,22616950,53.53,0.50000000,1
1506870477,22616947,53.53,0.50000000,1
1506870471,22616946,53.53,0.25000000,1
1506870468,22616940,53.53,0.50000000,1
1506870464,22616932,53.53,0.25000000,1
1506870448,22616922,53.54,38.60914800,1
1506870429,22616914,53.53,2.00000000,1
1506870428,22616912,53.53,0.50000000,1
1506870424,22616908,53.53,0.50000000,1
1506870421,22616905,53.54,0.50000000,1
1506870418,22616903,53.53,0.50000000,1
1506870416,22616902,53.53,0.50000000,1
1506870414,22616901,53.53,0.25000000,1
1506870410,22616898,53.53,0.25000000,1
1506870407,22616897,53.53,0.25000000,1
1506870405,22616896,53.53,0.25000000,1
1506870399,22616893,53.52,4.57947400,1
1506870397,22616892,53.52,8.79621700,1
1506870391,22616886,53.53,30.69082758,1
1506870187,22616798,53.45,3.00000000,1
1506870002,22616730,53.50,0.20000000,0
1506870002,22616728,53.50,0.30000000,1
1506869298,22616519,53.60,0.50000000,1
1506869293,22616515,53.60,0.50000000,1
1506869088,22616437,53.76,5.56640625,0
1506868925,22616382,53.87,0.08685959,1
1506868924,22616381,53.87,9.17154026,0
1506868575,22616301,53.86,1.03649611,0
1506868567,22616294,53.86,15.65887616,0
1506868561,22616285,53.70,6.04767226,0
1506868424,22616203,54.00,26.76208022,0
1506868423,22616202,54.00,9.00000000,0
1506868423,22616201,53.99,5.82000000,0
1506868423,22616200,53.90,2.31000000,0
1506868423,22616199,53.88,38.68400000,0
1506868142,22616131,53.79,3.82649826,0
1506868104,22616122,53.79,2.00000000,0
1506868099,22616115,53.57,5.34377800,1
1506868036,22616075,53.61,3.12386800,0
1506867754,22615853,53.85,10.60000000,0
1506867744,22615848,53.65,2.30770000,1
1506867728,22615841,53.71,2.87372734,0
1506867709,22615822,53.59,10.50000000,0
1506867705,22615819,54.00,77.20983251,1
1506867704,22615814,54.04,1.52770259,0
1506867704,22615813,54.00,44.72512232,1
1506867704,22615811,54.00,313.00308000,1
1506867703,22615809,54.00,7.02983288,1
1506867703,22615808,53.96,116.00000000,0
1506867703,22615807,53.88,117.00000000,0
1506867703,22615806,53.85,611.79999998,0
1506867703,22615804,53.84,112.00000000,0
1506867702,22615802,53.84,2.98000000,0
1506867702,22615801,53.84,14.88000000,0
1506867702,22615800,53.72,1.54485494,0
1506867702,22615798,53.71,3.44243000,0
1506867702,22615797,53.70,73.98778240,0
1506867689,22615783,53.70,1.52561700,1
1506867688,22615782,53.70,2.29770000,1
1506867687,22615781,53.70,2.29770000,1
1506867685,22615779,53.70,2.29770000,1
1506867685,22615777,53.70,2.29770000,1
1506867683,22615774,53.70,2.29770000,1
1506867682,22615773,53.70,2.29770000,1
1506867680,22615772,53.70,4.59540000,1
1506867678,22615767,53.70,1.65625200,1
1506867671,22615762,53.70,2.08543800,1
1506867670,22615761,53.70,2.18041900,1
1506867669,22615760,53.70,2.29770000,1
1506867667,22615759,53.70,2.05684600,1
1506867666,22615756,53.70,1.20377600,1
1506867663,22615753,53.70,2.29770000,1
1506867662,22615751,53.70,23.95000000,1
1506867661,22615750,53.70,2.29770000,1
1506867660,22615748,53.70,2.29770000,1
1506867659,22615746,53.70,2.29770000,1
1506867656,22615745,53.70,1.13928600,1
1506867646,22615735,53.71,1.90000000,1
1506867640,22615731,53.71,0.11100987,1
1506867640,22615730,53.71,2.18669013,1
1506867639,22615729,53.71,2.29770000,1
1506867638,22615728,53.71,2.29770000,1
1506867636,22615727,53.71,25.81330700,1
1506867634,22615721,53.71,2.29770000,1
1506867632,22615720,53.71,1.75794800,1
1506867631,22615719,53.71,0.50000000,1
1506867628,22615717,53.71,2.29770000,1
1506867627,22615716,53.71,0.81633600,1
1506867626,22615715,53.71,1.66460400,1
1506867607,22615705,53.71,9.58031000,0
1506867602,22615704,53.70,1.78648300,1
1506867600,22615698,53.71,21.08325900,1
1506867599,22615697,53.71,2.45364700,1
1506867598,22615695,53.70,34.95452800,1
1506867598,22615693,53.70,5.89261700,1
1506867597,22615689,53.70,4.12500000,1
1506867597,22615688,53.70,83.42738300,1
1506867597,22615687,53.70,45.00000000,1
1506867597,22615686,53.70,32.36722534,1
1506867595,22615685,53.56,8.47000000,0
1506867369,22615602,53.55,1.16896027,0
1506867339,22615597,53.55,4.65676937,0
1506867188,22615541,53.35,2.06477300,1
1506866866,22615310,53.33,6.47303386,0
1506866769,22615252,53.33,9.00300018,0
1506866754,22615233,53.21,0.50000000,1
1506866749,22615231,53.22,0.25000000,0
1506866745,22615229,53.20,0.50000000,1
1506866741,22615222,53.21,0.50000000,1
1506866738,22615221,53.21,0.50000000,1
1506866734,22615219,53.30,0.50000000,1
1506866730,22615218,53.28,0.50000000,0
1506866724,22615214,53.28,0.50000000,1
1506866721,22615211,53.26,0.50000000,0
1506866265,22614987,53.26,50.67059523,1
1506866139,22614954,53.33,1.23026439,0
1506866002,22614883,53.24,10.00000000,0
1506865973,22614871,53.25,10.00000000,0
1506865932,22614854,53.25,10.11000000,0
1506865291,22614592,53.26,0.00056327,1
1506865290,22614588,53.26,9.36856929,1
1506865054,22614476,53.33,0.50000000,0
1506865052,22614472,53.33,0.50000000,0
1506865048,22614469,53.33,0.50000000,0
1506865046,22614465,53.33,0.50000000,0
1506865043,22614463,53.32,15.05026256,0
1506865041,22614460,53.20,4.99883675,0
1506865041,22614458,53.20,0.50000000,0
1506865034,22614456,53.20,0.50000000,0
1506865031,22614455,53.20,0.50000000,0
1506865029,22614454,53.20,0.25000000,0
1506864991,22614429,53.20,0.25000000,0
1506864987,22614427,53.20,0.50000000,0
1506864983,22614422,53.20,0.50000000,0
1506864981,22614420,53.20,0.50000000,0
1506864973,22614415,53.20,10.00000000,1
1506864768,22614322,53.33,5.42929700,1
1506864712,22614275,53.33,14.57070300,1
1506864509,22614171,53.50,8.19344766,1
1506864508,22614169,53.34,15.06000000,0
1506864508,22614168,53.32,57.11000000,0
1506864458,22614138,53.34,5.98425197,0
1506864449,22614114,53.16,8.92135931,0
1506864374,22614096,53.16,2.39000000,0
1506864342,22614086,53.16,10.00225733,0
1506864334,22614078,53.16,0.99930048,0
1506864329,22614073,53.16,0.99930048,0
1506864327,22614071,53.06,84.41000000,1
1506864325,22614070,53.16,0.21000000,0
1506864325,22614069,53.16,73.98778240,0
1506864325,22614068,53.16,2.49000000,1
1506864291,22614032,53.16,96.37218045,0
1506864290,22614028,53.20,1.12781955,1
1506864290,22614025,53.22,2.50000000,1
1506863889,22613874,53.44,0.21067863,0
1506863698,22613758,53.22,0.50000000,1
1506863673,22613725,53.27,29.06119552,1
1506863672,22613724,53.28,10.95000000,1
1506863557,22613622,53.30,2.00000000,1
1506863557,22613618,53.34,0.90000000,1
1506863477,22613546,53.34,0.10000000,1
1506863345,22613482,53.48,10.91431331,1
1506863335,22613472,53.48,1.85582700,1
1506863333,22613471,53.48,1.27819800,1
1506863333,22613469,53.48,2.70914900,1
1506863308,22613463,53.48,3.00000000,1
1506863266,22613452,53.48,6.06720700,1
1506863265,22613451,53.48,3.14000000,1
1506863236,22613368,53.48,36.71600000,1
1506863222,22613360,53.48,25.00000000,1
1506863201,22613339,53.48,0.31930569,0
1506862775,22613124,53.48,11.24483044,0
1506862774,22613123,53.48,30.75516956,0
1506862714,22613059,53.40,3.24000000,1
1506862620,22612996,53.48,2.00000000,0
1506862569,22612978,53.28,25.13090151,0
1506862568,22612975,53.28,0.99930048,0
1506862557,22612969,53.30,1.00000000,1
1506862557,22612968,53.46,72.86979801,1
1506862556,22612967,53.46,4.43962400,1
1506862547,22612949,53.46,11.10000000,1
1506862529,22612917,53.46,1.01000000,1
1506862524,22612909,53.46,3.42962400,1
1506862524,22612908,53.47,1.01000000,1
1506862512,22612895,53.46,7.15095399,1
1506862504,22612870,53.48,11.56438916,1
1506862503,22612866,53.48,76.87197200,1
1506862501,22612862,53.48,3.56438900,1
1506862501,22612860,53.48,7.99924984,1
1506862501,22612858,53.50,0.00075016,1
1506862497,22612852,53.50,5.46037384,1
1506862490,22612833,53.50,17.88513000,1
1506862486,22612828,53.50,5.46112400,1
1506862482,22612823,53.50,2.73889900,1
1506862474,22612819,53.50,2.15026000,1
1506862436,22612779,53.50,32.02300000,1
1506862436,22612777,53.50,2.15046500,1
1506862424,22612765,53.50,1.00783600,1
1506862419,22612753,53.50,22.41304800,1
1506862419,22612752,53.50,6.01951500,1
1506862416,22612727,53.50,2.68959900,1
1506862255,22612618,53.34,64.09000000,1
1506862253,22612617,53.35,10.91000000,1
1506861787,22612336,53.35,5.57713812,1
1506861657,22612205,53.35,2.72072400,1
1506861315,22612085,53.36,11.96918114,0
1506861255,22612065,53.36,2.00000000,0
1506861250,22612060,53.35,5.30890200,1
1506861250,22612059,53.35,15.83583200,1
1506861169,22611996,53.35,69.98778240,1
1506861164,22611987,53.36,50.22434900,1
1506861158,22611976,53.36,45.77565100,1
1506861130,22611927,53.37,58.85946000,1
1506861130,22611926,53.39,18.74312700,1
1506861129,22611924,53.39,69.37024500,1
1506861129,22611921,53.39,0.50000000,1
1506861125,22611914,53.39,0.50000000,1
1506861117,22611903,53.39,2.96496100,1
1506861111,22611887,53.39,4.86918700,1
1506861106,22611876,53.39,3.05248000,1
1506861087,22611836,53.37,0.50000000,1
1506861069,22611794,53.37,0.50000000,1
1506861069,22611791,53.37,36.14054000,1
1506861065,22611777,53.37,0.50000000,1
1506861062,22611769,53.37,0.50000000,1
1506861058,22611761,53.37,0.50000000,1
1506861056,22611757,53.37,2.00000000,1
1506861055,22611754,53.37,0.50000000,1
1506861054,22611753,53.40,92.75000000,1
1506861051,22611749,53.40,0.50000000,1
1506861048,22611745,53.40,0.50000000,1
1506861045,22611739,53.40,0.50000000,1
1506861041,22611734,53.40,0.50000000,1
1506861037,22611727,53.40,0.50000000,1
1506861035,22611724,53.40,0.50000000,1
1506861031,22611720,53.40,0.25000000,1
1506861006,22611684,53.40,0.50000000,1
1506861003,22611676,53.40,0.50000000,1
1506860999,22611670,53.40,0.50000000,1
1506860995,22611664,53.40,0.50000000,1
1506860991,22611658,53.40,0.50000000,1
1506860988,22611651,53.40,0.50000000,1
1506860980,22611637,53.40,0.25000000,1
1506860976,22611631,53.40,0.25000000,1
1506860972,22611624,53.40,0.50000000,1
1506860799,22611358,53.36,0.50000000,1
1506860796,22611352,53.36,0.50000000,1
1506860794,22611346,53.36,0.50000000,1
1506860788,22611340,53.36,0.50000000,1
1506860777,22611319,53.36,0.50000000,1
1506860772,22611309,53.36,0.50000000,1
1506860768,22611303,53.36,0.50000000,1
1506860765,22611291,53.36,0.50000000,1
1506860761,22611287,53.37,0.50000000,1
1506860687,22611172,53.33,0.50000000,1
1506860588,22611006,53.32,4.41000000,0
1506860588,22611005,53.32,10.32000000,0
1506860586,22610999,53.31,4.41000000,1
1506860585,22610996,53.31,4.41000000,1
1506860584,22610993,53.31,4.41000000,1
1506860580,22610989,53.31,0.25000000,1
1506860576,22610987,53.31,0.50000000,1
1506860573,22610984,53.31,0.50000000,1
1506860569,22610980,53.31,0.50000000,1
1506860566,22610978,53.31,0.50000000,1
1506860562,22610973,53.31,0.50000000,1
1506860559,22610972,53.32,0.25000000,1
1506860551,22610967,53.32,4.41000000,0
1506860550,22610966,53.32,2.73000000,1
1506860550,22610965,53.36,1.67578711,0
1506860549,22610964,53.36,1.43478260,0
1506860540,22610951,53.36,1.29816341,0
1506860531,22610942,53.36,3.41000000,0
1506860530,22610941,53.36,11.32000000,1
1506860436,22610861,53.50,2.00000000,0
1506860413,22610809,53.44,1.33033000,0
1506860366,22610719,53.31,3.00000000,1
1506860366,22610717,53.31,1.12782000,1
1506860365,22610715,53.31,55.47815200,1
1506860365,22610714,53.31,2.12881500,1
1506860364,22610706,53.31,12.82403800,1
1506860364,22610703,53.31,8.11000000,1
1506860359,22610672,53.51,2.00000000,0
1506860332,22610561,53.35,1.33000000,0
1506860331,22610560,53.32,8.16740500,0
1506860331,22610559,53.32,14.46559500,0
1506860331,22610558,53.33,8.87000000,1
1506860329,22610550,53.42,0.00009640,1
1506860314,22610438,53.42,2.76485600,1
1506860314,22610435,53.61,1.33000000,0
1506860313,22610429,53.42,0.23504760,1
1506860313,22610428,53.43,1.54485494,1
1506860313,22610426,53.44,0.00009646,1
1506860312,22610422,53.44,2.87564557,0
1506860310,22610410,53.44,0.00000043,1
1506860310,22610409,53.46,12.79988600,0
1506860309,22610405,53.44,10.07166500,1
1506860309,22610403,53.44,3.06393000,1
1506860308,22610393,53.50,1.78000000,1
1506860221,22610251,53.64,2.00000000,0
1506860008,22610172,53.73,2.00000000,0
1506859982,22610149,53.51,6.38838113,0
1506859930,22610108,53.70,1.76837794,0
1506859930,22610104,53.70,1.81039300,1
1506859929,22610089,53.69,1.00000000,1
1506859928,22610088,53.69,1.21289800,1
1506859927,22610085,53.69,2.00000000,0
1506859849,22609846,53.67,2.00000000,0
1506859834,22609816,53.65,3.67325256,0
1506859807,22609773,53.50,8.22000000,1
1506859802,22609767,53.62,2.29396300,0
1506859802,22609766,53.62,16.18603700,0
1506859787,22609742,53.63,2.00000000,0
1506859725,22609698,53.75,2.00000000,0
1506859657,22609687,53.81,2.00000000,0
1506859588,22609666,53.78,2.00000000,0
1506859586,22609664,53.79,1.00018591,0
1506859488,22609630,53.89,2.00000000,0
1506859471,22609626,53.84,0.21861070,0
1506859424,22609621,53.88,2.00000000,0
1506859346,22609599,53.91,2.00000000,0
1506859273,22609540,53.84,0.37054235,0
1506859269,22609538,53.83,2.00000000,0
1506859234,22609490,53.68,14.73000000,1
1506859231,22609485,53.69,0.25000000,0
1506859224,22609478,53.68,0.50000000,1
1506859223,22609476,53.68,17.60749498,0
1506859223,22609472,53.66,3.48000000,0
1506859220,22609471,53.68,13.12300000,0
1506859213,22609454,53.71,2.53000000,1
1506859213,22609452,53.72,53.15590200,1
1506859209,22609441,53.77,17.61990334,0
1506859198,22609395,53.81,2.00000000,0
1506859136,22609335,53.91,2.00000000,0
1506859110,22609317,53.87,7.60525143,0
1506858924,22609257,53.88,11.04000000,0
1506858916,22609255,53.89,2.00000000,0
1506858886,22609248,53.84,26.42013108,0
1506858881,22609241,53.86,0.21883920,1
1506858880,22609240,53.87,26.41312889,1
1506858859,22609233,53.96,8.60000000,1
1506858858,22609232,53.93,2.00000000,0
1506858857,22609231,53.46,49.09324580,1
1506858857,22609230,53.52,0.23989354,1
1506858857,22609229,53.52,4.75000000,0
1506858856,22609228,53.55,106.00000000,1
1506858856,22609227,53.64,105.00000000,1
1506858856,22609226,53.64,66.88415441,0
1506858856,22609225,53.64,23.76000000,0
1506858855,22609224,53.69,29.82000000,0
1506858855,22609223,53.76,2.47000000,1
1506858855,22609222,53.93,2.00000000,1
1506858853,22609221,53.97,10.00021308,1
1506858824,22609217,53.98,10.91318219,1
1506858379,22609087,54.09,5.97393233,0
1506858372,22609081,53.97,9.94978692,1
1506858372,22609080,53.99,10.00000000,1
1506856737,22608651,53.97,15.20544900,0
1506856704,22608634,54.20,8.03257968,1
1506856703,22608633,54.20,1.14112600,1
1506856702,22608632,54.20,6.02000000,0
1506856174,22608494,53.94,11.50000000,1
1506855475,22608353,53.94,1.35606148,1
1506855195,22608290,54.08,1.00000000,0
1506854790,22608211,54.08,2.35707771,0
1506854789,22608210,54.08,6.17825443,0
1506854289,22608058,54.08,0.50000000,0
1506854285,22608056,54.08,0.50000000,0
1506854283,22608052,54.07,10.99870562,0
1506854283,22608051,54.06,0.50000000,0
1506854282,22608050,54.06,0.50000000,1
1506854278,22608049,54.08,0.50000000,0
1506854276,22608048,54.08,0.25000000,0
1506854262,22608045,54.08,0.25000000,0
1506854243,22608035,54.08,0.50000000,0
1506854241,22608034,54.08,40.00000000,0
1506854240,22608033,54.08,0.50000000,0
1506854237,22608032,54.08,0.25000000,0
1506854235,22608029,54.08,0.50000000,0
1506854230,22608027,54.08,0.50000000,0
1506853891,22607962,54.16,0.50000000,0
1506853168,22607795,53.88,0.50000000,0
1506853166,22607793,53.89,0.50000000,0
1506853163,22607791,53.82,0.50000000,0
1506853159,22607790,53.82,0.50000000,0
1506853154,22607789,53.82,0.50000000,0
1506853151,22607787,53.81,0.50000000,0
1506853065,22607737,53.82,0.50000000,0
1506853062,22607732,53.82,0.50000000,0
1506853059,22607730,53.82,0.50000000,0
1506853056,22607728,53.81,0.50000000,0
1506853052,22607726,53.82,0.50000000,0
1506853049,22607725,53.82,0.50000000,0
1506853042,22607719,53.81,0.50000000,0
1506853039,22607718,53.79,0.50000000,0
1506853032,22607717,53.74,0.50000000,0
1506853030,22607716,53.74,0.50000000,1
1506853020,22607707,53.73,1.10276381,1
1506853020,22607706,53.74,2.45000000,1
1506853010,22607702,53.85,5.45000000,1
1506852878,22607651,53.97,0.50000000,1
1506852852,22607632,53.88,3.49980900,0
1506852852,22607631,53.88,5.16592427,0
1506852846,22607625,53.88,0.50000000,0
1506852813,22607618,53.96,9.30654929,0
1506852788,22607602,53.98,0.34422700,0
1506852776,22607593,53.98,0.25000000,0
1506852773,22607589,53.97,0.25000000,0
1506852769,22607584,53.97,0.50000000,0
1506852748,22607575,53.98,0.50000000,0
1506852746,22607574,53.98,0.50000000,0
1506852742,22607571,53.96,0.50000000,0
1506852738,22607566,53.95,0.50000000,0
1506852705,22607546,53.96,6.06300144,1
1506852472,22607485,53.95,0.34100000,1
1506851539,22607191,53.95,0.00029520,0
1506851534,22607188,53.95,0.42170480,0
1506851492,22607173,53.95,0.41000000,1
1506851467,22607165,53.95,0.50000000,1
1506851463,22607160,53.95,0.50000000,1
1506851459,22607153,53.95,0.50000000,1
1506851455,22607152,53.95,0.50000000,1
1506851248,22607100,53.86,0.50000000,1
1506851244,22607097,53.85,0.25000000,1
1506851222,22607094,54.04,6.12881477,1
1506849911,22606792,54.00,1.81431356,0
1506849299,22606573,54.05,1.31711897,0
1506849009,22606513,54.09,7.31188759,0
1506849002,22606511,54.09,2.00000000,0
1506848708,22606431,53.77,37.93118644,0
1506848708,22606430,53.79,20.34000000,1
1506848688,22606429,54.07,16.44867764,0
1506848687,22606428,54.06,2.00000000,0
1506847882,22606234,53.80,0.00000014,0
1506847881,22606232,53.80,2.92735900,0
1506847881,22606231,53.80,28.38743600,0
1506847880,22606229,53.80,17.11155100,0
1506847867,22606222,53.80,2.00000000,0
1506847856,22606216,53.80,12.48400000,0
1506847855,22606214,53.80,26.17300000,0
1506847853,22606213,53.80,10.91665386,0
1506847853,22606212,53.80,2.53525214,0
1506847789,22606202,53.80,2.00000000,0
1506847772,22606195,53.80,125.05099432,0
1506847772,22606194,53.70,0.00000568,0
1506847759,22606182,53.70,14.07326100,0
1506847754,22606178,53.70,0.50000000,0
1506847751,22606177,53.70,0.50000000,0
1506847745,22606170,53.70,0.50000000,0
1506847742,22606168,53.70,0.50000000,0
1506847739,22606166,53.70,63.92673332,0
1506847739,22606165,53.70,8.56347368,0
1506847727,22606161,53.70,4.82739600,0
1506847713,22606160,53.70,2.00000000,0
1506847676,22606146,53.70,8.02072600,0
1506847675,22606145,53.70,0.55716946,0
1506847674,22606144,53.70,3.95730000,0
1506847672,22606140,53.70,2.62754653,0
1506847672,22606139,53.69,6.69736047,0
1506847667,22606134,53.69,9.32490800,0
1506847660,22606131,53.69,3.96570000,0
1506847644,22606126,53.70,2.00000000,0
1506847643,22606123,53.70,4.01452513,0
1506847640,22606120,53.55,4.07517485,1
1506847639,22606116,53.70,11.66270384,0
1506847637,22606111,53.70,5.67527484,0
1506847627,22606100,53.69,3.32704175,0
1506847626,22606098,53.69,10.30295825,0
1506847626,22606096,53.69,54.33039075,0
1506847625,22606093,53.69,9.91748400,0
1506847625,22606092,53.69,38.29725700,0
1506847620,22606087,53.69,27.04111471,0
1506847620,22606086,53.69,24.50066246,0
1506847620,22606085,53.68,0.00000583,0
1506847617,22606084,53.68,20.99999417,0
1506847617,22606083,53.65,0.00000583,0
1506847614,22606079,53.65,25.13795100,0
1506847607,22606075,53.67,15.68955025,1
1506847603,22606074,53.69,4.75000000,0
1506847599,22606067,53.67,15.68955025,0
1506847595,22606063,53.69,29.94275500,0
1506847594,22606062,53.69,38.95007400,0
1506847594,22606061,53.69,1.50000000,0
1506847591,22606059,53.69,29.94275500,0
1506847583,22606046,53.70,2.00000000,0
1506847577,22606040,53.70,0.50000000,0
1506847574,22606031,53.69,0.50000000,0
1506847573,22606028,53.52,0.00000016,0
1506847573,22606027,53.52,5.10466800,0
1506847573,22606026,53.52,6.11238800,0
1506847570,22606024,53.52,0.56441103,0
1506847570,22606022,53.52,0.23989354,0
1506847568,22606017,53.52,98.44792562,0
1506847566,22606012,53.52,9.93226016,0
1506847565,22606008,53.52,9.89996142,0
1506847564,22606005,53.52,9.86543518,0
1506847562,22606000,53.52,9.83305689,0
1506847556,22605998,53.69,16.19000000,0
1506847556,22605997,53.70,21.00000000,0
1506847555,22605996,53.69,0.00000527,0
1506847554,22605995,53.69,3.42373000,0
1506847545,22605984,53.69,15.81626473,0
1506847537,22605983,53.70,0.60844528,0
1506847537,22605982,53.70,8.49220972,0
1506847537,22605981,53.70,39.81368700,0
1506847531,22605980,53.70,0.71202500,0
1506847525,22605974,53.70,3.73817000,0
1506847523,22605971,53.70,39.64767225,0
1506847522,22605968,53.70,15.81359404,0
1506847520,22605964,53.70,2.00000000,0
1506847519,22605963,53.70,15.80491530,0
1506847519,22605962,53.70,41.13016760,0
1506847518,22605960,53.70,15.80502793,0
1506847518,22605958,53.70,61.04253116,0
1506847518,22605957,53.70,116.65746884,0
1506847516,22605955,53.70,1.81619600,0
1506847513,22605952,53.70,12.30057700,0
1506847512,22605947,53.70,15.50332149,0
1506847510,22605941,53.70,27.25820108,0
1506847510,22605940,53.69,10.06056896,0
1506847508,22605935,53.70,56.86826159,0
1506847506,22605932,53.70,13.59597400,0
1506847498,22605926,53.77,7.80974521,0
1506847497,22605924,53.77,14.92467100,0
1506847497,22605923,53.74,1.12000000,0
1506847496,22605922,53.75,1.12000000,0
1506847491,22605912,53.73,11.18056144,1
1506847474,22605900,53.73,11.18048224,1
1506847462,22605880,53.74,13.20416645,1
1506847456,22605876,53.76,2.00000000,0
1506847438,22605863,53.74,11.18048224,0
1506847431,22605853,53.51,317.66100000,1
1506847431,22605852,53.52,16.90000000,1
1506847431,22605851,53.67,165.43900000,1
1506847396,22605842,53.80,1.99999979,0
1506847396,22605841,53.72,0.00000021,0
1506847393,22605825,53.72,13.99999979,0
1506847389,22605821,53.80,4.73011152,0
1506847374,22605812,53.76,3.33382250,1
1506847348,22605806,53.76,44.67635000,0
1506847343,22605805,53.60,75.22943149,1
1506847343,22605804,53.61,11.18056851,1
1506847343,22605803,53.68,111.00000000,1
1506847343,22605802,53.72,2.59000000,1
1506847327,22605800,53.79,2.00000000,0
1506847322,22605796,53.78,18.13086344,0
1506847286,22605792,53.81,17.51086350,1
1506847286,22605791,53.81,25.15531400,1
1506847263,22605785,53.86,2.00000000,0
1506847183,22605768,53.86,2.00000000,0
1506847177,22605766,53.86,14.25321600,0
1506847124,22605756,53.86,0.33847021,1
1506846631,22605555,53.99,0.72000000,0
1506846625,22605551,53.99,2.00000000,0
1506846615,22605548,53.90,96.52969200,0
1506846615,22605547,53.90,93.33275500,0
1506846614,22605546,53.90,31.13755300,0
1506846594,22605539,53.90,23.37884900,0
1506846594,22605538,53.90,3.54658100,0
1506846594,22605537,53.90,177.70000000,0
1506846594,22605536,53.90,16.37457000,0
1506846560,22605529,53.99,2.00000000,0
1506846530,22605508,53.98,8.41452700,0
1506846526,22605504,53.83,23.06972727,1
1506846519,22605500,54.00,27.41880600,0
1506846519,22605499,54.00,8.04356500,0
1506846515,22605497,54.00,71.59569400,0
1506846511,22605495,54.00,1.97648148,0
1506846491,22605480,54.00,19.36976000,0
1506846491,22605479,53.99,11.11000000,0
1506846477,22605473,53.96,2.00000000,0
1506846464,22605463,53.99,10.50000000,0
1506846463,22605461,53.79,30.62416555,0
1506846463,22605460,53.79,20.48038668,1
1506846463,22605458,53.80,10.14974557,1
1506846461,22605454,53.81,25.15531400,1
1506846455,22605450,53.90,52.07985300,0
1506846453,22605447,53.90,12.42666700,0
1506846453,22605446,53.90,27.08624600,0
1506846453,22605445,53.90,40.40723400,0
1506846453,22605444,53.90,39.23692300,0
1506846452,22605442,53.90,78.88051400,0
1506846451,22605439,53.90,57.87981600,0
1506846450,22605437,53.90,21.07985500,0
1506846422,22605430,53.90,11.00742600,0
1506846414,22605428,53.90,2.00000000,0
1506846410,22605427,53.80,10.00000000,1
1506846385,22605421,53.90,1.99500000,0
1506846364,22605415,53.90,9.92046600,0
1506846352,22605412,53.89,2.00000000,0
1506846341,22605410,53.89,15.56000000,0
1506846313,22605406,53.89,2.77383600,0
1506846313,22605405,53.81,0.00000500,0
1506846306,22605400,53.81,6.27799500,0
1506846300,22605396,53.81,162.44400000,0
1506846298,22605394,53.81,6.27800000,1
1506846288,22605392,53.96,1.00000000,0
1506846275,22605389,53.81,170.00000000,1
1506846244,22605380,53.80,20.50700000,0
1506846240,22605379,53.80,10.50000000,0
1506846237,22605378,53.80,168.99300000,1
1506846187,22605364,54.00,2.00000000,0
1506846163,22605355,53.80,75.45668200,0
1506846160,22605347,53.80,79.22508700,0
1506846160,22605346,53.68,89.81374295,1
1506846160,22605345,53.69,0.26560323,1
1506846160,22605344,53.69,5.47365382,1
1506846159,22605342,53.72,54.44700000,1
1506846158,22605339,53.80,45.31823100,0
1506846157,22605338,53.80,33.98645600,0
1506846128,22605332,53.80,1.05211800,0
1506846123,22605329,53.80,1.00000000,0
1506846084,22605315,53.80,13.00580400,0
1506846071,22605312,53.70,69.77761632,1
1506846048,22605303,53.80,2.00000000,0
1506846026,22605275,53.80,111.33352500,0
1506846026,22605274,53.80,12.00262900,0
1506846026,22605273,53.80,25.61946800,0
1506846004,22605240,53.80,12.97241600,0
1506846002,22605235,53.71,0.00046420,0
1506846002,22605234,53.71,24.25453580,0
1506845999,22605231,53.73,175.74500000,1
1506845997,22605230,53.80,5.50763900,0
1506845997,22605227,53.80,5.79360900,0
1506845990,22605222,53.80,19.32126414,0
1506845990,22605221,53.80,6.98151587,0
1506845988,22605218,53.80,15.30074349,0
1506845986,22605211,53.80,27.17549213,0
1506845985,22605209,53.80,0.29778133,0
1506845985,22605206,53.80,5.45450200,0
1506845983,22605205,53.80,2.00000000,0
1506845981,22605203,53.80,10.50000000,0
1506845955,22605178,54.05,1.66604151,0
1506845952,22605175,53.69,5.13623598,0
1506845952,22605174,53.69,15.91313700,0
1506845952,22605173,53.69,53.41840300,0
1506845952,22605172,53.69,1.32000000,0
1506845950,22605171,53.69,2.46676500,0
1506845950,22605170,53.69,10.21760600,0
1506845950,22605168,53.69,7.67670200,0
1506845950,22605166,53.69,7.16553000,0
1506845948,22605164,53.69,7.38562102,0
1506845948,22605163,53.69,97.00000000,0
1506845948,22605161,53.69,114.00000000,1
1506845948,22605160,53.76,106.00000000,1
1506845948,22605158,53.77,16.94000000,1
1506845947,22605157,53.79,2.41000000,1
1506845947,22605156,53.80,52.95000000,1
1506845915,22605148,54.05,1.00000000,0
1506845837,22605107,54.06,1.50000000,0
1506845834,22605102,54.08,11.54022435,1
1506845825,22605091,54.10,6.84383900,0
1506845823,22605078,54.10,28.57990560,0
1506845821,22605074,54.10,1.53419090,0
1506845820,22605071,54.10,27.02458410,0
1506845757,22605048,54.10,1.50000000,0
1506845751,22605046,54.10,29.26180000,0
1506845699,22605020,54.10,1.50000000,0
1506845658,22604999,54.01,155.53300000,1
1506845658,22604998,54.01,11.46700000,1
1506845638,22604990,54.10,2.00000000,0
1506845638,22604989,54.01,0.25000000,1
1506845622,22604985,54.02,0.50000000,1
1506845618,22604984,54.02,0.50000000,1
1506845615,22604983,54.02,0.50000000,1
1506845611,22604982,54.02,0.50000000,1
1506845573,22604980,54.23,2.00000000,0
1506845547,22604973,54.01,0.50000000,1
1506845543,22604971,54.01,0.50000000,1
1506845539,22604969,54.01,0.50000000,1
1506845537,22604968,54.01,0.50000000,1
1506845534,22604965,54.01,0.50000000,1
1506845531,22604962,54.01,0.50000000,1
1506845528,22604959,54.01,0.50000000,1
1506845525,22604958,54.01,0.50000000,1
1506845502,22604950,54.10,2.00000000,0
1506845501,22604949,54.01,0.25000000,1
1506845498,22604947,54.01,0.50000000,1
1506845490,22604946,54.01,0.50000000,1
1506845442,22604941,54.10,2.00000000,0
1506845279,22604907,54.10,13.17467652,0
1506845275,22604902,54.10,1.00000000,0
1506845273,22604901,54.10,6.44953789,0
1506845272,22604897,54.10,24.42255083,0
1506845266,22604891,54.10,30.86099300,0
1506845255,22604888,54.10,2.05120147,0
1506845254,22604884,54.10,13.27408402,0
1506845252,22604879,54.10,24.41897471,0
1506845251,22604877,54.10,18.30721067,0
1506845251,22604876,54.10,10.20332033,0
1506845239,22604872,54.10,14.94528651,0
1506845239,22604871,54.10,7.40961182,0
1506845237,22604867,54.10,1.52883549,0
1506845236,22604864,54.10,20.82292051,0
1506845209,22604857,54.10,1.50000000,0
1506845155,22604843,54.10,1.00000000,0
1506845116,22604794,54.10,100.00000000,0
1506845095,22604790,54.10,2.00000000,0
1506845069,22604785,54.10,13.45452865,0
1506845068,22604783,54.10,17.41903881,0
1506845066,22604780,54.10,30.87411600,0
1506845064,22604773,54.10,49.84361700,0
1506845060,22604769,54.10,1.21589648,0
1506845056,22604762,54.10,2.37024029,0
1506845053,22604756,54.10,5.22088724,0
1506845047,22604751,54.10,11.06284658,0
1506845043,22604748,54.10,10.12905144,0
1506845041,22604746,54.10,48.99980285,1
1506845039,22604745,54.10,25.07674920,0
1506845037,22604741,54.10,91.50398449,0
1506845036,22604740,54.10,162.28000000,0
1506845036,22604739,54.09,15.42000000,0
1506845034,22604738,54.09,2.00000000,0
1506845019,22604716,54.10,59.17467229,0
1506845017,22604713,54.10,11.96459402,0
1506845016,22604712,54.10,0.00000598,0
1506845015,22604711,54.10,11.96456300,0
1506845011,22604702,54.10,177.70000000,0
1506845010,22604700,54.10,90.93245702,0
1506845009,22604699,54.10,52.94644000,0
1506845009,22604698,54.10,16.45653400,0
1506844988,22604668,54.10,10.12905144,0
1506844987,22604666,54.10,41.30258200,0
1506844986,22604661,54.10,59.16894100,0
1506844983,22604655,54.10,4.06801810,0
1506844981,22604649,54.10,51.00990147,0
1506844981,22604647,54.06,1.00000000,1
1506844979,22604646,54.10,19.32150599,1
1506844979,22604645,54.11,15.00000000,1
1506844958,22604602,54.10,89.09090193,0
1506844958,22604601,54.10,1.31000000,0
1506844957,22604600,54.10,18.24725700,0
1506844957,22604599,54.10,4.60080000,0
1506844957,22604598,54.10,64.20563000,0
1506844957,22604596,54.10,20.61565000,0
1506844957,22604595,54.10,4.60080000,0
1506844956,22604592,54.10,1.63565000,0
1506844956,22604591,54.10,23.00610800,0
1506844956,22604590,54.10,16.61237000,0
1506844955,22604589,54.10,20.61565000,0
1506844955,22604588,54.10,97.46478800,0
1506844955,22604587,54.10,6.68871100,0
1506844955,22604586,54.10,51.07119100,0
1506844955,22604585,54.10,15.41555000,0
1506844954,22604584,54.10,19.87339700,0
1506844954,22604583,54.10,2.47588900,0
1506844954,22604581,54.10,6.56808700,0
1506844953,22604580,54.10,90.70933407,0
1506844953,22604579,54.10,5.51146000,0
1506844953,22604578,54.10,28.98077600,0
1506844951,22604577,54.10,2.48000000,1
1506844951,22604576,54.20,8.22000000,1
1506844930,22604572,54.31,10.45792671,1
1506844831,22604553,54.37,9.00000000,0
1506844800,22604542,54.33,20.00000000,0
1506844273,22604453,54.34,2.00000000,0
1506843790,22604312,54.32,6.00304128,1
1506843061,22604148,54.16,4.43749541,1
1506842761,22604123,54.16,3.07273626,1
1506842751,22604121,54.16,5.00000000,1
1506842636,22604090,54.12,49.82595800,0
1506842635,22604088,54.12,7.47487700,0
1506842635,22604087,54.12,14.75743700,0
1506842634,22604086,54.12,2.11577000,0
1506842632,22604085,54.12,25.04000000,0
1506842632,22604084,54.12,2.11577000,0
1506842627,22604082,54.12,14.88535700,0
1506842627,22604081,54.12,7.78483100,0
1506842610,22604057,54.12,2.11576958,0
1506842610,22604056,54.12,5.84576000,0
1506842610,22604055,54.12,7.82172300,0
1506842610,22604053,54.12,4.53042200,0
1506842609,22604052,54.12,49.96177300,0
1506842609,22604050,54.12,1.61576000,0
1506842568,22604024,54.00,112.26203718,0
1506842566,22604016,54.00,5.93329100,0
1506842565,22604013,54.00,26.48685185,0
1506842565,22604012,54.00,10.03962962,0
1506842564,22604009,54.00,45.27819035,0
1506842505,22603997,54.02,108.86000000,1
1506842505,22603996,54.03,56.14000000,1
1506842505,22603995,54.04,15.00000000,1
1506842505,22603994,54.04,20.00000000,1
1506842469,22603985,54.00,41.49102400,0
1506842469,22603984,54.00,8.50897600,0
1506842467,22603983,54.19,15.00000000,1
1506842411,22603959,54.00,61.44084200,0
1506842411,22603956,54.00,47.62254700,0
1506842411,22603955,54.00,14.43421800,0
1506842411,22603954,54.00,76.50239300,0
1506842307,22603936,54.00,63.58300000,0
1506842307,22603935,54.00,113.00000000,0
1506842305,22603934,54.03,103.00000000,1
1506842305,22603933,54.07,23.53000000,1
1506842305,22603932,54.08,22.26800000,1
1506842305,22603931,54.10,39.60100000,1
1506842305,22603930,54.12,35.01800000,1
1506842174,22603904,54.43,0.10000000,0
1506842173,22603901,53.99,53.37563346,0
1506842173,22603900,53.99,28.84611813,0
1506842172,22603898,53.99,2.51000000,1
1506842172,22603897,54.02,117.00000000,1
1506842172,22603896,54.04,33.90935440,1
1506842172,22603895,54.06,5.26000000,1
1506842172,22603894,54.07,26.34000000,1
1506842172,22603893,54.25,232.75889401,1
1506842104,22603885,54.26,7.80000000,1
1506841830,22603843,54.15,37.34166427,1
1506838826,22603319,54.36,4.06824871,0
1506838550,22603264,54.37,0.25000000,0
1506838548,22603261,54.37,0.25000000,0
1506838532,22603259,54.28,0.25000000,0
1506838274,22603163,54.43,0.50000000,0
1506838259,22603158,54.36,0.50000000,0
1506838178,22603145,54.27,1.10281924,0
1506837974,22603116,54.28,0.50000000,0
1506837917,22603103,54.28,0.50000000,0
1506837146,22603004,54.28,3.00000000,0
1506837057,22602989,54.21,27.80474600,0
1506836946,22602977,54.28,7.07240200,0
1506836821,22602928,54.36,15.85103900,0
1506836821,22602927,54.35,4.51000000,0
1506836283,22602786,54.15,1.15863977,0
1506836282,22602784,54.15,12.40394800,0
1506836281,22602783,54.29,76.05000000,1
1506836258,22602779,54.36,2.11913200,0
1506836143,22602755,54.47,38.33000000,1
1506836101,22602753,54.46,5.96000000,0
1506836101,22602752,54.45,55.71000000,0
1506835601,22602672,54.32,6.95704409,1
1506835600,22602671,54.32,72.14168547,1
1506835600,22602670,54.26,7.08000000,0
1506834938,22602567,53.88,22.90000000,1
1506834938,22602566,53.89,55.71000000,1
1506834938,22602565,53.90,21.39000000,1
1506834792,22602557,54.10,1.89252000,0
1506834633,22602534,54.13,2.44996709,1
1506834615,22602523,54.14,5.68999325,0
1506834443,22602497,54.15,7.17173316,1
1506833218,22602358,54.10,12.00000000,1
1506832698,22602302,54.25,2.70840200,0
1506831922,22602244,54.01,6.20263365,0
1506831916,22602241,54.01,6.73100000,0
1506831841,22602235,54.01,1.97182479,1
1506831079,22602079,54.12,10.00000000,1
1506829034,22601818,54.12,14.65000000,1
1506829029,22601817,54.09,10.96000000,1
1506829028,22601816,54.09,3.69000000,1
1506829016,22601811,54.09,10.96000000,0
1506828261,22601623,54.06,1.84609693,1
1506827918,22601585,54.01,162.96776506,0
1506827839,22601582,54.00,84.68339279,0
1506827759,22601575,54.00,50.00000000,0
1506827712,22601565,54.01,8.12498759,0
1506827696,22601564,54.01,0.30000000,0
1506827678,22601563,54.01,50.00000000,0
1506827675,22601562,54.01,50.00000000,0
1506827573,22601516,54.01,88.37355600,0
1506827260,22601473,53.81,10.77014925,1
1506827165,22601455,53.94,5.54783092,0
1506826887,22601342,53.75,0.50000000,1
1506826882,22601336,53.70,0.50000000,1
1506826870,22601332,53.68,0.50000000,1
1506826853,22601330,53.60,0.50000000,1
1506826851,22601328,53.59,0.25000000,1
1506826838,22601316,53.73,0.25000000,1
1506826834,22601315,53.72,0.50000000,1
1506826691,22601221,53.58,19.95000000,0
1506826691,22601220,53.58,17.04165236,0
1506826691,22601219,53.59,4.59985287,1
1506826690,22601218,53.62,3.00000000,1
1506826690,22601217,53.62,97.00000000,0
1506826690,22601216,53.66,3.94576966,1
1506826690,22601215,53.66,46.50799940,0
1506826689,22601214,53.66,99.00000000,0
1506826689,22601213,53.67,115.00000000,1
1506826689,22601211,53.68,11.12000000,0
1506826688,22601210,53.68,2.22000000,0
1506826688,22601209,53.72,1.00000000,1
1506826688,22601208,53.76,18.49883675,1
1506826688,22601207,53.76,104.00000000,1
1506826687,22601206,53.88,178.38219495,1
1506826687,22601205,53.89,37.34166427,1
1506826685,22601204,53.90,10.34202974,1
1506826684,22601203,53.90,4.65797026,1
1506826674,22601199,53.99,1.00000000,1
1506826660,22601195,54.00,4.05816250,1
1506826660,22601194,54.00,1.10000000,1
1506826660,22601193,54.02,3.00000000,1
1506826564,22601171,54.10,100.00000000,1
1506826512,22601135,54.11,19.13291200,0
1506826510,22601130,54.20,1.65654647,1
1506825152,22600889,54.20,0.59979116,1
1506825152,22600888,54.23,11.90276791,1
1506825151,22600886,54.26,1.65654693,1
1506825148,22600880,54.27,12.82978300,1
1506825073,22600851,54.27,14.65000000,1
1506824971,22600822,54.37,36.79584330,0
1506824340,22600626,54.61,8.92931697,0
1506824339,22600623,54.60,12.90000000,0
1506824279,22600597,54.61,117.23909861,1
1506824279,22600596,54.61,7.24690000,1
1506824254,22600590,54.61,8.05665200,1
1506824247,22600587,54.61,1.35929700,1
1506824245,22600586,54.61,0.50000000,1
1506824240,22600584,54.61,0.50000000,1
1506824238,22600583,54.61,0.50000000,1
1506824236,22600582,54.61,0.50000000,1
1506824225,22600580,54.60,15.33000000,0
1506824225,22600579,54.59,27.82288557,0
1506824079,22600532,54.33,11.00000000,1
1506823916,22600493,54.44,10.00000000,1
1506822694,22600275,54.73,10.85112782,1
1506822365,22600205,54.90,1.64008258,0
1506822101,22600103,54.52,16.82288557,0
1506821038,22599939,54.52,14.05902777,1
1506820707,22599897,54.51,0.50000000,0
1506820653,22599889,54.48,0.50000000,1
1506820566,22599866,54.49,0.50000000,1
1506820148,22599647,54.58,5.82572300,1
1506820073,22599586,54.70,26.88579153,1
1506820071,22599578,54.70,26.97512996,1
1506820018,22599530,54.80,104.73463284,1
1506818329,22598951,55.11,0.50000000,0
1506818323,22598910,54.98,32.86710600,0
1506818303,22598737,55.06,0.25000000,0
1506818277,22598472,54.73,26.87886000,1
1506818277,22598468,54.73,38.10947300,1
1506818276,22598466,54.73,26.90000000,1
1506818276,22598458,54.75,13.89401400,1
1506818276,22598454,54.75,9.62543700,1
1506818275,22598449,54.73,16.31166700,1
1506818274,22598444,54.73,1.80000000,1
1506818273,22598422,54.70,19.98673000,1
1506818273,22598418,54.70,1.15234851,1
1506818273,22598413,54.74,0.41646849,1
1506818272,22598409,54.74,7.07772700,1
1506818272,22598400,54.74,15.11826900,1
1506818271,22598397,54.74,69.20293300,1
1506818270,22598383,54.74,10.75771200,1
1506818270,22598380,54.74,3.21645700,1
1506818270,22598378,54.75,4.82000000,1
1506818270,22598376,54.83,2.37000000,1
1506818243,22598092,54.74,12.62690200,1
1506818243,22598089,54.82,24.15190700,1
1506818243,22598086,54.82,2.00706700,1
1506818242,22598083,54.82,32.86710600,1
1506818242,22598080,54.82,0.26809300,1
1506818242,22598076,54.83,1.50000000,0
1506818242,22598072,54.85,7.48000000,0
1506818242,22598067,54.88,15.00000000,0
1506818240,22598050,54.82,32.10574100,1
1506818240,22598047,54.84,11.32120000,1
1506818240,22598044,54.84,2.26000000,1
1506818239,22598041,54.84,73.21678100,1
1506818239,22598038,54.84,7.20201900,1
1506818239,22598034,54.84,2.53000000,1
1506818238,22598030,54.85,16.33992300,1
1506818238,22598024,54.85,3.66007700,1
1506818238,22598019,54.85,2.26000000,1
1506818238,22598015,54.87,4.79000000,1
1506818236,22597997,54.87,6.50000000,1
1506818235,22597989,54.96,0.41000000,1
1506818235,22597985,54.98,12.47000000,1
1506818235,22597981,54.98,2.53000000,1
1506817827,22597752,55.27,15.71521621,0
1506817496,22597709,55.28,9.92547033,1
1506817382,22597679,55.05,54.57740706,1
1506817382,22597678,55.05,96.42259294,1
1506816804,22597593,55.05,7.50000000,0
1506816799,22597591,55.05,0.50000000,0
1506816794,22597587,55.00,7.44518099,1
1506816794,22597586,55.04,0.55481901,1
1506816768,22597574,55.15,0.50000000,0
1506816766,22597573,55.15,0.50000000,0
1506816585,22597548,55.15,0.25000000,0
1506816581,22597545,55.15,0.25000000,0
1506816578,22597544,55.15,0.25000000,0
1506816569,22597539,55.05,33.38014700,1
1506816511,22597521,55.15,0.25000000,0
1506816506,22597519,55.15,0.25000000,0
1506816479,22597508,55.04,159.44518099,1
1506816478,22597507,55.05,0.50000000,0
1506816477,22597506,55.05,90.05481901,1
1506816452,22597500,55.15,0.25000000,0
1506816448,22597499,55.15,0.50000000,0
1506816445,22597493,55.15,0.25000000,0
1506816441,22597491,55.15,0.25000000,0
1506816425,22597486,55.05,12.02906400,1
1506816073,22597419,55.15,0.50000000,0
1506816070,22597418,55.15,0.50000000,0
