date,tid,price,amount,type
1506902443,22631581,0.20747,138.00000000,1
1506902419,22631534,0.20744,61.00000000,1
1506902418,22631533,0.20850,2864.55029685,1
1506902418,22631532,0.20850,10000.00000000,1
1506902418,22631531,0.20850,10000.00000000,1
1506902418,22631530,0.20850,10000.00000000,1
1506902418,22631529,0.20850,10000.00000000,1
1506902418,22631528,0.20850,10000.00000000,1
1506902417,22631523,0.20850,10000.00000000,1
1506902417,22631522,0.20850,10000.00000000,1
1506902417,22631521,0.20850,10000.00000000,1
1506902416,22631519,0.20850,7317.32609200,1
1506902416,22631518,0.20850,1259.23699900,1
1506902416,22631517,0.20850,1745.69373800,1
1506902415,22631515,0.20850,982.86301300,1
1506902415,22631514,0.20850,1017.13698600,1
1506902415,22631513,0.20850,1048.23699900,1
1506902415,22631512,0.20850,982.86301400,1
1506902415,22631511,0.20850,3864.70093100,1
1506902415,22631510,0.20850,29955.00000000,1
1506902414,22631509,0.20850,2222.69762000,1
1506902414,22631507,0.20850,3459.46409000,1
1506902414,22631506,0.20850,3858.16942800,1
1506902414,22631505,0.20850,2394.00000000,1
1506902413,22631504,0.20850,1000.00000000,1
1506902413,22631503,0.20850,995.42235200,1
1506902412,22631501,0.20850,772.94019000,1
1506902412,22631500,0.20850,3864.70093000,1
1506902411,22631499,0.20850,1718.55135700,1
1506902411,22631498,0.20848,200.00000000,0
1506902411,22631497,0.20847,772.94019000,0
1506902411,22631496,0.20840,700.00000000,0
1506902411,22631495,0.20826,2000.00000000,0
1506902411,22631494,0.20823,1595.60589000,0
1506902411,22631493,0.20820,700.00000000,0
1506902410,22631492,0.20820,30.00000000,0
1506902410,22631491,0.20810,35.00000000,0
1506902410,22631490,0.20810,35.00000000,0
1506902410,22631489,0.20810,25.00000000,0
1506902410,22631488,0.20800,500.00000000,0
1506902410,22631487,0.20800,700.00000000,0
1506902410,22631486,0.20800,4000.00000000,0
1506902410,22631485,0.20800,5000.00000000,0
1506902410,22631484,0.20799,3864.70093000,0
1506902409,22631483,0.20792,67.71233000,0
1506902409,22631482,0.20780,700.00000000,0
1506902409,22631481,0.20773,633.16812000,0
1506902409,22631478,0.20760,700.00000000,0
1506902409,22631477,0.20750,1706.33842226,0
1506902409,22631476,0.20745,328.99995180,0
1506902409,22631475,0.20745,1000.00000000,0
1506902409,22631474,0.20744,987.00000000,0
1506902406,22631473,0.20743,100.00000000,1
1506902404,22631472,0.20743,225.23690800,1
1506902393,22631456,0.20745,263.00000000,1
1506902390,22631452,0.20745,1699.94679500,1
1506902381,22631437,0.20743,163.35545863,0
1506902381,22631436,0.20740,700.00000000,0
1506902381,22631435,0.20723,1074.76722000,0
1506902381,22631434,0.20720,700.00000000,0
1506902381,22631433,0.20720,35.00000000,0
1506902381,22631432,0.20710,35.00000000,0
1506902381,22631431,0.20710,25.00000000,0
1506902364,22631412,0.20708,2600.00000000,1
1506902356,22631408,0.20708,399.65315000,1
1506902339,22631390,0.20708,1025.00000000,1
1506902318,22631377,0.20708,82.09860000,0
1506902312,22631362,0.20700,564.00000000,1
1506902286,22631356,0.20701,2493.00000000,1
1506902285,22631355,0.20701,367.00000000,1
1506902280,22631351,0.20701,4240.09222972,1
1506902279,22631348,0.20700,14283.30999500,1
1506902275,22631342,0.20700,6346.27321428,1
1506902275,22631341,0.20700,2188.19048310,1
1506902273,22631336,0.20700,2187.59536232,1
1506902271,22631326,0.20700,3600.00000000,1
1506902271,22631325,0.20700,2185.73082126,1
1506902267,22631324,0.20700,841.08020000,1
1506902267,22631323,0.20700,4205.40101000,1
1506902267,22631322,0.20700,700.00000000,0
1506902267,22631321,0.20700,25000.00000000,0
1506902267,22631320,0.20700,3000.00000000,0
1506902267,22631319,0.20700,3000.00000000,0
1506902267,22631318,0.20680,700.00000000,0
1506902267,22631317,0.20673,1008.68286000,0
1506902266,22631316,0.20660,700.00000000,0
1506902241,22631313,0.20650,1264.00000000,1
1506902230,22631307,0.20650,536.83862395,1
1506902218,22631304,0.20650,1000.00000000,1
1506902214,22631299,0.20650,782.00000000,1
1506902213,22631291,0.20650,426.00000000,1
1506902210,22631290,0.20650,10000.00000000,0
1506902210,22631289,0.20640,700.00000000,0
1506902210,22631288,0.20623,1269.37575000,0
1506902187,22631280,0.20620,1230.00000000,1
1506902180,22631273,0.20620,500.00000000,1
1506902176,22631269,0.20623,76.79219000,0
1506902159,22631257,0.20620,1765.00000000,1
1506902132,22631246,0.20621,2085.00000000,1
1506902105,22631240,0.20621,415.00000000,1
1506902086,22631229,0.20620,700.00000000,0
1506902086,22631228,0.20620,1123.05000000,0
1506902086,22631227,0.20620,35.00000000,0
1506902001,22631204,0.20610,35.00000000,0
1506902001,22631203,0.20610,25.00000000,0
1506901945,22631193,0.20600,13645.38552879,1
1506901945,22631192,0.20601,6354.61447121,1
1506901939,22631191,0.20601,2478.00000000,1
1506901937,22631190,0.20601,660.86003879,0
1506901930,22631186,0.20600,1701.63574583,1
1506901925,22631179,0.20600,339.92342386,1
1506901925,22631177,0.20600,4792.48519000,1
1506901924,22631176,0.20601,10207.51481000,1
1506901924,22631175,0.20601,5000.00000000,1
1506901922,22631169,0.20600,2956.03010000,1
1506901921,22631166,0.20600,5000.00000000,1
1506901917,22631163,0.20600,4509.37870999,1
1506901917,22631159,0.20600,2253.33751515,1
1506901916,22631155,0.20600,2374.61087379,1
1506901914,22631148,0.20600,2368.00912623,1
1506901913,22631147,0.20600,15077.53149000,1
1506901912,22631144,0.20600,1563.75199359,1
1506901912,22631142,0.20600,460.86008000,1
1506901912,22631140,0.20600,700.00000000,0
1506901912,22631138,0.20600,2000.00000000,0
1506901911,22631136,0.20598,594.81919000,0
1506901911,22631134,0.20580,700.00000000,0
1506901911,22631133,0.20579,2304.30042000,0
1506901911,22631130,0.20573,1525.68275000,0
1506901911,22631129,0.20566,699.99990276,1
1506901910,22631128,0.20560,0.00000045,0
1506901910,22631127,0.20560,699.99999955,0
1506901910,22631126,0.20540,0.00000045,0
1506901903,22631119,0.20540,699.99999955,0
1506901903,22631118,0.20523,0.00000045,0
1506901894,22631109,0.20523,1818.74476955,0
1506901894,22631107,0.20520,179.72613245,0
1506901874,22631090,0.20520,519.96212443,0
1506901873,22631089,0.20520,35.00000000,0
1506901873,22631088,0.20513,98.87674756,0
1506901873,22631087,0.20510,100.00000000,0
1506901873,22631086,0.20510,100.00000000,0
1506901873,22631085,0.20510,35.00000000,0
1506901873,22631084,0.20510,30.00000000,0
1506901873,22631083,0.20505,122.05612801,0
1506901809,22631026,0.20500,30000.00000000,1
1506901786,22630998,0.20500,1494.92189176,1
1506901783,22630987,0.20500,116.34027303,1
1506901779,22630983,0.20500,3529.78810336,1
1506901775,22630975,0.20500,2267.02969283,1
1506901773,22630968,0.20500,3993.17805948,1
1506901772,22630966,0.20500,1625.92511100,1
1506901771,22630962,0.20500,2367.25288900,1
1506901770,22630960,0.20500,4000.00000000,1
1506901769,22630957,0.20500,4064.69819600,1
1506901768,22630955,0.20500,464.20697561,1
1506901766,22630953,0.20500,10281.40732000,1
1506901766,22630952,0.20501,9718.59268000,1
1506901764,22630947,0.20501,464.20702096,1
1506901761,22630944,0.20501,3248.20698300,1
1506901759,22630941,0.20501,433.59605070,1
1506901758,22630940,0.20501,2342.92800000,1
1506901756,22630934,0.20501,947.41170582,1
1506901754,22630929,0.20501,2142.76132871,1
1506901753,22630927,0.20501,629.03276450,0
1506901752,22630924,0.20500,3761.47760000,1
1506901751,22630916,0.20500,551.15257792,1
1506901750,22630913,0.20500,537.83183288,1
1506901749,22630910,0.20500,2500.00000000,1
1506901747,22630909,0.20500,10000.00000000,1
1506901746,22630895,0.20500,289.32552516,1
1506901744,22630887,0.20500,2180.18533300,1
1506901743,22630884,0.20500,2162.00000000,1
1506901743,22630883,0.20500,708.11891760,1
1506901742,22630882,0.20500,3887.15417764,1
1506901742,22630881,0.20501,1769.38349336,1
1506901742,22630880,0.20501,3000.00000000,1
1506901741,22630879,0.20501,370.96723156,1
1506901741,22630878,0.20501,3707.13227800,1
1506901740,22630871,0.20501,703.98531708,1
1506901739,22630865,0.20501,68.18253000,0
1506901739,22630862,0.20500,20024.00000000,1
1506901737,22630852,0.20500,5626.45221843,1
1506901736,22630839,0.20500,2510.32821066,1
1506901735,22630838,0.20500,299.49000000,1
1506901735,22630836,0.20500,148.75501000,1
1506901734,22630834,0.20500,3049.66731708,1
1506901733,22630829,0.20500,693.50443686,1
1506901732,22630825,0.20500,5392.64155800,1
1506901732,22630824,0.20500,2331.91244900,1
1506901731,22630823,0.20500,143.24000000,1
1506901731,22630822,0.20500,148.90391493,1
1506901731,22630821,0.20500,98.47147956,1
1506901731,22630820,0.20500,581.24868000,1
1506901731,22630819,0.20500,8075.84649000,1
1506901731,22630818,0.20500,146.68034206,1
1506901730,22630810,0.20500,141.62379000,1
1506901729,22630809,0.20500,708.11895000,1
1506901729,22630808,0.20500,1599.52429907,1
1506901729,22630807,0.20500,19000.00000000,0
1506901728,22630806,0.20500,6493.37593591,0
1506901728,22630805,0.20500,1031.00000000,0
1506901728,22630804,0.20500,700.00000000,0
1506901728,22630803,0.20500,82.88382000,0
1506901728,22630802,0.20500,1611.35885307,0
1506901728,22630801,0.20499,32208.71198084,0
1506901728,22630800,0.20496,478.00000000,0
1506901728,22630799,0.20480,18380.00000000,0
1506901728,22630798,0.20480,700.00000000,0
1506901727,22630797,0.20473,1418.85093000,0
1506901727,22630796,0.20460,122.32156078,0
1506901727,22630795,0.20460,700.00000000,0
1506901727,22630794,0.20459,110.12025486,0
1506901727,22630793,0.20440,700.00000000,0
1506901727,22630792,0.20420,35.00000000,0
1506901727,22630791,0.20420,700.00000000,0
1506901727,22630790,0.20420,5000.00000000,0
1506901727,22630789,0.20410,30.00000000,0
1506901726,22630788,0.20401,136.27078783,0
1506901726,22630787,0.20400,4084.78982101,0
1506901726,22630786,0.20400,2000.00000000,0
1506901726,22630785,0.20400,700.00000000,0
1506901726,22630783,0.20400,9478.65638822,0
1506901726,22630782,0.20398,296.00000000,0
1506901726,22630781,0.20395,11116.31289858,0
1506901726,22630780,0.20380,700.00000000,0
1506901725,22630779,0.20375,100.00000000,0
1506901725,22630778,0.20374,141.62379000,0
1506901725,22630777,0.20360,11632.03450860,0
1506901725,22630776,0.20360,4316.31031883,0
1506901725,22630774,0.20360,700.00000000,0
1506901725,22630772,0.20340,700.00000000,0
1506901725,22630771,0.20332,5096.17610063,0
1506901725,22630770,0.20330,55.00000000,0
1506901725,22630769,0.20325,6379.18028396,0
1506901725,22630768,0.20320,3703.33793236,0
1506901722,22630764,0.20320,1103.00000000,0
1506901720,22630760,0.20320,2415.99912600,0
1506901717,22630755,0.20320,5622.69748600,0
1506901710,22630747,0.20320,5014.81810300,0
1506901703,22630735,0.20320,5699.17872800,0
1506901696,22630722,0.20320,5875.54710000,0
1506901689,22630703,0.20320,3875.00692930,0
1506901688,22630702,0.20320,35.00000000,0
1506901688,22630701,0.20320,700.00000000,0
1506901688,22630700,0.20310,30.00000000,0
1506901688,22630699,0.20300,3009.48207070,0
1506901686,22630696,0.20300,242.26676500,0
1506901682,22630689,0.20300,4505.40860000,0
1506901681,22630687,0.20300,11774.51797200,0
1506901678,22630683,0.20300,147.71029600,0
1506901676,22630676,0.20300,6144.61021000,0
1506901675,22630675,0.20300,82.62599100,0
1506901674,22630669,0.20300,1821.04266100,0
1506901664,22630656,0.20248,9380.00000000,1
1506901640,22630636,0.20300,1804.75004000,0
1506901640,22630634,0.20246,136.34280000,1
1506901635,22630627,0.20300,1291.58130800,0
1506901618,22630610,0.20300,90.00000000,0
1506901617,22630607,0.20300,700.00000000,0
1506901600,22630569,0.20284,699.99999989,0
1506901600,22630567,0.20284,1399.99985211,0
1506901582,22630527,0.20280,700.00000000,0
1506901582,22630526,0.20260,700.00000000,0
1506901554,22630485,0.20250,1209.31162300,0
1506901531,22630431,0.20250,941.59170000,0
1506901526,22630423,0.20250,857.63271900,0
1506901468,22630390,0.20250,2087.52395800,0
1506901468,22630389,0.20240,700.00000000,0
1506901451,22630380,0.20234,152.40799045,0
1506901451,22630379,0.20221,100.00000000,0
1506901451,22630378,0.20220,35.00000000,0
1506901451,22630377,0.20220,400.00000000,0
1506901451,22630376,0.20220,290.82634348,0
1506901416,22630363,0.20154,38.88000000,1
1506901402,22630354,0.20220,9.17365652,0
1506901402,22630353,0.20214,69.65026000,0
1506901402,22630352,0.20210,30.00000000,0
1506901402,22630351,0.20200,2260.04308348,0
1506901401,22630350,0.20200,98.82024752,0
1506901401,22630349,0.20200,141.13666900,0
1506901401,22630348,0.20200,700.00000000,0
1506901397,22630346,0.20199,567.77777945,0
1506901391,22630342,0.20199,1410.80851755,0
1506901388,22630339,0.20199,572.67370300,0
1506901388,22630338,0.20192,84.14601000,0
1506901388,22630337,0.20180,0.00002000,0
1506901387,22630336,0.20180,167.82685800,0
1506901339,22630297,0.20180,532.17312200,0
1506901339,22630296,0.20168,100.00000000,0
1506901279,22630287,0.20147,340.94105823,0
1506901277,22630281,0.20147,110.05894177,0
1506901248,22630263,0.20160,700.00000000,0
1506901248,22630261,0.20148,447.75145276,0
1506901215,22630252,0.20148,122.25146416,0
1506901205,22630247,0.20120,499.45248000,0
1506901205,22630245,0.20111,0.00000019,0
1506901141,22630231,0.20111,999.99999981,0
1506901141,22630230,0.20100,445.71390919,0
1506900812,22630048,0.19909,4554.46118559,1
1506900812,22630047,0.19910,2081.60566000,1
1506900812,22630045,0.19963,3115.72110000,1
1506900812,22630044,0.20000,100.00000000,1
1506900811,22630043,0.20021,1512.51391100,0
1506900808,22630041,0.20024,164.95170000,0
1506900805,22630040,0.20024,3030.00000000,0
1506900802,22630037,0.20024,2546.91010000,0
1506900793,22630029,0.20024,2192.33441800,0
1506900788,22630025,0.20025,216.00000000,0
1506900787,22630023,0.20024,1478.43484300,0
1506900784,22630021,0.20024,3017.00000000,0
1506900755,22629994,0.20079,1000.00000000,0
1506900739,22629988,0.20088,136.18969636,0
1506900700,22629956,0.20100,1951.72814268,0
1506900700,22629954,0.20100,3034.66522732,0
1506900700,22629951,0.20100,11075.87515268,1
1506900700,22629949,0.20100,3034.66522389,1
1506900698,22629946,0.20100,3020.77059702,1
1506900698,22629945,0.20100,2325.68902641,1
1506900658,22629885,0.20050,18946.99816288,1
1506900657,22629884,0.20008,575.00183712,0
1506900554,22629784,0.20008,1124.99806292,0
1506900554,22629783,0.20000,513.79228308,0
1506900550,22629767,0.20000,216.00000000,0
1506900519,22629740,0.20000,500.00000000,0
1506900504,22629697,0.20008,0.00009996,1
1506900502,22629694,0.20008,1699.99990004,1
1506900478,22629673,0.20010,1229.22450000,0
1506900477,22629670,0.20009,2260.81141000,0
1506900415,22629603,0.20002,218.00000000,0
1506900277,22629551,0.19918,329.00000000,1
1506900010,22629452,0.19917,441.18830000,1
1506899764,22629349,0.19989,1070.50187603,0
1506899763,22629348,0.19902,451.00000000,0
1506899760,22629346,0.19988,4804.35744199,1
1506899630,22629316,0.19988,6209.28422800,1
1506899514,22629295,0.19988,66699.76031300,1
1506899507,22629287,0.19988,5088.41068700,1
1506899489,22629277,0.19988,1148.75906500,1
1506899416,22629261,0.19988,22097.95029115,1
1506899416,22629260,0.19989,1472.75380000,1
1506899386,22629235,0.19988,5293.83539300,1
1506899335,22629219,0.19989,4493.15085000,1
1506899315,22629195,0.19988,9219.00000000,1
1506899161,22629123,0.19989,633.97661800,1
1506899144,22629115,0.20085,4476.42519293,0
1506899083,22629095,0.19988,39269.43059265,1
1506899083,22629094,0.19989,2042.53040000,1
1506898988,22629072,0.19988,49925.00000000,1
1506898688,22628906,0.19988,49924.08808000,1
1506898559,22628792,0.19988,2445.35861200,1
1506898554,22628782,0.19988,2482.25189900,1
1506898537,22628771,0.19988,1541.52782175,1
1506898523,22628762,0.19988,2480.95864200,1
1506898498,22628742,0.19988,4690.59863146,1
1506898488,22628736,0.19988,405.07635500,1
1506898488,22628735,0.19988,5370.54471700,1
1506898473,22628729,0.19988,2191.06047300,1
1506898467,22628716,0.19988,2192.98245600,1
1506898455,22628698,0.19988,2191.06047300,1
1506898454,22628696,0.19988,873.70556000,1
1506898440,22628688,0.19988,2191.06047300,1
1506898435,22628685,0.19988,2191.06047300,1
1506898434,22628684,0.19988,2166.09214700,1
1506898431,22628680,0.19988,8558.75297900,1
1506898422,22628673,0.19988,746.26865700,1
1506898391,22628645,0.19988,5561.91316800,1
1506898391,22628644,0.19989,252.67541400,1
1506898390,22628641,0.19989,5071.36321100,1
1506898389,22628638,0.19989,6240.60966500,1
1506898386,22628633,0.19989,5465.86425600,1
1506898385,22628632,0.19989,3756.64368400,1
1506898385,22628631,0.19990,1218.17170000,1
1506898379,22628619,0.19989,1242.02473000,1
1506898350,22628592,0.19988,91769.85037100,1
1506898350,22628591,0.19989,4106.60000000,1
1506898348,22628588,0.19989,8803.21939000,1
1506898189,22628501,0.19990,500.00000000,1
1506898186,22628497,0.19990,500.00000000,1
1506898182,22628493,0.19990,4173.71576536,1
1506898182,22628491,0.19990,270.00000000,1
1506898160,22628479,0.19991,1365.13120000,1
1506898152,22628468,0.19991,449.00000000,1
1506898142,22628445,0.19990,1242.69130000,0
1506898142,22628444,0.19990,423.84798938,0
1506898141,22628442,0.19989,294.31962000,1
1506898136,22628437,0.19987,270.00000000,0
1506898115,22628407,0.19859,100.29085904,1
1506898113,22628401,0.19858,274.22786552,1
1506898097,22628378,0.19897,499.52971724,0
1506898092,22628376,0.19897,499.52971724,0
1506898054,22628369,0.19982,55.00000000,0
1506898034,22628365,0.19869,800.00000000,1
1506897967,22628326,0.19990,6216.50201062,0
1506897965,22628318,0.20148,273.40172721,0
1506897965,22628317,0.20140,0.00000024,0
1506897965,22628316,0.20140,699.99999976,0
1506897965,22628315,0.20140,443.79183000,1
1506897964,22628314,0.20120,700.00000000,0
1506897964,22628311,0.20110,35.00000000,0
1506897964,22628309,0.20110,2218.95917000,1
1506897963,22628304,0.20100,700.00000000,0
1506897963,22628302,0.20030,55.00000000,0
1506897963,22628301,0.20010,35.00000000,0
1506897962,22628300,0.20000,1232.33530000,1
1506897962,22628299,0.20000,1000.00000000,0
1506897962,22628298,0.20000,729.50000000,0
1506897962,22628297,0.19990,25708.67000000,0
1506897962,22628296,0.19990,250.00000000,0
1506897962,22628295,0.19987,443.79183000,0
1506897961,22628294,0.19975,1000.00000000,0
1506897961,22628291,0.19974,2218.95917000,0
1506897959,22628287,0.19934,270.00000000,0
1506897900,22628267,0.19836,128.88750000,1
1506897740,22628130,0.19934,48.68894000,0
1506897739,22628129,0.19877,103.00000000,0
1506897467,22627963,0.19803,901.22149800,1
1506897380,22627904,0.19823,5714.13546600,1
1506897296,22627844,0.19805,325.60733834,0
1506897230,22627698,0.19805,9674.39266166,0
1506897230,22627697,0.19803,3523.71237000,0
1506897230,22627696,0.19802,704.74247000,0
1506897230,22627695,0.19730,5731.15249834,0
1506897214,22627662,0.19730,9953.48497200,0
1506897208,22627651,0.19730,2157.78000000,0
1506897203,22627624,0.19729,272.24807000,0
1506897203,22627620,0.19729,3914.34088000,0
1506897203,22627619,0.19727,15649.65912000,0
1506897189,22627594,0.19730,27697.36441966,1
1506897189,22627593,0.19730,4190.31611000,1
1506897189,22627592,0.19731,270.00000000,1
1506897107,22627547,0.19730,15451.68389000,1
1506897107,22627546,0.19756,61.41511000,1
1506896953,22627493,0.19756,103.00000000,0
1506896523,22627398,0.19700,2473.92260000,1
1506896521,22627397,0.19701,2459.07740000,1
1506895518,22627174,0.19805,135.67028528,0
1506895473,22627163,0.19800,2025.23970545,1
1506895473,22627162,0.19800,5035.59864900,1
1506895469,22627159,0.19800,2349.67361950,1
1506895467,22627155,0.19800,1258.52771000,1
1506895466,22627154,0.19800,2349.43687657,1
1506895463,22627149,0.19800,1204.49287189,1
1506895449,22627129,0.19746,4513.60401700,1
1506895449,22627128,0.19747,15589.99841000,1
1506895433,22627124,0.19777,270.66794761,0
1506895348,22627116,0.19746,788.53754900,1
1506895326,22627111,0.19746,2717.13800000,1
1506895309,22627107,0.19746,103.00000000,0
1506895200,22627026,0.19671,195.08374000,1
1506894660,22626894,0.19702,74.91625215,1
1506894627,22626879,0.19701,1804.97557700,1
1506894627,22626877,0.19701,1148.37280800,1
1506894626,22626876,0.19702,100.00000000,1
1506894603,22626871,0.19730,100.00000000,0
1506894596,22626869,0.19701,84.95000000,1
1506894553,22626829,0.19701,100.00000000,1
1506894551,22626828,0.19702,100.00000000,1
1506894523,22626816,0.19730,100.00000000,0
1506894127,22626668,0.19701,100.00000000,1
1506894000,22626554,0.19700,316.57881000,1
1506893978,22626552,0.19704,270.00000000,1
1506893827,22626481,0.19701,5025.08283000,0
1506893827,22626480,0.19699,15847.21288000,0
1506893549,22626412,0.19680,18821.78000000,1
1506893549,22626410,0.19681,9416.95163000,1
1506893548,22626408,0.19682,4332.50056000,1
1506893548,22626407,0.19682,100.00000000,1
1506893459,22626383,0.19749,121.37358854,0
1506893389,22626369,0.19768,4316.03369081,0
1506893389,22626368,0.19768,270.00000000,1
1506893387,22626367,0.19753,270.00000000,0
1506893232,22626318,0.19689,270.00000000,1
1506893231,22626316,0.19690,6932.66410000,1
1506892946,22626225,0.19730,253.42118601,0
1506892648,22626061,0.19692,411.12175900,0
1506892461,22625910,0.19683,3175.38067100,1
1506892461,22625909,0.19704,3316.56532900,1
1506892460,22625904,0.19704,6683.43467100,1
1506892460,22625902,0.19705,270.00000000,1
1506892223,22625697,0.19704,100.00000000,1
1506892223,22625694,0.19705,270.00000000,1
1506891965,22625529,0.19787,12527.03531096,0
1506891789,22625358,0.19757,4430.00187275,0
1506891787,22625357,0.19722,570.00000000,0
1506891600,22625189,0.19681,241.94415000,1
1506891574,22625172,0.19680,808.22000000,1
1506891573,22625171,0.19700,100.00000000,1
1506891499,22625157,0.19768,918.38390328,0
1506891248,22625055,0.19768,1055.88146050,0
1506891223,22625032,0.19774,919.04606938,0
1506891161,22625002,0.19789,1135.88840000,1
1506891161,22625001,0.19789,5525.43058200,1
1506891161,22625000,0.19789,7648.68814800,1
1506890924,22624642,0.19700,500.00000000,1
1506890924,22624641,0.19700,1000.00000000,1
1506890899,22624631,0.19754,260.85608322,1
1506890802,22624610,0.19754,496.49787385,1
1506890798,22624604,0.19754,258.94699800,1
1506890798,22624602,0.19754,7889.78927646,1
1506890798,22624601,0.19774,496.49800854,1
1506890782,22624592,0.19774,1016.30443800,1
1506890773,22624583,0.19774,8282.66599400,1
1506890764,22624575,0.19774,5035.78180100,1
1506890749,22624562,0.19774,1500.00000000,1
1506890743,22624558,0.19774,413.00000000,1
1506890741,22624556,0.19774,8906.09371500,1
1506890738,22624555,0.19774,43042.04879600,1
1506890734,22624554,0.19774,1075.69348500,1
1506890734,22624553,0.19775,1252.24030000,1
1506890722,22624545,0.19774,8613.97209500,1
1506890715,22624540,0.19774,2192.36001000,1
1506890707,22624533,0.19774,17489.94260846,1
1506890707,22624532,0.19775,1258.76950000,1
1506890707,22624531,0.19800,11252.06809754,1
1506890706,22624530,0.19800,24011.73300000,1
1506890697,22624523,0.19800,8436.60855700,1
1506890687,22624519,0.19800,1657.66111800,1
1506890677,22624502,0.19800,4436.40615000,1
1506890676,22624501,0.19800,8710.85501000,1
1506890646,22624496,0.19800,3029.39412100,1
1506890626,22624491,0.19800,904.48676982,1
1506890624,22624490,0.19800,411.21973000,1
1506890623,22624487,0.19800,6645.25671881,1
1506890618,22624482,0.19800,6638.02266118,1
1506890608,22624476,0.19800,4165.74289457,1
1506890596,22624460,0.19800,1412.01701000,1
1506890595,22624459,0.19801,8567.78299000,1
1506890587,22624455,0.19801,4055.81772000,1
1506890585,22624454,0.19800,1791.61086100,1
1506890573,22624449,0.19800,11670.42573400,1
1506890572,22624448,0.19800,104.99994950,1
1506890555,22624434,0.19798,45.00000000,0
1506890555,22624433,0.19798,4426.49161758,0
1506890555,22624432,0.19780,250.00000000,0
1506890525,22624421,0.19774,521.61152600,1
1506890516,22624418,0.19775,112.77000000,1
1506890491,22624408,0.19774,94.37772000,1
1506890487,22624401,0.19775,2973.60540900,1
1506890480,22624394,0.19774,75799.91289200,1
1506890477,22624393,0.19774,19154.82180000,1
1506890458,22624391,0.19786,262.05584757,0
1506890457,22624390,0.19774,55.00000000,1
1506890454,22624389,0.19775,100.88464000,1
1506890436,22624381,0.19774,75754.79800000,1
1506890404,22624346,0.19774,194.52062700,1
1506890395,22624343,0.19774,93599.11920000,1
1506890395,22624342,0.19776,100.00000000,1
1506890264,22624308,0.19774,17719.79342700,1
1506890256,22624306,0.19774,16205.44685700,1
1506890252,22624305,0.19774,2532.23700000,1
1506890238,22624300,0.19774,304.00000000,0
1506889948,22624231,0.19774,200.00000000,0
1506889201,22623834,0.19722,304.00000000,1
1506889200,22623833,0.19725,200.00000000,1
1506888963,22623708,0.19718,1019.70673600,1
1506887414,22623172,0.19796,447.04253384,1
1506887412,22623171,0.19744,57.00000000,0
1506886861,22622965,0.19798,17284.75462893,1
1506886861,22622964,0.19798,12121.62844700,1
1506886861,22622963,0.19798,2060.11165500,1
1506886861,22622962,0.19798,1233.68350000,1
1506886858,22622959,0.19798,270.00000000,0
1506886760,22622913,0.19916,25.04282989,0
1506886713,22622901,0.19705,1318.25759960,0
1506886618,22622874,0.19976,68163.61552426,0
1506886618,22622873,0.19975,20000.00000000,0
1506886617,22622872,0.19940,200.00000000,0
1506886617,22622871,0.19931,71.66769000,0
1506886617,22622870,0.19930,55.00000000,0
1506886617,22622869,0.19910,35.00000000,0
1506886617,22622868,0.19900,5.53587790,0
1506886617,22622867,0.19900,194.46412210,0
1506886617,22622866,0.19889,85.42742000,0
1506886617,22622865,0.19880,19547.00000000,0
1506886617,22622864,0.19877,5939.80992608,0
1506886616,22622863,0.19877,507.03143000,0
1506886616,22622862,0.19876,1092.96090000,0
1506886616,22622861,0.19739,1261.87700000,0
1506886616,22622860,0.19729,5464.80451000,0
1506886616,22622859,0.19727,15377.95768000,0
1506886370,22622752,0.19730,505.57840851,0
1506886002,22622646,0.19620,853.48750600,1
1506886001,22622645,0.19622,1762.41713000,1
1506886001,22622644,0.19680,1110.41071300,1
1506886001,22622643,0.19681,8805.41538000,1
1506885999,22622642,0.19682,1241.96730000,1
1506885978,22622637,0.19682,200.00000000,1
1506885945,22622631,0.19680,1528.05064400,1
1506885881,22622611,0.19680,13118.60173100,1
1506885881,22622610,0.19700,70.00000000,1
1506885881,22622609,0.19700,3241.91792000,1
1506885719,22622558,0.19704,50574.63616524,0
1506885717,22622557,0.19693,55.00000000,0
1506885641,22622531,0.19680,2074.55617700,1
1506885447,22622468,0.19680,1798.38073500,1
1506885447,22622467,0.19692,270.00000000,1
1506885391,22622443,0.19688,5031.86113400,1
1506885391,22622442,0.19688,4438.50483000,1
1506885391,22622441,0.19691,270.00000000,1
1506885391,22622440,0.19692,3848.43599000,1
1506885391,22622439,0.19693,1415.97710000,1
1506885224,22622371,0.19737,773.07601500,1
1506885216,22622364,0.19737,3583.23330400,1
1506885216,22622363,0.19737,1897.72309700,1
1506885211,22622353,0.19888,87175.94839747,0
1506885211,22622352,0.19888,296.14482307,1
1506885211,22622350,0.19888,101.40882206,1
1506885211,22622348,0.19888,12169.05864726,1
1506885210,22622341,0.19887,20000.00000000,1
1506885210,22622339,0.19887,18244.11824377,1
1506885210,22622335,0.19880,19549.00000000,0
1506885210,22622334,0.19880,100.00000000,1
1506885209,22622333,0.19877,10000.00000000,0
1506885209,22622332,0.19877,10000.00000000,1
1506885209,22622331,0.19830,55.00000000,0
1506885209,22622330,0.19770,784.72100865,0
1506885209,22622329,0.19762,583.79190000,0
1506885208,22622328,0.19737,1247.97950000,0
1506885208,22622327,0.19736,2918.95950000,0
1506885208,22622326,0.19733,10000.00000000,1
1506885208,22622325,0.19733,7347.74800000,1
1506885206,22622324,0.19687,270.00000000,0
1506884502,22622038,0.19797,6.64681007,1
1506884502,22622037,0.19709,1260.90320000,0
1506884500,22622036,0.19652,55.00000000,0
1506884244,22621961,0.19721,2000.00000000,1
1506883662,22621748,0.19720,1011.66957404,0
1506883597,22621722,0.19749,1500.00000000,0
1506883588,22621719,0.19699,1524.27041982,1
1506883547,22621705,0.19704,110.00000000,1
1506883547,22621704,0.19704,50.00000000,0
1506883546,22621703,0.19704,887.13836200,0
1506883546,22621702,0.19703,1612.86163800,0
1506883546,22621701,0.19703,6129.71551200,1
1506883545,22621700,0.19703,1612.86163800,1
1506883545,22621699,0.19704,2314.11310600,1
1506883544,22621698,0.19704,2591.44216400,1
1506883535,22621692,0.19702,554.41772300,1
1506883522,22621625,0.19700,2473.64093800,1
1506883492,22621606,0.19696,104.89500000,1
1506883200,22621523,0.19655,60.42662000,1
1506882978,22621458,0.19737,3769.35525430,0
1506882978,22621457,0.19737,1242.34140000,0
1506882609,22621365,0.19625,463.68045000,1
1506882584,22621360,0.19625,5368.00000000,1
1506882546,22621353,0.19659,49.57337606,0
1506882368,22621299,0.19626,221.73683100,1
1506881984,22621164,0.19592,4288.38158800,1
1506881984,22621163,0.19607,270.00000000,1
1506881152,22620942,0.19614,50.00000000,1
1506881037,22620900,0.19696,14933.87160140,0
1506881000,22620893,0.19597,1242.45832115,0
1506880976,22620886,0.19595,77.15724000,0
1506880891,22620855,0.19595,32.84276000,0
1506880718,22620788,0.19597,12686.94187885,0
1506880533,22620759,0.19597,270.00000000,1
1506880533,22620758,0.19597,1615.60980000,1
1506880217,22620682,0.19593,1591.24510000,1
1506880217,22620681,0.19594,270.00000000,1
1506880139,22620626,0.19590,694.60985900,1
1506880139,22620625,0.19593,270.00000000,1
1506879950,22620395,0.19590,1811.84547400,1
1506879950,22620393,0.19590,13586.68168900,1
1506879950,22620391,0.19591,2774.04461500,1
1506879949,22620384,0.19591,277.81219500,1
1506879949,22620383,0.19598,1260.08390000,1
1506879949,22620382,0.19607,43.10000000,1
1506879949,22620381,0.19610,270.00000000,1
1506879671,22619965,0.19672,1954.71326700,1
1506879670,22619964,0.19672,4401.28673300,1
1506879669,22619963,0.19673,6356.00000000,1
1506879667,22619960,0.19635,44.00000000,0
1506879258,22619807,0.19666,6482.96623614,0
1506879052,22619733,0.19641,329.47808985,1
1506879052,22619732,0.19644,930.15491015,1
1506879041,22619729,0.19644,1569.84508985,1
1506879041,22619728,0.19644,3157.14252815,1
1506879041,22619727,0.19645,1719.20233000,1
1506879001,22619696,0.19645,217.84232300,1
1506878754,22619627,0.19644,1015.44173100,1
1506878752,22619608,0.19644,5000.00000000,1
1506878700,22619598,0.19644,12110.61662400,1
1506878686,22619591,0.19644,85.25207500,1
1506878671,22619584,0.19644,1372.04531000,1
1506878670,22619583,0.19644,898.03284000,1
1506878662,22619579,0.19645,1250.40065700,1
1506878652,22619574,0.19645,916.20174000,1
1506878624,22619566,0.19645,3185.76542000,1
1506878611,22619556,0.19644,1625.95094300,1
1506878611,22619555,0.19644,1103.37289000,1
1506878610,22619554,0.19645,1370.26960700,1
1506878608,22619553,0.19645,2023.81700000,1
1506878608,22619552,0.19646,1610.77556000,1
1506878607,22619551,0.19646,2023.81700000,1
1506878597,22619549,0.19649,1107.95943100,1
1506878596,22619548,0.19649,154.92456900,1
1506878565,22619532,0.19645,4758.00300000,1
1506878564,22619531,0.19644,1350.00000000,0
1506878438,22619506,0.19649,2421.95740241,0
1506878438,22619505,0.19582,270.00000000,0
1506878437,22619504,0.19552,44.00000000,0
1506878400,22619500,0.19515,44.00000000,1
1506877156,22619136,0.19534,395.47759000,0
1506877154,22619135,0.19629,119.52241000,1
1506877144,22619128,0.19629,270.00000000,1
1506877142,22619125,0.19629,270.00000000,0
1506877012,22619096,0.19572,2466.00000000,1
1506877012,22619095,0.19573,270.00000000,1
1506876881,22619063,0.19578,4744.78597800,1
1506876881,22619062,0.19580,270.00000000,1
1506876823,22619028,0.19578,1479.24402200,1
1506876823,22619027,0.19579,270.00000000,1
1506876812,22619006,0.19578,4714.86915300,1
1506876808,22619004,0.19578,3761.10084700,1
1506876808,22619003,0.19581,270.00000000,1
1506876517,22618909,0.19651,270.00000000,1
1506876285,22618844,0.19624,346.00000000,0
1506875717,22618634,0.19665,1018.04983473,0
1506875388,22618540,0.19665,1015.77332000,0
1506875368,22618538,0.19665,253.62476481,0
1506875352,22618535,0.19665,2236.30713306,1
1506875352,22618534,0.19666,1254.15070000,1
1506875302,22618492,0.19665,3023.69286694,0
1506875185,22618459,0.19635,346.00000000,0
1506874699,22618339,0.19604,270.00000000,1
1506874699,22618338,0.19604,3643.00745000,1
1506874678,22618329,0.19603,270.00000000,1
1506874231,22618182,0.19668,4124.65370144,1
1506874231,22618181,0.19666,220.00000000,0
1506874229,22618180,0.19665,1031.55102975,0
1506874206,22618178,0.19666,50.00000000,0
1506873895,22618060,0.19600,2130.00000000,1
1506873895,22618059,0.19600,100.00000000,1
1506873895,22618058,0.19602,100.00000000,1
1506873895,22618057,0.19603,270.00000000,1
1506873846,22618041,0.19603,2500.00000000,1
1506873846,22618039,0.19605,100.00000000,1
1506873846,22618038,0.19607,100.00000000,1
1506873846,22618036,0.19637,100.00000000,1
1506873845,22618035,0.19639,100.00000000,1
1506873830,22618032,0.19673,400.00000000,0
1506873616,22617977,0.19703,154.00000000,0
1506873616,22617976,0.19655,346.00000000,0
1506872520,22617709,0.19733,541.95981351,0
1506872518,22617708,0.19662,83.00000000,0
1506872315,22617682,0.19580,1005.60000000,0
1506872199,22617641,0.19758,52.00075919,0
1506872045,22617599,0.19690,1005.60000000,1
1506872045,22617598,0.19692,1328.42110000,1
1506872045,22617597,0.19692,270.00000000,1
1506871593,22617471,0.19760,731.97570850,0
1506871318,22617377,0.19601,50.00000000,1
1506871288,22617365,0.19592,2563.11872963,1
1506871270,22617359,0.19804,3910.40153881,0
1506871270,22617358,0.19802,15642.36586000,0
1506871251,22617353,0.19807,126.07251436,1
1506871251,22617352,0.19771,950.97036164,0
1506871249,22617351,0.19753,83.00000000,0
1506871187,22617309,0.19734,1199.63167400,1
1506871187,22617308,0.19734,2685.64080000,1
1506871170,22617302,0.19733,28497.50964000,1
1506871170,22617301,0.19735,2967.58741000,1
1506871170,22617300,0.19736,10079.85502000,1
1506871008,22617247,0.19734,456.83450000,1
1506870990,22617240,0.19771,55.64963836,0
1506870735,22617165,0.19733,14961.10000000,1
1506870722,22617151,0.19733,9821.58896900,1
1506870709,22617139,0.19733,5509.85349000,1
1506870709,22617138,0.19734,4083.14651000,1
1506870703,22617135,0.19734,610.00000000,1
1506870676,22617111,0.19734,4137.00000000,1
1506870669,22617106,0.19733,1241.42000000,1
1506870668,22617105,0.19733,12193.70401000,1
1506870667,22617102,0.19733,1118.55400107,1
1506870667,22617100,0.19733,47509.91950400,1
1506870644,22617080,0.19733,4000.00000000,1
1506870642,22617073,0.19734,1097.52915200,1
1506870635,22617062,0.19733,1254.73460000,1
1506870634,22617061,0.19733,1254.73460000,1
1506870633,22617057,0.19733,65135.55901300,1
1506870630,22617050,0.19733,2406.96983709,1
1506870622,22617045,0.19733,21422.27013900,1
1506870619,22617044,0.19733,13420.90686000,1
1506870619,22617043,0.19733,4008.22829103,0
1506870619,22617042,0.19731,20950.98000000,0
1506870542,22617000,0.19709,1957.35710306,1
1506870540,22616995,0.19709,1957.35710306,1
1506870537,22616989,0.19709,118.00000000,1
1506870526,22616968,0.19708,300.00000000,1
1506870515,22616957,0.19708,188.67061200,1
1506870513,22616956,0.19708,1502.71045700,1
1506870470,22616944,0.19709,2150.00000000,1
1506870465,22616933,0.19709,1957.35711033,1
1506870463,22616930,0.19709,409.79325900,1
1506870461,22616927,0.19709,325.37952142,1
1506870455,22616926,0.19708,1235.62310000,1
1506870444,22616921,0.19708,18159.50894800,1
1506870443,22616920,0.19708,270.00000000,1
1506870442,22616918,0.19708,3812.68653000,1
1506870442,22616917,0.19662,270.00000000,0
1506870022,22616738,0.19646,21.00000000,0
1506870021,22616737,0.19646,83.00000000,0
1506870021,22616736,0.19646,83.00000000,0
1506870021,22616735,0.19649,83.00000000,1
1506870020,22616734,0.19647,83.00000000,0
1506868980,22616410,0.19682,2375.47713646,0
1506868978,22616408,0.19630,159.00000000,0
1506868116,22616127,0.19572,2679.56427015,0
1506868074,22616095,0.19525,530.67294000,1
1506868074,22616093,0.19568,2263.29500000,1
1506868071,22616091,0.19569,2287.81565231,1
1506868070,22616089,0.19592,60.00000000,0
1506868069,22616085,0.19592,60.00000000,1
1506867997,22616040,0.19551,1412.32933000,0
1506867997,22616038,0.19551,4189.50000000,1
1506867996,22616037,0.19588,270.00000000,1
1506867994,22616027,0.19591,1858.95567481,1
1506867838,22615956,0.19571,1006.62332000,1
1506867838,22615955,0.19586,60.43800000,1
1506867838,22615954,0.19588,14500.00000000,1
1506867838,22615953,0.19589,5270.76326000,1
1506867838,22615952,0.19589,2500.00000000,1
1506867830,22615943,0.19590,2393.91845027,1
1506867825,22615942,0.19594,270.00000000,1
1506867825,22615941,0.19594,1613.40700000,1
1506867824,22615940,0.19660,7595.86814007,1
1506867823,22615937,0.19660,255.73267974,1
1506867822,22615933,0.19660,2504.37218730,1
1506867821,22615931,0.19660,255.73267974,1
1506867817,22615920,0.19660,2520.34141041,1
1506867816,22615918,0.19660,255.73267974,1
1506867815,22615913,0.19660,102.55459181,1
1506867814,22615911,0.19660,12306.55101708,1
1506867812,22615901,0.19660,2420.10647575,1
1506867810,22615896,0.19640,159.00000000,0
1506867506,22615633,0.19660,831.39226857,0
1506867372,22615604,0.19730,616.29350000,0
1506867372,22615603,0.19730,1633.40050000,0
1506867315,22615594,0.19788,1260.24130786,0
1506867166,22615496,0.19647,5.53587790,1
1506867153,22615475,0.19647,194.46412210,1
1506867084,22615394,0.19671,3926.64516000,1
1506867084,22615393,0.19671,1006.00000000,0
1506867025,22615356,0.19648,350.30501832,0
1506866820,22615268,0.19582,89.56200000,0
1506866777,22615261,0.19586,69.43800000,0
1506866400,22615063,0.19529,198.48247000,1
1506866390,22615059,0.19628,1959.85053138,1
1506866388,22615057,0.19623,270.00000000,0
1506865511,22614671,0.19565,165.51752803,0
1506865420,22614638,0.19557,4772.00000000,1
1506865158,22614527,0.19580,1521.66234890,1
1506865156,22614525,0.19580,1208.33761167,1
1506865156,22614523,0.19580,7000.00003943,0
1506865156,22614522,0.19579,270.00000000,0
1506865092,22614502,0.19576,250.00000000,0
1506864782,22614326,0.19511,801.90056800,1
1506864631,22614241,0.19510,10561.04360633,1
1506864572,22614204,0.19510,1000.00000000,1
1506864542,22614197,0.19506,558.32000000,1
1506864507,22614167,0.19502,206.27026196,1
1506864506,22614166,0.19506,528.72973804,0
1506864505,22614165,0.19506,270.00000000,1
1506864492,22614159,0.19569,3788.51612366,1
1506864491,22614157,0.19569,1270.55690000,0
1506864481,22614149,0.19502,256.30860500,1
1506864480,22614148,0.19505,250.00000000,1
1506864480,22614147,0.19540,200.00000000,1
1506864480,22614146,0.19551,1034.79139500,1
1506864478,22614144,0.19561,758.90000000,1
1506864337,22614083,0.19576,642.00000000,1
1506864291,22614039,0.19576,364.00000000,0
1506864000,22613915,0.19599,508.95770192,0
1506863756,22613793,0.19551,1091.03771500,1
1506863755,22613792,0.19552,1647.45360000,1
1506863715,22613769,0.19551,1769.78570000,1
1506863710,22613768,0.19551,1104.38519000,1
1506863708,22613767,0.19552,1769.78570000,1
1506863705,22613764,0.19560,50000.00000000,1
1506863704,22613763,0.19561,3239.81570000,1
1506863704,22613762,0.19566,270.00000000,1
1506863662,22613718,0.19562,844.35557200,1
1506863662,22613715,0.19563,270.00000000,1
1506863573,22613658,0.19552,8971.57630487,1
1506863540,22613586,0.19593,402.75554781,0
1506863539,22613583,0.19594,658.94998000,0
1506863537,22613576,0.19594,363.81809095,1
1506863492,22613553,0.19621,467.71606952,0
1506863234,22613367,0.19659,2041.85371300,1
1506863205,22613346,0.19659,36666.43286600,1
1506863205,22613345,0.19660,2499.61066700,1
1506863197,22613337,0.19660,774.12731300,1
1506863197,22613336,0.19660,1267.72640000,1
1506863132,22613291,0.19660,1800.24079700,1
1506863121,22613281,0.19659,1521.71342100,1
1506863117,22613279,0.19659,270.00000000,0
1506862982,22613213,0.19652,663.90834800,0
1506862886,22613175,0.19594,363.81809095,0
1506862707,22613057,0.19828,5459.83674601,0
1506862707,22613056,0.19817,1721.00000000,0
1506862707,22613055,0.19817,875.05677000,1
1506862707,22613054,0.19680,1267.29830000,0
1506862706,22613053,0.19680,4375.28385000,1
1506862706,22613050,0.19679,875.05677000,0
1506862706,22613049,0.19659,4375.28385000,0
1506862704,22613043,0.19652,270.00000000,0
1506862539,22612938,0.19500,7533.13706075,1
1506862539,22612937,0.19500,1000.00000000,1
1506862539,22612936,0.19500,10000.00000000,1
1506862539,22612935,0.19500,700.00000000,1
1506862539,22612934,0.19500,300.00000000,1
1506862539,22612933,0.19501,20000.00000000,1
1506862539,22612932,0.19502,500.00000000,1
1506862539,22612931,0.19510,14453.00000000,1
1506862538,22612930,0.19510,35.00000000,1
1506862538,22612929,0.19535,755.80000000,1
1506862538,22612928,0.19550,1952.63216982,1
1506862538,22612927,0.19555,2500.00000000,1
1506862538,22612926,0.19556,540.95544000,1
1506862538,22612925,0.19556,2704.79161000,1
1506862538,22612924,0.19562,2625.68400000,1
1506862538,22612923,0.19600,31898.99971943,1
1506862537,22612922,0.19615,2500.00000000,1
1506862222,22612604,0.19600,0.00000048,0
1506862147,22612566,0.19600,2110.21299100,0
1506862141,22612563,0.19555,4235.74839952,1
1506862068,22612514,0.19537,671.47531168,0
1506862063,22612501,0.19537,1548.52156400,0
1506862062,22612496,0.19538,270.00000000,1
1506861972,22612428,0.19600,2936.48915338,0
1506861970,22612425,0.19600,2936.48915338,0
1506861966,22612422,0.19600,6441.64417791,0
1506861966,22612420,0.19599,270.00000000,0
1506861961,22612413,0.19600,6704.45389550,0
1506861959,22612411,0.19600,6427.11062835,0
1506861959,22612409,0.19587,270.00000000,0
1506861815,22612348,0.19522,2248.70016512,1
1506861815,22612346,0.19530,55.00000000,1
1506861814,22612345,0.19531,60.07813629,1
1506861814,22612344,0.19532,60.00000000,1
1506861692,22612218,0.19531,3835.60186371,1
1506861692,22612214,0.19532,60.00000000,1
1506861636,22612193,0.19531,3104.32000000,1
1506861634,22612192,0.19535,60.00000000,1
1506861446,22612147,0.19532,3315.91860000,1
1506861446,22612146,0.19532,60.00000000,1
1506861375,22612125,0.19599,203.58303995,0
1506861325,22612094,0.19532,300.00000000,1
1506861067,22611783,0.19550,1723.91540000,1
1506861021,22611703,0.19550,8200.00000000,1
1506861012,22611692,0.19550,76.08460000,1
1506860965,22611608,0.19600,20000.00000000,0
1506860837,22611416,0.19635,10000.00000000,0
1506860734,22611243,0.19533,300.00000000,1
1506860451,22610878,0.19560,226.08000000,0
1506860439,22610862,0.19560,48.00000000,1
1506860330,22610557,0.19560,401.79307900,1
1506860328,22610544,0.19562,1227.18026800,1
1506860326,22610535,0.19560,13036.49154100,1
1506860326,22610532,0.19560,600.00000000,1
1506860326,22610529,0.19561,3904.77893300,1
1506860325,22610528,0.19561,2331.00000000,1
1506860325,22610525,0.19561,1000.00000000,1
1506860308,22610396,0.19562,2321.02441700,1
1506860308,22610394,0.19600,1352.00000000,1
1506860308,22610392,0.19601,1497.89880000,1
1506860208,22610244,0.19602,1897.68400000,1
1506860208,22610243,0.19602,60.00000000,1
1506859909,22610047,0.19600,900.26445870,0
1506859909,22610046,0.19600,2559.64708800,0
1506859909,22610043,0.19600,7064.55850900,0
1506859908,22610040,0.19600,854.00356200,0
1506859907,22610031,0.19600,602.50604289,0
1506859903,22610016,0.19600,3349.83763220,0
1506859903,22610015,0.19600,2463.84988291,0
1506859901,22610002,0.19600,3349.83763220,0
1506859897,22609980,0.19600,1999.00049975,0
1506859897,22609979,0.19600,10899.25985479,0
1506859896,22609977,0.19600,1968.66295674,0
1506859894,22609970,0.19600,1289.14508181,0
1506859893,22609966,0.19600,1288.82231338,0
1506859892,22609963,0.19600,6536.26037709,0
1506859891,22609960,0.19600,2406.76135291,0
1506859891,22609958,0.19600,26.00000000,1
1506859891,22609956,0.19610,35.00000000,1
1506859890,22609954,0.19625,756.06205563,1
1506859890,22609952,0.19627,1590.52070000,1
1506859890,22609950,0.19627,60.00000000,1
1506859797,22609757,0.19625,4243.93794437,1
1506859797,22609756,0.19630,55.00000000,1
1506859797,22609755,0.19639,1770.07469563,1
1506859796,22609753,0.19650,618.00000000,1
1506859796,22609750,0.19652,71.66769000,1
1506859796,22609748,0.19655,1113.89613000,1
1506859795,22609747,0.19686,5562.90754000,1
1506859795,22609746,0.19689,1470.91600000,1
1506859795,22609745,0.19700,38.60000000,1
1506859794,22609744,0.19730,55.00000000,1
1506859545,22609651,0.19760,27044.89089000,1
1506859545,22609650,0.19760,17644.00000000,1
1506859545,22609649,0.19768,7588.00000000,1
1506859545,22609648,0.19779,48.92421255,1
1506859545,22609647,0.19791,482.78997478,1
1506859500,22609631,0.19849,100.50944632,0
1506859277,22609543,0.19939,8914.97116204,0
1506858687,22609172,0.19850,1834.00000000,1
1506858164,22609041,0.19850,1481.00000000,1
1506857866,22608977,0.19820,3784.20080610,0
1506857865,22608976,0.19820,1230.91850000,1
1506857855,22608975,0.19938,2220.00000000,0
1506856886,22608690,0.19876,685.89658682,1
1506856886,22608689,0.19877,270.00000000,1
1506856786,22608662,0.19876,209.04664179,1
1506856785,22608660,0.19877,343.21644876,1
1506856725,22608648,0.19877,893.97725000,1
1506856719,22608641,0.19877,1237.19369876,0
1506856653,22608620,0.19876,1034.21611000,1
1506856585,22608595,0.19876,1237.19369876,0
1506856564,22608588,0.19876,967.19373961,1
1506856227,22608512,0.19876,270.00000000,1
1506856220,22608508,0.19877,861.12373115,0
1506856220,22608506,0.19876,1235.68750000,0
1506853773,22607942,0.19872,155.60934984,0
1506853064,22607734,0.19790,511.82863500,1
1506853048,22607724,0.19810,1000.00000000,1
1506853047,22607723,0.19814,200.95575734,1
1506853047,22607722,0.19815,273.20327356,1
1506853047,22607721,0.19820,1000.00000000,1
1506853047,22607720,0.19825,222.00000000,1
1506853022,22607711,0.19825,778.00000000,1
1506853022,22607710,0.19830,1000.00000000,1
1506853022,22607709,0.19831,556.00000000,1
1506853002,22607700,0.19831,222.00000000,1
1506852986,22607693,0.19831,222.00000000,1
1506852862,22607647,0.19832,1027.71140000,1
1506852862,22607646,0.19832,60.00000000,1
1506852839,22607621,0.19832,1226.35930000,1
1506852790,22607607,0.19835,1000.00000000,1
1506852790,22607606,0.19838,648.53003000,1
1506852755,22607579,0.19838,351.46997000,1
1506852755,22607578,0.19840,648.53003000,1
1506852734,22607563,0.19840,821.46997000,1
1506852734,22607562,0.19840,1000.00000000,1
1506852733,22607561,0.19840,1000.00000000,1
1506852733,22607560,0.19843,580.18555300,1
1506852357,22607466,0.19849,2000.00000000,0
1506852340,22607461,0.19843,419.81444700,1
1506852340,22607460,0.19845,333.00000000,1
1506852340,22607459,0.19852,270.00000000,1
1506852245,22607437,0.19846,221.74713700,1
1506852105,22607344,0.19845,222.00000000,1
1506852095,22607342,0.19845,222.00000000,1
1506852093,22607341,0.19845,223.00000000,1
1506852010,22607311,0.19845,1000.00000000,1
1506851997,22607303,0.19855,1000.00000000,1
1506851996,22607302,0.19870,1000.00000000,1
1506851970,22607295,0.19850,1000.00000000,1
1506851970,22607294,0.19869,302.17257700,1
1506851342,22607119,0.19865,67.00000000,0
1506849953,22606803,0.19956,339.20000000,0
1506849932,22606798,0.19856,412.62449638,0
1506849907,22606791,0.19856,87.37550362,0
1506849907,22606790,0.19838,67.00000000,0
1506848856,22606472,0.19813,67.00000000,0
1506848400,22606365,0.19784,68.00000000,1
1506848067,22606265,0.19796,1261.44760000,1
1506848067,22606264,0.19796,1435.00000000,1
1506847049,22605678,0.19913,585.50000000,0
1506846993,22605657,0.19943,455.16251316,0
1506846980,22605650,0.19869,287.14897596,0
1506846980,22605649,0.19865,270.00000000,0
1506846686,22605558,0.19907,15000.00000000,0
1506846623,22605550,0.19900,270.00000000,1
1506846622,22605549,0.19900,235.53212690,0
1506846566,22605531,0.19880,3518.31804500,1
1506846566,22605530,0.19881,13596.70824000,1
1506846523,22605502,0.19837,68.00000000,0
1506845723,22605029,0.19900,1500.00000000,1
1506845227,22604859,0.19965,2498.13729026,0
1506845133,22604823,0.19961,7973.71205630,1
1506845133,22604822,0.19963,6859.35502000,1
1506845063,22604772,0.19961,405.96471800,1
1506845026,22604727,0.19961,665.00000000,1
1506845018,22604714,0.19962,152.93295388,1
1506844985,22604660,0.19961,249.81415300,1
1506844884,22604561,0.19962,4302.61501200,1
1506844881,22604559,0.19941,68.00000000,0
1506844818,22604549,0.19990,3452.09500810,1
1506844818,22604548,0.19990,1542.92120000,0
1506844523,22604501,0.19902,1081.61008700,1
1506844522,22604500,0.19902,60.00000000,1
1506843668,22604285,0.19850,1760.08173476,0
1506842616,22604066,0.19843,0.00004700,0
1506842610,22604054,0.19843,3108.70480000,0
1506842516,22603999,0.19826,1250.86820000,1
1506842392,22603952,0.19843,5520.32055300,0
1506842313,22603939,0.19843,60.00000000,0
1506842311,22603938,0.19843,60.00000000,1
1506842311,22603937,0.19843,1250.97460000,1
1506842159,22603889,0.19947,1280.55055898,0
1506841902,22603858,0.19922,210.29645618,0
1506841639,22603806,0.19824,0.00000016,0
1506841639,22603805,0.19824,2954.57690000,0
1506841634,22603803,0.19824,4325.97000000,0
1506841632,22603802,0.19824,10000.00000000,0
1506841632,22603801,0.19824,1545.07890100,0
1506841629,22603800,0.19824,5765.73458000,0
1506841629,22603799,0.19823,4234.26542000,0
1506841562,22603779,0.19823,502.89912549,0
1506841560,22603778,0.19823,3795.01051280,1
1506841559,22603775,0.19824,6556.09443058,0
1506841557,22603772,0.19824,6546.91822773,0
1506841553,22603765,0.19823,1.89847860,0
1506841550,22603759,0.19823,3796.90899140,0
1506841545,22603754,0.19824,2035.62696053,0
1506841541,22603753,0.19829,270.00000000,1
1506841309,22603713,0.19912,574.20579735,1
1506841113,22603685,0.19934,2000.00000000,1
1506840372,22603561,0.19934,2871.17487709,0
1506840371,22603560,0.19920,100.00000000,0
1506840119,22603533,0.19920,2900.00000000,0
1506840118,22603532,0.19916,100.00000000,0
1506840044,22603519,0.19912,254.00000000,1
1506839908,22603494,0.19912,4006.44571900,1
1506839728,22603481,0.19912,270.00000000,0
1506839728,22603480,0.19912,1247.37130000,0
1506839158,22603363,0.19920,999.99994083,0
1506839157,22603359,0.19920,999.50024987,0
1506839061,22603339,0.19900,97.00000000,1
1506838557,22603265,0.19978,42.43856049,0
1506838024,22603122,0.19857,339.25932000,1
1506838023,22603121,0.19858,270.00000000,1
1506837939,22603109,0.19960,722.48660000,0
1506837939,22603108,0.19960,1277.51340000,0
1506837693,22603061,0.19911,100.00000000,0
1506837448,22603030,0.19876,253.19068223,0
1506836573,22602896,0.19820,1243.52240000,1
1506836573,22602895,0.19829,270.00000000,1
1506835346,22602616,0.19798,967.09536316,0
1506835344,22602615,0.19797,1552.19260000,0
1506835015,22602582,0.19678,889.68366115,1
1506834990,22602579,0.19910,15597.67960823,0
1506834990,22602578,0.19850,26463.42850051,0
1506834990,22602577,0.19849,20000.00000000,0
1506834990,22602576,0.19849,10000.00000000,1
1506834989,22602575,0.19846,385.62112000,0
1506834989,22602574,0.19797,10000.00000000,0
1506834988,22602573,0.19796,1235.26840000,1
1506834987,22602572,0.19796,1928.10559000,0
1506834987,22602571,0.19796,1221.52984000,0
1506834724,22602546,0.19675,629.38947900,1
1506834724,22602545,0.19677,1426.00410000,1
1506834614,22602522,0.19737,574.29841500,1
1506834351,22602469,0.19800,500.00000000,1
1506834322,22602446,0.19840,3325.00000000,1
1506832943,22602321,0.19800,180.00000000,0
1506832358,22602266,0.19818,179.58058330,1
1506830779,22602032,0.19886,1921.84319451,0
1506830779,22602031,0.19885,15477.25104000,0
1506830779,22602030,0.19819,0.52800000,0
1506830704,22602025,0.19797,180.00000000,0
1506830133,22601934,0.19850,753.80000000,1
1506829818,22601911,0.19822,2307.01965000,0
1506829818,22601910,0.19820,1241.07210000,0
1506829214,22601850,0.19691,144.00000000,0
1506829135,22601831,0.19747,3376.12632000,0
1506829123,22601826,0.19748,3376.12632000,0
1506829123,22601825,0.19748,1252.75380000,0
1506828944,22601807,0.19813,84.09704042,0
1506828836,22601770,0.19723,4011.23919000,0
1506828608,22601730,0.19678,1242.39270000,1
1506828608,22601729,0.19696,99.99999993,1
1506828607,22601724,0.19696,0.00000007,1
1506828606,22601722,0.19700,4300.00000000,1
1506828606,22601721,0.19700,482.43786693,1
1506828538,22601683,0.19700,517.56213307,1
1506828538,22601682,0.19700,17277.86580193,1
1506828536,22601681,0.19701,1248.89620000,1
1506828508,22601673,0.19713,4000.00000000,1
1506828508,22601672,0.19750,51340.36168869,1
1506828500,22601669,0.19789,1236.90800000,1
1506828500,22601668,0.19800,9137.06103900,1
1506828449,22601659,0.19800,1236.90800000,1
1506828447,22601653,0.19800,855.32709200,1
1506828446,22601650,0.19800,8770.70386900,1
1506828445,22601649,0.19801,8662.11603000,1
1506828445,22601648,0.19802,942.64470000,1
1506828444,22601646,0.19802,300.00000000,1
1506828002,22601587,0.19860,144.00000000,0
1506827243,22601467,0.20000,25931.49945000,0
1506827243,22601466,0.19967,835.45001000,0
1506827243,22601465,0.19967,4177.25004000,0
1506827242,22601464,0.19876,1225.72460000,0
1506827242,22601463,0.19870,2335.78314956,0
1506827242,22601462,0.19868,5000.00000000,0
1506827240,22601461,0.19855,270.00000000,0
1506826969,22601383,0.19868,8640.73932841,0
1506826969,22601382,0.19829,1246.04080000,0
1506826968,22601381,0.19792,144.00000000,0
1506826805,22601310,0.19750,1422.29760025,1
1506826805,22601309,0.19751,270.00000000,1
1506826800,22601306,0.19750,62.91800000,1
1506826783,22601304,0.19750,5263.16222047,1
1506826748,22601275,0.19750,7113.42037900,1
1506826662,22601196,0.19750,1701.65305100,1
1506826563,22601170,0.19750,4255.79166319,1
1506826212,22601055,0.19792,63.08200000,0
1506825903,22601023,0.19750,13718.79278838,1
1506825901,22601022,0.19751,3310.43975000,1
1506825901,22601021,0.19751,1238.18470000,1
1506825606,22600992,0.19810,1000.00000000,1
1506824987,22600829,0.19846,502.62329941,0
1506824744,22600803,0.19846,31160.96627411,1
1506824734,22600801,0.19846,2016.94500000,1
1506824732,22600800,0.19846,10673.46813000,1
1506824732,22600799,0.19847,15540.03066000,1
1506824711,22600793,0.19846,10166.77477000,1
1506824711,22600792,0.19847,3366.13348000,1
1506824690,22600789,0.19852,3718.75875000,1
1506824637,22600779,0.19846,126.00000000,0
1506824156,22600562,0.19870,1841.12150080,0
1506824151,22600557,0.19870,1841.12578743,0
1506824148,22600555,0.19870,2417.13900000,0
1506824145,22600554,0.19870,4088.04697667,0
1506824139,22600550,0.19870,4084.29911739,0
1506824133,22600546,0.19870,1763.49719750,0
1506824127,22600542,0.19869,856.17953562,0
1506824123,22600539,0.19869,0.22187438,1
1506824122,22600538,0.19869,856.40141000,0
1506823950,22600506,0.19870,5360.84549572,0
1506823681,22600425,0.19870,864.61033400,0
1506823561,22600408,0.19870,2511.33361852,0
1506823333,22600390,0.19870,830.00000000,0
1506823262,22600374,0.19870,258.32432400,0
1506823262,22600373,0.19850,66.00000000,0
1506823217,22600365,0.19907,60.00000000,0
1506822923,22600314,0.19870,896.69421083,0
1506822880,22600304,0.19870,8745.18100000,0
1506822842,22600301,0.19870,4214.50884600,0
1506822799,22600296,0.19870,461.85490689,0
1506822450,22600225,0.19870,2358.65186854,0
1506822401,22600214,0.19861,112.00060763,1
1506822256,22600184,0.19870,2510.17795800,0
1506822196,22600152,0.19870,1095.67648900,0
1506822163,22600147,0.19870,996.02043600,0
1506822116,22600106,0.19870,529.31776700,0
1506822028,22600089,0.19842,543.00000000,0
1506822000,22600086,0.19813,445.87299000,1
1506820862,22599921,0.19876,97.12700550,0
1506820093,22599620,0.19961,536.09769000,0
1506820093,22599619,0.19959,887.84451000,0
1506820093,22599618,0.19956,1306.05780000,0
1506820092,22599617,0.19956,10000.00000000,0
1506820092,22599616,0.19956,270.00000000,0
1506820011,22599527,0.19984,8758.50490000,0
1506820011,22599526,0.19983,1241.49510000,0
1506819963,22599496,0.19867,100.00000000,1
1506819958,22599490,0.19996,9730.00000000,0
1506819958,22599489,0.19994,270.00000000,0
1506819792,22599438,0.20000,1191.29375000,0
1506819792,22599437,0.19999,15429.88707000,0
1506819791,22599436,0.19985,1547.28973000,0
1506819791,22599435,0.19983,1252.07150000,0
1506819791,22599434,0.19983,309.45795000,0
1506819791,22599433,0.19982,270.00000000,0
1506819704,22599421,0.19774,732.70239000,1
1506819704,22599420,0.19775,716.14491000,1
1506819704,22599419,0.19775,3589.30793000,1
1506819704,22599418,0.19776,15430.06635000,1
1506819695,22599412,0.20000,20443.45678866,1
1506819693,22599409,0.20000,1169.17492134,1
1506819692,22599407,0.19972,1330.23766000,0
1506819692,22599406,0.19904,1248.08310000,0
1506819692,22599405,0.19903,266.04753000,0
1506819692,22599404,0.19837,543.00000000,0
1506819658,22599397,0.19930,2853.80349700,1
1506819657,22599396,0.19930,1153.22732700,1
1506819525,22599317,0.20050,587.69032000,0
1506819525,22599316,0.20049,1580.48038000,0
1506819524,22599315,0.20044,1223.23080000,0
1506819524,22599314,0.20010,35.00000000,0
1506819522,22599313,0.20000,490.08850000,0
1506819513,22599307,0.20000,509.91150000,1
1506819400,22599299,0.20000,8000.00000000,1
1506819381,22599293,0.20000,9820.20488900,1
1506819376,22599292,0.20000,6669.88361100,1
1506818886,22599207,0.19997,1603.35306000,0
1506818886,22599206,0.19997,10000.00000000,0
1506818886,22599205,0.19997,10000.00000000,0
1506818886,22599204,0.19996,10000.00000000,0
1506818885,22599203,0.19995,15286.63876000,0
1506818885,22599201,0.19979,1232.20970000,0
1506818885,22599200,0.19979,1877.79848000,0
1506818833,22599179,0.20000,10000.00000000,1
1506818755,22599168,0.19930,11531.96917600,1
1506818754,22599167,0.19932,270.00000000,1
1506818754,22599166,0.19933,11781.72257000,1
1506818749,22599161,0.19982,10000.00000000,0
1506818679,22599118,0.19991,10000.00000000,0
1506818566,22599079,0.19930,72.00000000,1
1506818553,22599077,0.19931,72.00000000,1
1506818543,22599074,0.19926,1237.22470000,0
1506818403,22599053,0.19840,59.00000000,0
1506818398,22599050,0.19915,1662.58936500,0
1506818319,22598889,0.19932,11800.00000000,0
1506818277,22598481,0.19700,5464.86894800,1
1506818277,22598474,0.19700,5496.71569400,1
1506818277,22598470,0.19700,21760.54955607,1
1506818277,22598467,0.19700,19300.00000000,1
1506818276,22598465,0.19701,3437.50419000,1
1506818276,22598462,0.19741,18062.96662393,1
1506818276,22598455,0.19741,10796.63973200,1
1506818274,22598442,0.19741,1140.39364407,1
1506818274,22598441,0.19742,376.36311393,1
1506818274,22598439,0.19742,482.41793100,1
1506818274,22598436,0.19742,4517.58206900,1
1506818274,22598434,0.19810,224.15220500,1
1506818274,22598430,0.19810,42.35482500,1
1506818273,22598426,0.19811,1332.52726000,1
1506818273,22598420,0.19813,141.12854600,1
1506818273,22598417,0.19813,1735.66215400,1
1506818273,22598412,0.19814,415.36677600,1
1506818272,22598405,0.19814,2084.63322400,1
1506818272,22598404,0.19846,270.00000000,1
1506818252,22598185,0.19809,778.25269000,1
1506818251,22598177,0.19845,914.17240600,1
1506818250,22598171,0.19845,2837.63109400,1
1506818250,22598169,0.19845,1844.08995700,1
1506818250,22598166,0.19845,1907.71354300,1
1506818247,22598150,0.19742,1128.44193868,0
1506818247,22598147,0.19802,1353.91865632,0
1506818247,22598145,0.19809,494.90059000,1
1506818247,22598143,0.19882,460.24300500,1
1506818247,22598137,0.19882,3585.34249500,1
1506818247,22598133,0.20000,35011.50926700,0
1506818246,22598129,0.20000,5899.37035500,0
1506818246,22598124,0.20000,2107.75250400,0
1506818246,22598120,0.20000,6253.50515000,0
1506818245,22598106,0.19970,1998.97624000,0
1506818245,22598103,0.19883,1527.51906100,0
1506818245,22598101,0.19880,13711.44796300,0
1506818245,22598100,0.19808,1463.63973100,0
1506818244,22598099,0.19808,934.24500000,0
1506818244,22598098,0.19786,1092.03472900,0
1506818244,22598096,0.19786,984.25436800,1
1506818244,22598094,0.19786,20406.33919600,1
1506818243,22598090,0.19786,1516.01063100,1
1506818243,22598087,0.19786,2711.83589300,1
1506818243,22598084,0.19786,4381.55991200,1
1506818242,22598078,0.19801,2546.08379700,1
1506818242,22598069,0.19801,4308.94386400,1
1506818241,22598062,0.19801,1887.75906400,1
1506818241,22598058,0.19801,13038.51819900,1
1506818241,22598055,0.19803,1125.29927100,1
1506818240,22598046,0.19802,1353.91871900,0
1506818239,22598042,0.19801,8218.69507600,1
1506818239,22598039,0.19880,4113.32176600,1
1506818239,22598035,0.19880,832.10197500,1
1506818238,22598032,0.19880,3000.00000000,1
1506818238,22598026,0.19880,1996.83053600,1
1506818238,22598021,0.19880,4612.97745100,1
1506818238,22598017,0.19880,8157.94919600,1
1506818237,22598013,0.19880,2297.12700000,1
1506818237,22598009,0.19880,2212.36705000,1
1506818237,22598007,0.19880,2777.32502600,1
1506818236,22597995,0.19881,7852.07202900,1
1506818235,22597993,0.19881,3349.16026541,1
1506818235,22597990,0.19883,135.22283459,1
1506818235,22597988,0.19883,1094.53416541,1
1506818235,22597982,0.19900,1976.95661159,1
1506818234,22597979,0.19900,538.13944900,1
1506818234,22597976,0.19903,270.00000000,1
1506818217,22597863,0.20000,12930.35748400,1
1506818216,22597862,0.20000,10000.00000000,1
1506818215,22597855,0.20000,1500.83550000,1
1506818215,22597853,0.20000,905.29498143,0
1506818215,22597851,0.20000,14306.62894374,0
1506818215,22597850,0.20000,4788.07607483,0
1506818215,22597849,0.19999,2375.02127000,0
1506818214,22597847,0.19980,1661.20284600,0
1506818214,22597845,0.19974,1232.58290000,0
1506818107,22597801,0.19900,264.69339320,1
1506817670,22597735,0.19899,59.00000000,0
1506817160,22597652,0.19974,8725.20777010,1
1506817160,22597651,0.19952,509.52591684,0
1506817160,22597650,0.19939,3131.24734000,0
1506817159,22597649,0.19938,1234.70310000,1
1506817158,22597648,0.19938,10000.00000000,0
1506817114,22597644,0.19900,72.00000000,1
1506817092,22597637,0.19901,60.00000000,1
1506817089,22597636,0.19900,4550.00000000,0
1506817089,22597635,0.19899,3733.83842000,0
1506817089,22597634,0.19899,13767.24966000,0
1506817089,22597633,0.19886,270.00000000,0
1506816672,22597563,0.19893,429.49450000,0
1506816672,22597562,0.19852,1303.83190000,0
1506816671,22597561,0.19803,59.00000000,0
1506816090,22597421,0.19792,284.86739443,1
1506816089,22597420,0.19800,742.47474747,1
