date,tid,price,amount,type
1507334171,22887136,3688.00,0.01000000,0
1507334038,22887046,3672.00,0.09997089,1
1507334019,22887042,3673.62,0.96853201,1
1507333995,22887030,3674.98,0.00005380,0
1507333992,22887024,3674.98,0.01070620,0
1507333988,22887013,3673.62,0.04261760,1
1507333988,22887012,3674.98,0.01809188,1
1507333988,22887011,3676.37,0.01000000,1
1507333953,22886977,3674.98,0.00218099,1
1507333953,22886976,3674.98,0.00218099,1
1507333884,22886954,3676.30,0.38602989,1
1507333884,22886953,3676.40,2.28720000,1
1507333873,22886946,3676.02,0.08495628,1
1507333872,22886945,3676.01,0.05012482,1
1507333872,22886944,3678.00,0.02800000,1
1507333872,22886943,3678.46,0.15000000,1
1507333871,22886942,3678.46,0.53680003,1
1507333871,22886941,3678.49,0.88534275,1
1507333865,22886938,3678.46,0.41442713,1
1507333854,22886922,3678.45,0.05877284,1
1507333854,22886921,3678.46,0.05179846,1
1507333854,22886920,3678.46,0.01060746,1
1507333854,22886919,3678.46,0.00041258,1
1507333853,22886917,3678.46,0.28897996,1
1507333852,22886915,3678.46,0.01060746,1
1507333845,22886911,3678.62,0.07425818,1
1507333812,22886893,3693.10,0.23648414,0
1507333812,22886892,3693.09,0.00743130,0
1507333812,22886891,3690.80,0.02060668,0
1507333801,22886887,3677.47,0.04039907,1
1507333586,22886739,3690.90,0.00294705,0
1507333481,22886676,3675.68,0.00261379,1
1507333481,22886675,3679.00,0.39999602,1
1507333481,22886674,3680.01,0.00271060,1
1507333479,22886673,3691.10,0.05000000,0
1507333476,22886672,3691.11,0.05000000,0
1507333472,22886671,3691.13,0.02644627,0
1507333472,22886670,3691.03,0.97355373,0
1507333462,22886665,3680.01,0.68304492,1
1507333462,22886664,3681.23,0.01000000,1
1507333393,22886632,3680.01,0.23400000,1
1507333391,22886631,3680.02,0.10000000,1
1507333360,22886626,3691.77,0.00241306,1
1507333360,22886625,3691.77,0.10000000,0
1507333360,22886624,3690.00,0.01924339,0
1507333359,22886623,3689.98,0.15000000,0
1507333350,22886621,3680.01,0.15059499,1
1507333342,22886619,3689.98,0.15000000,1
1507333254,22886576,3680.01,0.00216891,1
1507333186,22886500,3690.00,0.01000000,0
1507333113,22886412,3680.12,0.01391439,1
1507333102,22886397,3680.20,0.40588966,1
1507333100,22886394,3680.20,1.10140344,1
1507333100,22886393,3681.45,0.31589575,1
1507333100,22886392,3682.32,0.10212115,1
1507333094,22886385,3682.32,0.16944677,1
1507333094,22886384,3682.33,0.10388638,1
1507333075,22886353,3681.46,0.01324964,1
1507333067,22886323,3681.46,0.44520213,1
1507333067,22886322,3682.31,0.01000000,1
1507333047,22886260,3681.46,0.10898708,1
1507333041,22886253,3681.46,0.90835497,1
1507333035,22886247,3681.56,0.03228779,1
1507333002,22886221,3681.53,0.10098059,1
1507332995,22886215,3681.51,0.12074285,1
1507332995,22886214,3682.34,0.01000000,1
1507332970,22886192,3681.47,0.01821480,1
1507332969,22886191,3683.65,0.02237318,1
1507332963,22886186,3683.64,0.05977517,1
1507332962,22886185,3683.64,0.03583995,1
1507332940,22886166,3690.00,0.06737161,0
1507332937,22886165,3683.63,0.02045455,1
1507332924,22886156,3683.63,0.07334773,1
1507332919,22886154,3681.45,0.89799504,1
1507332918,22886153,3683.63,0.02291335,1
1507332904,22886139,3681.45,0.01858808,1
1507332899,22886137,3681.45,0.07287593,1
1507332898,22886131,3681.45,0.05008939,1
1507332897,22886129,3683.67,0.02291309,1
1507332878,22886117,3681.46,0.07017008,1
1507332878,22886116,3681.46,0.07017008,1
1507332878,22886115,3681.46,1.71684443,1
1507332872,22886113,3681.46,0.13906770,1
1507332872,22886112,3681.46,0.13899053,1
1507332865,22886107,3681.60,0.13791976,1
1507332865,22886106,3681.60,0.31998668,1
1507332850,22886095,3681.60,0.21119280,1
1507332850,22886094,3681.60,1.58806514,1
1507332845,22886093,3681.46,0.02056630,1
1507332837,22886089,3682.30,0.64886053,1
1507332831,22886081,3682.22,0.13907444,1
1507332831,22886080,3682.22,1.50912197,1
1507332831,22886079,3682.30,0.59550805,1
1507332831,22886078,3682.30,1.40449195,1
1507332825,22886063,3682.21,0.21116657,1
1507332825,22886061,3682.21,0.58414584,1
1507332824,22886060,3682.21,0.10000000,1
1507332815,22886044,3693.55,0.03862680,0
1507332774,22886019,3681.71,0.01253134,1
1507332762,22886011,3681.60,0.32332167,1
1507332761,22886010,3681.60,0.12679088,1
1507332752,22885999,3681.92,1.72761855,1
1507332749,22885998,3682.40,0.72446514,1
1507332749,22885997,3683.91,0.01263018,1
1507332749,22885995,3683.91,1.50702497,1
1507332742,22885987,3683.91,1.39300404,1
1507332736,22885977,3683.51,1.13680214,1
1507332729,22885967,3684.10,1.70878435,1
1507332729,22885966,3684.01,1.40380792,1
1507332717,22885951,3683.90,0.70194130,1
1507332682,22885915,3683.91,0.99469567,1
1507332682,22885912,3683.91,0.07713656,1
1507332681,22885908,3683.91,0.49970036,1
1507332681,22885906,3683.91,0.12629496,1
1507332680,22885905,3683.91,0.82137987,1
1507332679,22885901,3688.77,1.11003536,1
1507332679,22885900,3688.77,2.28453469,1
1507332679,22885899,3690.00,0.00670000,1
1507332663,22885864,3690.00,0.01000000,1
1507332653,22885848,3683.63,0.12944262,1
1507332653,22885847,3688.19,0.01000000,1
1507332619,22885829,3683.54,0.38632866,1
1507332612,22885825,3693.93,0.53980449,0
1507332595,22885817,3683.51,1.39293794,1
1507332595,22885816,3684.32,0.93421592,1
1507332595,22885815,3684.32,0.21050408,1
1507332588,22885812,3683.51,1.40690954,1
1507332588,22885811,3683.53,0.09000000,1
1507332588,22885810,3684.32,0.38361699,1
1507332576,22885806,3684.32,0.30265423,1
1507332575,22885805,3684.32,0.07610177,1
1507332569,22885804,3689.38,1.10611493,1
1507332563,22885801,3689.38,2.28594016,1
1507332538,22885790,3684.32,0.38234701,1
1507332538,22885789,3685.32,0.01000000,1
1507332526,22885775,3684.31,0.21104564,1
1507332525,22885773,3684.31,0.10347952,1
1507332525,22885772,3684.34,0.10671535,1
1507332513,22885764,3684.31,0.21066200,1
1507332509,22885761,3684.21,0.35163454,0
1507332507,22885760,3684.20,0.17859413,1
1507332507,22885759,3684.34,0.10000000,1
1507332507,22885758,3684.33,0.16117205,1
1507332500,22885754,3688.94,1.09011259,1
1507332500,22885753,3688.94,4.80339490,1
1507332499,22885752,3688.95,0.01006343,1
1507332499,22885751,3689.52,0.01000000,1
1507332438,22885724,3694.75,0.01000000,0
1507332303,22885700,3695.86,0.02483028,0
1507332229,22885646,3696.73,0.00269740,0
1507332187,22885628,3698.07,0.01000000,0
1507332153,22885611,3698.19,0.05347481,0
1507332136,22885604,3696.82,0.00756790,0
1507332065,22885581,3689.85,2.17527954,1
1507332064,22885580,3695.00,0.02700000,1
1507332035,22885544,3697.13,0.02581250,0
1507332017,22885534,3697.07,0.01350451,0
1507331935,22885485,3697.16,0.01000000,0
1507331913,22885482,3697.28,0.07956723,0
1507331804,22885438,3683.51,0.01911088,1
1507331803,22885433,3683.51,0.62626801,1
1507331802,22885432,3683.52,0.02898586,1
1507331796,22885426,3683.51,0.01275435,1
1507331796,22885424,3683.51,0.15397196,1
1507331790,22885412,3689.26,0.20414867,1
1507331788,22885410,3699.34,0.13000000,0
1507331788,22885409,3689.26,0.74091919,1
1507331788,22885408,3689.26,1.41659287,1
1507331788,22885407,3689.26,0.64462290,1
1507331786,22885406,3683.52,0.14000000,1
1507331786,22885405,3683.54,0.72386344,1
1507331785,22885403,3683.53,0.27613656,0
1507331784,22885402,3683.53,0.25035077,1
1507331784,22885401,3683.53,0.14964923,1
1507331770,22885377,3689.25,0.57967022,1
1507331770,22885376,3690.00,0.02000000,1
1507331756,22885362,3689.25,0.32785426,1
1507331750,22885357,3689.28,1.00000000,1
1507331750,22885356,3691.50,0.01000000,1
1507331737,22885343,3697.03,0.09256870,0
1507331737,22885342,3697.00,0.30000000,0
1507331737,22885341,3696.97,0.93332582,1
1507331735,22885340,3690.89,0.02322019,0
1507331727,22885336,3688.72,0.70024752,1
1507331727,22885335,3688.72,0.35332355,1
1507331727,22885334,3688.72,1.09785949,1
1507331726,22885332,3688.73,0.10000000,1
1507331725,22885330,3688.72,0.38844951,1
1507331717,22885323,3690.89,0.01000000,0
1507331713,22885316,3690.86,0.01053365,0
1507331713,22885315,3690.85,0.01997896,0
1507331713,22885314,3690.67,0.01998183,0
1507331713,22885313,3690.63,0.01997960,0
1507331713,22885310,3690.48,0.01998565,0
1507331681,22885285,3683.51,0.39103443,1
1507331681,22885284,3683.93,0.10000000,1
1507331669,22885276,3683.51,0.60992590,1
1507331669,22885275,3683.51,1.40775941,1
1507331669,22885274,3683.52,0.15000000,1
1507331668,22885273,3683.53,0.10000000,1
1507331668,22885272,3683.53,0.22952388,1
1507331667,22885271,3683.53,0.07047612,1
1507331661,22885266,3690.31,0.00857779,0
1507331661,22885265,3690.25,0.07043169,0
1507331661,22885264,3690.17,0.07256351,0
1507331661,22885263,3690.00,0.00077905,0
1507331661,22885262,3689.90,0.38750040,0
1507331655,22885251,3683.51,0.04252544,1
1507331655,22885250,3684.87,0.01000000,1
1507331654,22885248,3689.90,0.02135388,0
1507331654,22885247,3686.82,0.00358782,0
1507331591,22885231,3686.82,0.01314075,0
1507331386,22885154,3679.20,2.25524756,0
1507331385,22885153,3679.27,3.08475244,1
1507331385,22885152,3679.27,0.16000000,1
1507331383,22885151,3679.26,0.00217003,1
1507331371,22885150,3686.82,0.02435000,0
1507331364,22885149,3686.82,0.05751020,0
1507331077,22885097,3679.10,0.05065356,1
1507331028,22885082,3679.03,0.00271810,1
1507330905,22885006,3679.03,0.07440360,1
1507330886,22885002,3684.00,0.01784405,0
1507330845,22884999,3684.00,0.01168060,0
1507330838,22884994,3684.00,0.00271444,0
1507330811,22884988,3684.00,0.00200522,0
1507330810,22884987,3684.00,0.00401044,0
1507330810,22884986,3684.00,0.01337814,1
1507330810,22884985,3684.01,0.00401044,1
1507330804,22884984,3686.82,0.01509749,0
1507330804,22884983,3686.81,0.01199906,0
1507330802,22884981,3684.00,0.00261893,1
1507330802,22884980,3684.01,0.70009524,1
1507330800,22884979,3684.01,0.29990476,1
1507330786,22884968,3686.81,0.01434366,0
1507330775,22884966,3684.00,0.09957051,1
1507330775,22884965,3684.00,0.33651382,1
1507330688,22884953,3673.00,0.03098950,1
1507330686,22884952,3681.63,0.00802087,1
1507330686,22884951,3681.63,0.22098963,1
1507330677,22884947,3681.63,0.48325784,1
1507330651,22884931,3681.63,0.05825758,1
1507330645,22884930,3681.63,0.30578138,1
1507330583,22884915,3681.63,0.14976582,1
1507330559,22884911,3681.63,0.04922431,1
1507330530,22884902,3681.63,0.00271620,0
1507330530,22884901,3681.63,0.48301606,0
1507330443,22884881,3681.63,0.01300710,0
1507330425,22884877,3672.71,0.03749423,1
1507330384,22884873,3672.71,0.08590124,1
1507330383,22884872,3672.72,0.01604175,1
1507330383,22884871,3672.80,0.01600000,1
1507330344,22884842,3672.71,0.10941256,1
1507330344,22884841,3672.72,0.17000000,1
1507330323,22884839,3681.63,0.02556923,0
1507330265,22884837,3681.63,0.13546989,0
1507330063,22884744,3681.63,0.01275000,0
1507330029,22884723,3672.21,1.25855534,1
1507330029,22884722,3672.22,0.19000000,1
1507330007,22884708,3672.21,0.61261864,1
1507330007,22884707,3672.22,0.21000000,1
1507330003,22884700,3681.63,0.10663433,0
1507329984,22884689,3681.63,0.01273306,0
1507329978,22884687,3672.21,0.36162809,1
1507329978,22884686,3672.22,0.09305877,1
1507329978,22884685,3672.22,0.23000000,1
1507329978,22884684,3672.27,0.01041060,1
1507329977,22884683,3681.63,0.00455000,0
1507329931,22884672,3670.11,0.81621630,1
1507329931,22884671,3670.12,0.03318370,1
1507329921,22884670,3670.10,0.00140777,1
1507329921,22884669,3672.70,0.20000000,1
1507329921,22884668,3672.80,0.40885428,1
1507329921,22884667,3673.42,0.02785904,1
1507329921,22884666,3673.43,0.10505276,1
1507329895,22884653,3673.43,0.00070034,1
1507329895,22884652,3677.28,0.30439271,1
1507329884,22884640,3681.63,0.01273306,0
1507329870,22884633,3677.28,0.01212826,1
1507329862,22884631,3677.28,0.91330970,1
1507329825,22884610,3681.63,0.02539293,0
1507329824,22884609,3677.28,0.01924195,1
1507329823,22884608,3677.72,0.01000000,1
1507329782,22884603,3677.28,1.00000000,1
1507329677,22884587,3681.63,0.86810844,0
1507329644,22884585,3681.63,0.09108091,0
1507329644,22884584,3681.62,0.01128926,0
1507329622,22884581,3681.62,0.01000000,0
1507329606,22884559,3681.63,0.00686233,0
1507329606,22884558,3681.62,0.01863618,0
1507329605,22884557,3681.62,0.01394234,0
1507329564,22884545,3681.62,0.01270546,0
1507329541,22884538,3677.31,0.01049602,1
1507329524,22884532,3677.29,0.07144365,1
1507329524,22884531,3680.75,0.00783088,1
1507329517,22884528,3681.63,0.07908041,0
1507329515,22884526,3681.62,0.10487250,0
1507329502,22884523,3681.63,0.23001225,0
1507329502,22884522,3681.63,0.01600000,1
1507329495,22884521,3689.00,0.01000000,0
1507329411,22884501,3689.50,0.08021054,0
1507329392,22884498,3680.75,0.00216912,1
1507329322,22884474,3689.63,0.01000000,0
1507329250,22884418,3677.27,0.19389680,1
1507329240,22884413,3689.73,0.19300000,1
1507329218,22884407,3689.45,0.28280664,1
1507329217,22884406,3689.45,0.47421948,0
1507329183,22884389,3690.00,0.01013095,0
1507329183,22884388,3688.50,0.01233626,0
1507329183,22884387,3687.87,0.02222915,0
1507329136,22884365,3676.18,0.00047974,1
1507329136,22884364,3677.15,0.26941840,1
1507329136,22884363,3678.25,0.01000000,1
1507329098,22884340,3677.10,0.02222915,1
1507329092,22884339,3677.11,0.03932774,1
1507329006,22884313,3688.06,0.01202911,0
1507328926,22884294,3688.26,0.10600192,0
1507328906,22884288,3688.50,0.01741449,0
1507328906,22884286,3682.84,0.00271530,0
1507328906,22884284,3682.84,0.23767210,0
1507328841,22884274,3673.49,0.03068122,1
1507328824,22884267,3682.84,0.01575000,0
1507328821,22884265,3675.63,0.11130505,1
1507328810,22884262,3682.84,0.11094427,0
1507328808,22884260,3682.83,0.01093800,0
1507328647,22884162,3682.84,0.01000000,0
1507328645,22884161,3682.84,0.00304113,0
1507328643,22884160,3682.83,0.02187600,0
1507328627,22884153,3682.84,0.00916236,0
1507328585,22884148,3682.84,0.00710997,0
1507328584,22884147,3682.83,0.04375200,0
1507328564,22884119,3682.84,0.01323700,0
1507328519,22884096,3672.96,0.00336061,0
1507328517,22884092,3672.96,0.88404613,0
1507328488,22884074,3672.96,0.01194497,0
1507328484,22884072,3672.96,0.01172245,0
1507328364,22884008,3672.97,1.07142430,1
1507328363,22884007,3672.97,0.30000000,1
1507328363,22884006,3673.00,0.41879634,1
1507328261,22883980,3683.39,0.00785151,0
1507328155,22883944,3672.31,0.09367983,1
1507328155,22883943,3672.30,0.24003528,1
1507328148,22883930,3684.99,0.33261419,0
1507328148,22883926,3684.24,0.20887047,0
1507328144,22883922,3684.25,0.12586262,0
1507328061,22883861,3672.34,0.06499848,1
1507327957,22883839,3684.69,0.01000000,0
1507327846,22883798,3684.75,0.13086911,0
1507327819,22883788,3684.94,0.06689150,1
1507327787,22883784,3672.26,0.04000000,1
1507327769,22883781,3685.00,0.01000000,0
1507327744,22883770,3684.78,0.00759389,0
1507327716,22883764,3684.66,0.04015861,0
1507327653,22883738,3684.99,0.00243420,0
1507327645,22883737,3684.67,0.01000000,0
1507327552,22883721,3684.93,0.02602497,0
1507327535,22883718,3684.80,0.00782975,0
1507327521,22883716,3678.84,0.00217025,1
1507327468,22883696,3684.76,0.02734924,0
1507327444,22883693,3684.67,0.10438907,0
1507327414,22883686,3687.33,0.00270520,1
1507327414,22883685,3687.56,0.01000000,1
1507327306,22883652,3687.33,0.04127323,0
1507327306,22883651,3685.35,0.01998620,0
1507327306,22883650,3685.25,0.01500000,0
1507327300,22883648,3685.25,0.01000000,1
1507327262,22883642,3685.37,0.00271338,1
1507327205,22883629,3685.68,0.07952990,0
1507327183,22883626,3671.64,0.07042291,1
1507327079,22883564,3686.44,0.01000000,0
1507326954,22883548,3670.79,0.61790634,1
1507326950,22883545,3690.04,0.17728050,1
1507326948,22883544,3687.39,0.02303958,0
1507326945,22883543,3690.28,0.04696787,0
1507326945,22883542,3690.28,0.00809707,0
1507326944,22883541,3690.05,0.01998725,0
1507326944,22883540,3690.05,0.13743140,1
1507326944,22883539,3690.02,0.13790070,0
1507326943,22883538,3689.38,0.13000000,0
1507326943,22883537,3689.38,0.11905711,1
1507326943,22883535,3687.76,0.02303725,0
1507326942,22883533,3687.23,0.38561842,0
1507326916,22883531,3670.66,0.38561842,0
1507326916,22883530,3670.66,0.22254179,1
1507326843,22883512,3689.83,0.00595651,0
1507326843,22883511,3689.80,0.01268950,0
1507326786,22883494,3689.94,0.00967330,0
1507326786,22883493,3686.62,0.01670674,0
1507326778,22883492,3686.62,0.00829326,1
1507326773,22883487,3686.62,0.52500000,1
1507326770,22883486,3686.62,0.11519658,1
1507326752,22883482,3686.62,0.41455233,1
1507326746,22883480,3686.62,0.64864000,1
1507326745,22883479,3686.62,0.07044980,1
1507326742,22883478,3686.62,0.07044980,1
1507326741,22883472,3686.62,0.12520397,1
1507326731,22883470,3686.62,0.15853000,1
1507326708,22883467,3686.62,0.02537901,1
1507326707,22883466,3686.62,0.52321115,1
1507326707,22883465,3686.49,0.17000000,0
1507326707,22883464,3686.30,1.02500000,0
1507326707,22883463,3686.24,1.12009410,0
1507326555,22883427,3687.83,0.01000000,0
1507326508,22883420,3686.65,0.04584099,0
1507326437,22883400,3687.45,0.01000000,1
1507326434,22883399,3688.06,0.03049932,0
1507326434,22883398,3688.05,0.18000000,1
1507326433,22883397,3688.02,0.05075802,0
1507326423,22883368,3688.01,0.15153402,1
1507326423,22883367,3688.01,0.10000000,0
1507326393,22883352,3688.21,0.01619501,0
1507326375,22883350,3688.36,0.25321883,0
1507326319,22883315,3666.88,0.29018766,0
1507326318,22883314,3666.88,0.25000000,1
1507326318,22883313,3669.51,0.00550798,1
1507326318,22883312,3671.00,0.08454943,1
1507326318,22883311,3671.42,0.00271690,1
1507326317,22883310,3671.44,0.24531890,1
1507326317,22883309,3671.45,0.30000000,0
1507326317,22883308,3675.10,0.02715572,1
1507326316,22883307,3675.30,0.10000000,0
1507326315,22883306,3675.30,0.69456341,1
1507326291,22883293,3688.13,0.01000000,0
1507326234,22883276,3672.16,0.01032800,1
1507326206,22883270,3671.92,0.27762150,1
1507326195,22883267,3689.81,0.00000297,1
1507326194,22883266,3689.81,0.26598932,1
1507326187,22883261,3689.85,0.19025976,0
1507326187,22883260,3682.69,0.11151900,0
1507326185,22883259,3677.00,0.02292007,0
1507326171,22883254,3677.00,0.01000000,0
1507326156,22883251,3671.42,0.06581159,0
1507326150,22883245,3671.42,0.01196000,0
1507326147,22883243,3671.43,0.90542566,1
1507326146,22883242,3675.70,0.00032275,1
1507326139,22883233,3675.70,0.00967725,1
1507326039,22883207,3677.00,0.02704593,0
1507326037,22883206,3680.00,0.00670000,1
1507326006,22883196,3688.17,0.02639709,0
1507326004,22883194,3688.17,0.03838079,0
1507326003,22883193,3685.16,0.12451291,0
1507325964,22883184,3688.38,0.01000000,0
1507325866,22883173,3685.87,0.30942089,0
1507325866,22883172,3683.21,0.07675974,0
1507325866,22883171,3683.17,0.01179470,0
1507325864,22883169,3671.11,0.14200000,1
1507325851,22883168,3683.18,0.00291199,0
1507325805,22883160,3683.21,0.00325406,0
1507325805,22883159,3682.00,0.35505863,0
1507325804,22883158,3681.99,0.17000000,0
1507325804,22883156,3681.83,0.34338774,0
1507325804,22883154,3681.80,0.97290573,0
1507325782,22883127,3681.59,0.02709427,0
1507325714,22883118,3671.03,0.02000000,0
1507325705,22883090,3671.03,0.22173293,0
1507325700,22883089,3671.03,0.39220844,1
1507325700,22883088,3677.42,0.01000000,1
1507325684,22883080,3682.61,0.01324864,0
1507325648,22883072,3671.00,0.04000000,1
1507325644,22883067,3671.06,0.00217485,1
1507325606,22883060,3683.20,0.00500000,0
1507325595,22883059,3683.20,0.01000000,0
1507325586,22883057,3682.58,0.07900000,0
1507325447,22883022,3682.88,0.07936128,0
1507325405,22883008,3683.11,0.02635000,0
1507325366,22883005,3683.23,0.13058460,0
1507325364,22883004,3671.10,0.04360000,1
1507325245,22882991,3685.24,0.00784924,0
1507325224,22882984,3685.34,0.02551351,0
1507325204,22882974,3671.00,0.01145057,1
1507325163,22882962,3686.05,0.00162700,0
1507325148,22882958,3686.13,0.06660264,0
1507325068,22882940,3688.17,0.00784638,0
1507325056,22882933,3670.06,0.48985612,1
1507324965,22882851,3673.95,0.00272190,1
1507324964,22882848,3673.95,0.00886699,1
1507324889,22882820,3688.95,0.56041745,0
1507324888,22882819,3673.38,0.49185172,0
1507324884,22882818,3673.38,0.02320517,0
1507324870,22882815,3672.85,0.01078868,1
1507324864,22882813,3672.84,0.04613987,1
1507324856,22882809,3673.38,0.10666197,0
1507324845,22882804,3673.38,0.71328000,0
1507324843,22882803,3673.38,1.00024071,0
1507324838,22882792,3673.38,0.26646131,0
1507324829,22882784,3673.38,0.03420721,0
1507324827,22882782,3673.38,0.26295664,0
1507324825,22882780,3673.38,0.02522021,0
1507324820,22882777,3673.38,0.01078868,0
1507324816,22882776,3673.38,0.29731720,0
1507324812,22882775,3673.55,0.92625760,1
1507324812,22882774,3673.59,0.02633905,1
1507324812,22882773,3673.67,0.10000000,1
1507324812,22882772,3673.67,0.24000000,1
1507324812,22882771,3673.67,0.47500000,1
1507324812,22882770,3674.00,2.00000000,1
1507324812,22882769,3674.03,0.99994811,1
1507324800,22882753,3690.02,0.18208550,0
1507324800,22882752,3689.64,0.07977140,0
1507324800,22882751,3688.84,0.02096810,0
1507324636,22882699,3688.83,0.01000000,0
1507324621,22882694,3688.77,0.10816614,0
1507324541,22882679,3687.11,0.00677767,0
1507324537,22882677,3687.05,0.26603821,0
1507324467,22882664,3687.86,0.01015705,0
1507324465,22882663,3687.89,0.02606572,0
1507324365,22882636,3685.03,0.00717903,0
1507324365,22882635,3684.07,0.01905392,0
1507324333,22882631,3684.24,0.01627920,0
1507324310,22882627,3668.85,0.02710900,1
1507324304,22882626,3668.84,0.01146221,1
1507324225,22882588,3684.99,0.01000000,0
1507324143,22882544,3666.04,0.02954900,1
1507324130,22882538,3669.44,0.06936820,1
1507324128,22882537,3669.48,0.01789420,1
1507324122,22882529,3669.43,0.29529863,1
1507324122,22882528,3674.00,0.14512049,1
1507324121,22882525,3674.00,0.04553396,1
1507324115,22882523,3669.42,0.06933340,1
1507324114,22882521,3669.42,0.06933300,1
1507324112,22882519,3669.41,0.06933300,1
1507324109,22882515,3669.40,0.06933300,1
1507324106,22882508,3684.75,0.02525033,0
1507324096,22882503,3669.13,0.08722953,1
1507324096,22882502,3669.33,0.09955823,1
1507324096,22882501,3669.33,0.07604784,1
1507323984,22882422,3682.97,0.02563496,0
1507323963,22882409,3683.05,0.63645916,1
1507323909,22882390,3678.65,0.11989236,0
1507323909,22882389,3678.65,0.01092780,0
1507323896,22882387,3676.69,0.03020147,1
1507323895,22882386,3672.19,0.00272320,0
1507323894,22882385,3672.19,0.02080800,0
1507323884,22882383,3663.56,0.05800000,1
1507323869,22882373,3672.19,0.01355764,0
1507323869,22882372,3672.19,0.01888084,0
1507323857,22882368,3672.19,0.02289569,0
1507323825,22882346,3672.19,0.02000000,0
1507323817,22882303,3672.19,0.02000000,0
1507323810,22882259,3672.19,0.02000000,0
1507323804,22882254,3672.19,0.02000000,0
1507323797,22882253,3672.19,0.02000000,0
1507323790,22882250,3672.19,0.02000000,0
1507323784,22882246,3663.69,0.03470900,1
1507323781,22882241,3672.19,0.02000000,0
1507323775,22882235,3672.19,0.02000000,0
1507323768,22882234,3672.19,0.02000000,0
1507323763,22882232,3672.19,0.00358616,0
1507323763,22882231,3672.18,0.01641384,0
1507323755,22882230,3672.19,0.02000000,0
1507323748,22882228,3672.19,0.00717233,0
1507323748,22882227,3672.18,0.01282767,0
1507323741,22882225,3672.18,0.02000000,0
1507323732,22882223,3663.64,0.43092789,1
1507323732,22882222,3663.67,0.16575465,1
1507323721,22882219,3672.18,0.05220578,0
1507323645,22882205,3672.60,0.09520358,0
1507323645,22882204,3672.59,0.11786112,0
1507323612,22882199,3666.19,0.01997473,1
1507323605,22882198,3683.44,0.07998518,0
1507323604,22882197,3683.47,0.12456936,0
1507323578,22882186,3666.07,0.08059165,1
1507323556,22882145,3683.41,0.01620357,0
1507323550,22882142,3683.42,0.02681691,0
1507323524,22882121,3683.65,0.26489578,0
1507323489,22882111,3665.28,0.01026116,1
1507323484,22882106,3685.38,0.02490089,0
1507323482,22882103,3665.30,0.01540299,1
1507323418,22882067,3664.04,0.01525344,1
1507323374,22882056,3687.85,0.02000000,0
1507323373,22882055,3687.86,0.14502448,0
1507323371,22882054,3672.81,0.12597171,0
1507323367,22882053,3672.80,0.02000000,0
1507323359,22882048,3672.81,0.02000000,0
1507323353,22882041,3672.80,0.02000000,0
1507323347,22882037,3672.80,0.02000000,0
1507323342,22882031,3672.81,0.15402829,0
1507323325,22881983,3663.52,0.03004366,1
1507323325,22881982,3665.13,0.00500000,1
1507323325,22881980,3669.99,0.00134873,1
1507323322,22881979,3669.99,0.00065127,1
1507323322,22881978,3670.64,0.08402339,1
1507323322,22881977,3670.81,0.10596384,1
1507323304,22881966,3688.88,0.02025000,0
1507323283,22881951,3670.84,0.14410637,1
1507323283,22881950,3670.84,0.27000000,1
1507323283,22881949,3674.31,0.04050273,1
1507323282,22881944,3674.31,0.01387465,1
1507323278,22881942,3679.99,0.06000000,0
1507323270,22881937,3674.45,0.25569579,1
1507323267,22881936,3679.99,0.03337372,0
1507323239,22881914,3680.00,0.06489576,0
1507323202,22881882,3679.99,0.00500000,0
1507323145,22881863,3679.99,0.02526086,0
1507323118,22881858,3674.49,0.01987548,1
1507323068,22881829,3690.15,0.04983478,0
1507323045,22881823,3690.36,0.02548391,0
1507323044,22881822,3690.39,0.03060137,0
1507323042,22881821,3690.46,0.10849490,0
1507323004,22881808,3691.31,0.10506854,0
1507322885,22881755,3676.88,1.61690469,1
1507322884,22881753,3693.70,0.20025258,0
1507322878,22881748,3676.87,1.00000000,1
1507322871,22881743,3680.02,0.73474157,1
1507322867,22881740,3680.00,1.00000000,1
1507322861,22881697,3680.01,0.18345960,1
1507322859,22881691,3680.01,0.12374603,1
1507322859,22881690,3680.75,0.00857779,1
1507322858,22881686,3680.01,0.09964332,1
1507322858,22881685,3680.36,0.08189508,1
1507322858,22881684,3680.45,0.02774577,1
1507322858,22881683,3680.46,0.30000000,1
1507322858,22881682,3680.74,0.66065968,1
1507322852,22881664,3680.69,0.12549663,1
1507322851,22881661,3680.69,0.24194607,1
1507322842,22881633,3693.96,0.00000485,0
1507322842,22881632,3693.96,0.24077000,1
1507322840,22881631,3693.94,0.01998215,0
1507322824,22881626,3680.50,0.01998620,1
1507322811,22881619,3681.44,0.01107916,1
1507322811,22881618,3681.44,0.01998209,1
1507322799,22881612,3681.43,0.01998215,1
1507322796,22881610,3693.96,0.00000474,0
1507322796,22881608,3693.95,0.00665000,1
1507322794,22881605,3693.95,0.02016898,0
1507322785,22881600,3681.34,0.01998014,1
1507322784,22881599,3681.34,0.01324964,1
1507322778,22881597,3681.30,0.01053365,1
1507322769,22881590,3681.27,0.01997896,0
1507322754,22881574,3681.15,0.01997961,1
1507322739,22881563,3681.11,0.01998183,1
1507322727,22881556,3680.49,0.01998725,1
1507322716,22881545,3681.07,0.01997960,1
1507322705,22881539,3680.97,0.01998565,1
1507322687,22881523,3694.39,0.01488084,0
1507322686,22881522,3694.28,0.01998679,0
1507322685,22881518,3694.40,0.01812969,0
1507322684,22881517,3694.29,0.00550022,0
1507322684,22881516,3693.28,0.02805960,0
1507322682,22881515,3680.75,0.01998679,0
1507322648,22881496,3680.45,0.02805960,1
1507322644,22881495,3693.28,0.02650600,0
1507322637,22881489,3680.36,0.00550022,1
1507322637,22881488,3683.69,0.00450000,1
1507322593,22881475,3693.20,0.00396543,0
1507322569,22881466,3693.28,0.02668514,0
1507322565,22881465,3693.28,0.00270090,0
1507322533,22881457,3693.28,0.17723044,0
1507322508,22881440,3693.29,0.01000000,0
1507322464,22881422,3694.00,0.00790611,0
1507322407,22881396,3689.33,0.02672457,0
1507322338,22881369,3683.69,0.53157679,0
1507322309,22881364,3683.69,2.51000000,0
1507322307,22881361,3683.69,0.26739297,0
1507322304,22881360,3681.92,0.10000000,1
1507322304,22881359,3682.00,0.20000000,1
1507322249,22881341,3694.80,0.41103365,0
1507322248,22881340,3694.80,0.06918714,0
1507322245,22881339,3694.89,0.10561848,0
1507322216,22881307,3697.60,0.03195687,0
1507322204,22881305,3697.79,0.01012247,0
1507322188,22881289,3695.82,0.01000000,1
1507322144,22881207,3699.49,0.16403213,0
1507322119,22881198,3697.30,1.33145030,0
1507322105,22881193,3697.40,0.02482014,0
1507322104,22881191,3697.40,0.02103653,0
1507322083,22881171,3697.50,0.01000000,0
1507322019,22881141,3697.89,0.00290548,0
1507322014,22881140,3697.90,0.02670172,0
1507321985,22881127,3697.18,0.06568433,0
1507321984,22881124,3697.19,0.03701558,0
1507321971,22881114,3697.40,0.01000000,0
1507321944,22881098,3695.60,0.22509816,0
1507321944,22881097,3694.98,0.08747409,0
1507321944,22881096,3692.42,0.01182172,0
1507321944,22881095,3692.29,0.11252387,0
1507321943,22881094,3692.29,0.11252387,0
1507321943,22881093,3692.29,0.18753979,0
1507321943,22881092,3691.96,0.16331850,0
1507321868,22881052,3691.96,0.52869333,0
1507321868,22881051,3690.00,0.05000000,0
1507321867,22881050,3689.00,0.06024699,0
1507321866,22881049,3689.00,0.00628400,0
1507321854,22881042,3691.99,0.01000000,0
1507321803,22881003,3689.00,0.12438330,0
1507321784,22880991,3688.38,0.00787010,0
1507321695,22880969,3686.66,0.10434215,1
1507321693,22880967,3686.66,0.02883447,0
1507321633,22880951,3683.60,0.02689956,0
1507321610,22880949,3675.00,0.30000000,0
1507321598,22880946,3686.66,0.01000000,0
1507321585,22880945,3686.66,0.01429555,0
1507321585,22880944,3686.65,0.01243111,0
1507321566,22880939,3686.66,0.00149782,0
1507321566,22880938,3686.65,0.02486223,0
1507321504,22880907,3686.66,0.04030000,0
1507321491,22880890,3686.66,0.09496582,1
1507321486,22880887,3689.69,0.01801777,1
1507321484,22880886,3684.25,0.17147797,0
1507321451,22880875,3678.00,0.00500000,0
1507321424,22880856,3678.85,0.01653032,0
1507321414,22880849,3680.00,0.10000000,1
1507321405,22880848,3683.00,0.26265816,1
1507321404,22880845,3684.26,0.02944229,0
1507321383,22880834,3684.26,0.01270470,0
1507321365,22880829,3684.25,0.00270340,0
1507321278,22880806,3689.85,0.00854871,0
1507321278,22880805,3689.84,0.00145129,0
1507321264,22880802,3689.84,0.01873251,0
1507321203,22880797,3689.84,0.02487099,0
1507321177,22880789,3680.90,0.03275941,0
1507321176,22880788,3682.61,0.08747409,1
1507321176,22880787,3682.74,0.03458566,1
1507321174,22880785,3683.00,0.38922947,1
1507321146,22880779,3694.69,0.00150000,0
1507321145,22880778,3683.00,0.09436080,1
1507321133,22880775,3694.83,0.09394028,1
1507321132,22880774,3694.83,0.06523859,0
1507321126,22880773,3683.00,0.00234425,1
1507321121,22880772,3683.00,0.00468849,1
1507321119,22880771,3683.00,0.00937699,1
1507321114,22880770,3682.70,0.00693226,1
1507321114,22880769,3682.78,0.01182172,1
1507321112,22880768,3682.71,0.01258753,1
1507321112,22880767,3682.74,0.02492043,1
1507321108,22880766,3682.74,0.07501591,1
1507321106,22880764,3682.78,0.15003183,1
1507321101,22880763,3682.74,0.30006366,1
1507321007,22880740,3694.98,0.00775850,0
1507320986,22880733,3694.99,0.02668150,0
1507320964,22880726,3695.00,0.20980076,1
1507320962,22880724,3694.28,0.00624024,0
1507320949,22880722,3694.28,0.08137793,0
1507320948,22880721,3694.28,0.04558095,0
1507320930,22880718,3682.39,0.20000000,1
1507320902,22880705,3694.28,0.02667878,0
1507320882,22880694,3682.39,0.07225973,1
1507320868,22880683,3695.49,0.12000000,1
1507320844,22880678,3695.79,0.12415478,0
1507320836,22880676,3694.40,1.04038073,0
1507320808,22880673,3695.09,0.47438639,0
1507320808,22880672,3695.08,0.30000000,0
1507320808,22880671,3694.58,0.03486174,0
1507320807,22880670,3694.49,0.19075187,0
1507320785,22880658,3682.37,0.04851284,1
1507320785,22880657,3682.45,0.00148716,1
1507320785,22880656,3682.45,0.05000000,1
1507320785,22880655,3682.48,0.30000000,1
1507320725,22880609,3694.49,0.00824374,0
1507320725,22880608,3694.49,0.00467342,0
1507320723,22880604,3694.30,0.02016460,0
1507320693,22880601,3693.40,0.84929741,0
1507320689,22880599,3693.40,0.00778418,0
1507320668,22880596,3693.40,0.10025000,0
1507320665,22880595,3693.49,0.07683435,0
1507320650,22880591,3693.60,0.01202330,0
1507320650,22880590,3693.58,0.12260738,0
1507320638,22880587,3693.68,0.02682134,0
1507320538,22880560,3693.70,0.05467122,0
1507320524,22880554,3693.99,0.05337766,0
1507320510,22880552,3689.99,0.02025885,0
1507320504,22880549,3689.89,0.02548154,0
1507320490,22880548,3689.64,0.01253262,0
1507320465,22880540,3689.68,0.00796839,0
1507320463,22880539,3689.67,0.00757362,0
1507320449,22880529,3684.64,0.03853106,0
1507320448,22880528,3684.64,0.00785957,0
1507320419,22880506,3682.39,0.20000000,1
1507320387,22880497,3690.00,0.00297433,1
1507320379,22880494,3690.00,0.00594865,1
1507320379,22880493,3690.00,0.02000000,1
1507320347,22880481,3694.30,0.15684703,0
1507320330,22880477,3694.30,0.23868933,0
1507320321,22880476,3694.30,0.01349917,0
1507320303,22880470,3694.30,0.00500000,0
1507320258,22880431,3681.08,0.26907400,1
1507320249,22880381,3694.30,0.08100316,0
1507320225,22880363,3694.38,0.02333214,0
1507320225,22880362,3691.80,0.00270870,0
1507320169,22880331,3690.00,0.00270330,1
1507320066,22880291,3690.00,0.34842527,0
1507320028,22880279,3690.00,0.51221073,0
1507320028,22880278,3689.99,0.23000000,0
1507320028,22880277,3688.95,0.00219215,0
1507320027,22880276,3688.22,0.25559712,0
1507320024,22880274,3688.22,0.02333403,0
1507319992,22880240,3688.19,0.00691976,0
1507319992,22880239,3688.18,0.01471669,0
1507319986,22880236,3674.87,0.01457230,1
1507319986,22880234,3678.00,0.09212436,1
1507319986,22880233,3679.02,0.01189732,1
1507319985,22880232,3679.02,0.01000000,1
1507319981,22880230,3688.22,0.13315930,0
1507319963,22880224,3688.22,0.13505329,0
1507319957,22880220,3688.22,0.01641000,0
1507319927,22880151,3678.00,0.00900000,1
1507319844,22880111,3678.00,0.14887564,1
1507319844,22880109,3682.50,0.02379464,1
1507319844,22880108,3682.50,0.10000000,1
1507319841,22880107,3688.20,0.26159514,0
1507319824,22880097,3688.20,0.10000000,0
1507319816,22880084,3687.57,0.04758926,1
1507319812,22880082,3687.57,0.01000000,1
1507319787,22880071,3688.20,0.02636608,0
1507319769,22880064,3688.20,0.02656932,0
1507319768,22880063,3688.20,0.01775616,0
1507319730,22880053,3688.20,0.05500263,0
1507319721,22880049,3688.20,0.01000000,0
1507319704,22880033,3688.22,0.01560581,0
1507319704,22880032,3686.85,0.00219214,0
1507319704,22880031,3685.89,0.11280720,0
1507319684,22880024,3685.89,0.15800935,0
1507319604,22879979,3686.30,0.00811297,0
1507319603,22879978,3685.50,0.01000000,0
1507319594,22879977,3685.59,0.00526200,0
1507319567,22879972,3685.40,0.02706626,0
1507319486,22879950,3685.10,0.02405371,0
1507319486,22879949,3684.75,0.00219213,0
1507319460,22879941,3675.60,0.09914098,1
1507319459,22879940,3676.47,0.01000000,1
1507319447,22879939,3684.26,0.13168874,0
1507319445,22879938,3684.26,0.00759768,0
1507319409,22879925,3684.09,0.01005130,0
1507319378,22879915,3684.19,0.02953327,0
1507319363,22879913,3684.10,0.00406069,0
1507319352,22879912,3675.60,0.13636192,1
1507319352,22879911,3680.00,0.00000244,1
1507319345,22879910,3684.26,0.01000000,0
1507319343,22879907,3684.26,0.13587803,0
1507319341,22879906,3682.66,0.00220212,0
1507319336,22879903,3680.00,0.38640761,1
1507319328,22879902,3682.64,0.39867534,0
1507319295,22879901,3682.64,0.14488508,0
1507319284,22879899,3682.64,0.02561118,0
1507319283,22879897,3682.64,0.02491962,0
1507319243,22879887,3682.64,0.01051732,0
1507319223,22879880,3682.64,0.01275395,0
1507319193,22879837,3675.60,0.05947311,1
1507319193,22879836,3676.30,0.01000000,1
1507319187,22879830,3682.60,0.10680927,0
1507319185,22879829,3682.60,0.02613025,0
1507319175,22879822,3682.64,0.13335085,0
1507319164,22879821,3682.64,0.01789847,0
1507319163,22879820,3682.64,0.25190624,0
1507319139,22879816,3682.50,0.11700000,0
1507319124,22879811,3682.61,0.08953112,0
1507319124,22879810,3680.56,0.00220211,0
1507319124,22879809,3680.32,0.00408033,0
1507319124,22879808,3675.60,0.00272060,0
1507319124,22879807,3675.60,0.74626005,0
1507319124,22879806,3675.60,0.13281994,0
1507319105,22879792,3675.60,0.10229622,0
1507319103,22879790,3675.60,0.63775438,0
1507319097,22879784,3675.60,0.01000000,0
1507319064,22879763,3675.60,0.14526317,0
1507319063,22879762,3675.60,0.01719000,0
1507319044,22879751,3675.60,0.00811927,0
1507318994,22879734,3675.60,0.07557463,0
1507318923,22879714,3675.60,0.12483676,0
1507318916,22879710,3675.60,0.24424584,0
1507318886,22879706,3674.50,0.05121635,0
1507318875,22879704,3671.33,0.05765816,0
1507318867,22879701,3671.33,0.21419796,0
1507318857,22879695,3671.33,0.18202336,0
1507318847,22879690,3671.33,0.02683548,0
1507318846,22879689,3671.33,0.00788992,0
1507318846,22879688,3671.33,0.01000000,0
1507318821,22879684,3671.33,0.08175825,0
1507318803,22879673,3671.33,0.05239975,0
1507318750,22879655,3671.17,0.01000000,0
1507318745,22879651,3671.33,0.01499728,0
1507318744,22879650,3671.17,0.01000000,0
1507318720,22879624,3671.17,0.40000000,0
1507318717,22879620,3671.17,0.00292052,0
1507318686,22879608,3671.17,0.26550604,0
1507318684,22879607,3671.17,0.02667332,0
1507318673,22879605,3671.17,0.01333163,0
1507318645,22879601,3671.17,0.04575000,0
1507318584,22879574,3671.17,0.03928213,0
1507318545,22879559,3671.17,0.02564208,0
1507318528,22879556,3660.01,0.30000000,0
1507318464,22879517,3671.17,0.02222737,0
1507318425,22879504,3671.17,0.08038598,0
1507318403,22879502,3671.17,0.06682257,0
1507318385,22879498,3671.17,0.01664776,0
1507318356,22879494,3671.17,0.00250000,0
1507318354,22879493,3671.17,0.02001177,0
1507318332,22879486,3671.17,0.00692596,0
1507318303,22879477,3671.16,0.02717125,0
1507318253,22879441,3671.18,1.10966301,0
1507318253,22879440,3671.17,0.27000000,0
1507318253,22879439,3669.52,0.53000000,0
1507318219,22879430,3671.21,0.06836594,0
1507318219,22879429,3671.21,0.31080980,0
1507318219,22879428,3671.20,0.30000000,0
1507318185,22879420,3671.32,0.01855000,0
1507318183,22879419,3671.32,0.02508140,0
1507318168,22879414,3671.34,0.09649930,0
1507318168,22879413,3671.33,0.70265340,0
1507318168,22879412,3667.00,0.02200000,0
1507318166,22879411,3666.94,0.16099029,0
1507318137,22879397,3667.00,0.01900000,1
1507318128,22879392,3667.00,0.03100000,0
1507318120,22879387,3666.97,0.54404863,0
1507318102,22879386,3667.00,0.01000000,0
1507318102,22879385,3666.97,0.01390440,0
1507318025,22879371,3669.93,0.02536739,0
1507317986,22879361,3670.29,0.14831761,0
1507317986,22879359,3670.00,0.01000000,0
1507317976,22879356,3669.79,0.05436278,0
1507317942,22879344,3669.86,0.07231281,0
1507317919,22879339,3669.92,0.00150000,0
1507317917,22879338,3669.85,0.01000000,0
1507317868,22879325,3669.85,0.09774555,0
1507317844,22879317,3669.87,0.00763119,0
1507317843,22879316,3669.84,0.02500654,0
1507317824,22879304,3653.52,0.01000000,1
1507317820,22879293,3669.96,0.01359143,0
1507317804,22879289,3669.94,0.01536432,0
1507317763,22879261,3665.66,0.00272110,0
1507317724,22879241,3665.82,0.01000000,0
1507317723,22879240,3665.79,0.02503417,0
1507317685,22879229,3665.89,0.01987023,0
1507317645,22879211,3666.48,0.01855000,0
1507317642,22879208,3666.49,0.00558460,0
1507317613,22879196,3666.65,0.06997000,0
1507317610,22879194,3666.68,0.14460007,0
1507317608,22879191,3647.10,0.05719057,0
1507317606,22879190,3648.98,0.01000000,1
1507317578,22879100,3639.90,0.15000000,1
1507317578,22879099,3639.90,1.00000000,1
1507317578,22879097,3639.90,0.50000000,1
1507317578,22879095,3639.90,2.56591455,1
1507317577,22879094,3640.00,0.13000000,1
1507317577,22879093,3640.00,0.10000000,1
1507317577,22879092,3640.00,1.88408545,1
1507317577,22879091,3640.00,1.11591455,1
1507317577,22879090,3640.00,0.25000000,1
1507317577,22879089,3640.00,1.43951855,1
1507317577,22879088,3640.00,0.27000000,0
1507317576,22879087,3640.30,0.15000000,1
1507317576,22879086,3640.56,0.00220211,1
1507317576,22879085,3640.60,0.53000000,1
1507317576,22879084,3640.60,0.10000000,1
1507317575,22879083,3642.00,0.12500000,1
1507317575,22879080,3642.66,0.00220212,1
1507317575,22879078,3642.66,0.13422770,0
1507317575,22879077,3643.02,0.00408025,1
1507317574,22879076,3643.20,0.01000000,1
1507317574,22879075,3643.38,0.00271730,1
1507317574,22879074,3644.75,0.00219213,1
1507317574,22879073,3645.08,0.50000000,1
1507317573,22879072,3645.15,0.08000000,1
1507317573,22879071,3645.31,0.00111875,1
1507317573,22879070,3645.31,0.00135248,1
1507317573,22879069,3645.31,0.00024457,1
1507317572,22879068,3646.85,0.00219214,1
1507317572,22879067,3646.94,0.00272150,1
1507317572,22879066,3648.95,0.00219215,1
1507317571,22879065,3649.51,0.32213479,1
1507317571,22879064,3650.00,0.10000000,1
1507317571,22879063,3650.00,0.67684064,1
1507317571,22879062,3650.00,0.10000000,1
1507317571,22879060,3650.00,0.10000000,1
1507317571,22879059,3650.00,0.00546500,1
1507317571,22879058,3650.00,0.02749863,1
1507317571,22879057,3650.00,0.10000000,1
1507317570,22879056,3650.00,0.13590000,1
1507317570,22879055,3650.00,2.00000000,1
1507317570,22879054,3650.00,0.06600000,1
1507317570,22879053,3650.00,1.00000000,1
1507317570,22879052,3650.00,1.26725264,1
1507317570,22879051,3650.00,0.10000000,1
1507317570,22879050,3650.00,1.00000000,1
1507317570,22879048,3650.00,0.10000000,1
1507317569,22879047,3650.20,0.01500000,1
1507317569,22879046,3650.22,0.24700000,1
1507317569,22879045,3651.00,0.02975075,1
1507317569,22879044,3651.00,9.87928125,1
1507317569,22879043,3651.00,2.90286821,1
1507317568,22879042,3651.10,0.20000000,1
1507317568,22879041,3651.11,0.06000000,0
1507317568,22879040,3651.85,0.00547668,1
1507317568,22879039,3653.96,0.10032147,1
1507317567,22879038,3654.02,0.02729870,1
1507317567,22879037,3654.39,0.01091837,1
1507317567,22879036,3654.40,0.31000000,0
1507317567,22879035,3655.00,0.30000000,1
1507317566,22879034,3656.00,0.10127440,1
1507317566,22879033,3656.01,0.51082770,1
1507317566,22879032,3656.07,0.95320005,0
1507317565,22879031,3657.00,0.00245012,1
1507317565,22879030,3660.00,0.10000000,1
1507317565,22879029,3660.00,0.08334698,1
1507317565,22879028,3662.50,0.01341178,1
1507317564,22879027,3663.49,0.01399000,1
1507317564,22879026,3664.07,0.00270190,1
1507317564,22879025,3665.00,0.08084240,1
1507317564,22879024,3665.01,2.11025582,1
1507317563,22879023,3666.00,0.16252774,1
1507317563,22879022,3666.00,0.02992772,1
1507317563,22879021,3667.00,0.10000000,1
1507317561,22879019,3667.79,0.16068297,1
1507317540,22878994,3667.79,0.40219822,1
1507317540,22878993,3667.95,0.09780178,1
1507317540,22878991,3667.95,0.01115554,1
1507317538,22878989,3669.00,1.00000000,1
1507317538,22878988,3669.50,0.01400000,1
1507317534,22878982,3670.00,0.05000000,1
1507317534,22878981,3670.00,0.10000000,1
1507317525,22878965,3672.00,0.05530000,1
1507317525,22878964,3672.00,0.00136200,1
1507317525,22878963,3672.32,0.09982090,1
1507317520,22878960,3673.45,0.01917543,1
1507317515,22878958,3675.15,0.01000000,1
1507317509,22878954,3675.00,0.10000000,1
1507317509,22878953,3675.00,0.26057661,1
1507317506,22878952,3675.20,0.01700000,1
1507317504,22878951,3675.60,0.02025000,0
1507317493,22878948,3675.60,0.03351710,0
1507317443,22878913,3675.00,0.47056083,1
1507317410,22878899,3675.60,0.01355684,0
1507317409,22878898,3675.60,0.21358102,0
1507317409,22878895,3675.00,0.14274781,1
1507317407,22878893,3675.60,0.04783080,0
1507317405,22878890,3675.60,0.03851217,0
1507317404,22878889,3675.00,0.12611475,1
1507317404,22878886,3675.00,0.76113914,1
1507317401,22878884,3675.60,0.03741700,0
1507317385,22878868,3675.60,0.00690342,0
1507317344,22878850,3675.60,0.01272560,0
1507317331,22878846,3675.60,0.20517129,0
1507317326,22878844,3675.60,1.22784175,1
1507317326,22878843,3676.42,0.01000000,1
1507317304,22878838,3683.78,0.01142929,0
1507317284,22878834,3675.60,0.09500000,1
1507317282,22878833,3675.60,0.20942095,1
1507317279,22878825,3675.60,0.20942095,1
1507317274,22878820,3675.60,0.15700077,1
1507317270,22878814,3675.60,0.01665581,1
1507317259,22878808,3675.60,0.00665977,1
1507317259,22878807,3676.42,0.01000000,1
1507317257,22878803,3683.79,0.26580472,0
1507317246,22878793,3683.79,0.00786530,0
1507317244,22878792,3683.79,0.02995401,0
1507317228,22878782,3683.79,0.08288840,0
1507317214,22878776,3683.79,0.38204132,0
1507317183,22878770,3675.99,0.27607855,1
1507317142,22878763,3688.09,0.08350722,0
1507317127,22878755,3688.10,0.01331237,0
1507317025,22878709,3688.22,0.02552258,0
1507317006,22878704,3688.22,0.02089491,0
1507316985,22878692,3688.17,0.00758610,0
1507316970,22878682,3688.17,0.02273452,0
1507316948,22878678,3688.19,0.02084700,0
1507316946,22878677,3688.19,0.00046732,0
1507316946,22878676,3688.18,0.13007786,0
1507316865,22878663,3688.22,0.00974100,0
1507316828,22878660,3688.22,0.00145908,0
1507316825,22878657,3689.81,0.40404248,0
1507316823,22878656,3688.22,0.23135554,0
1507316821,22878653,3688.22,0.01622734,0
1507316781,22878639,3688.27,0.06670239,0
1507316764,22878638,3688.30,0.05241712,0
1507316741,22878633,3676.67,0.09801246,1
1507316740,22878632,3676.67,0.30000000,1
1507316740,22878631,3676.73,0.00291817,1
1507316726,22878627,3688.34,0.62660200,0
1507316724,22878626,3688.34,0.01084017,0
1507316651,22878607,3688.36,0.01750106,0
1507316649,22878606,3688.37,0.00784962,0
1507316637,22878602,3688.38,0.02682610,0
1507316631,22878598,3676.07,0.03181067,0
1507316629,22878597,3679.20,0.00583633,1
1507316629,22878596,3679.20,0.00271120,1
1507316629,22878594,3679.20,0.15964180,1
1507316624,22878592,3679.20,0.05100000,1
1507316564,22878579,3679.20,0.03485820,1
1507316520,22878568,3679.20,0.06700000,1
1507316515,22878566,3689.01,0.00405528,0
1507316465,22878546,3689.00,0.00758446,0
1507316411,22878528,3689.01,0.04629516,0
1507316347,22878525,3689.01,0.02494234,0
1507316346,22878523,3689.01,0.00758226,0
1507316344,22878522,3689.01,0.01855000,0
1507316338,22878520,3689.01,0.02682595,0
1507316337,22878519,3689.01,0.02682761,0
1507316324,22878478,3689.01,0.00914200,0
1507316318,22878474,3689.01,0.06222730,0
1507316306,22878470,3689.02,0.02319907,0
1507316286,22878468,3689.02,0.01173917,0
1507316283,22878465,3689.02,0.02487653,0
1507316282,22878463,3689.02,0.09526247,0
1507316277,22878462,3689.02,0.00423400,0
1507316247,22878455,3689.02,0.26870875,0
1507316244,22878451,3689.02,0.02583596,0
1507316164,22878434,3689.66,0.02960553,0
1507316163,22878432,3689.66,0.06218459,0
1507316125,22878424,3688.79,0.08058135,0
1507316064,22878408,3688.78,0.01207997,0
1507316051,22878403,3688.78,0.20025000,0
1507316035,22878393,3690.49,0.01609813,0
1507316024,22878384,3690.59,0.01855312,0
1507315963,22878366,3691.25,0.01036625,0
1507315959,22878365,3691.25,0.10921271,0
1507315958,22878364,3689.66,0.07294160,0
1507315884,22878305,3689.66,0.01748811,0
1507315863,22878298,3689.65,0.00758314,0
1507315850,22878290,3689.65,0.00500000,0
1507315845,22878286,3689.66,0.02597997,0
1507315789,22878247,3689.66,0.01398773,0
1507315787,22878245,3689.63,0.06472769,0
1507315764,22878236,3689.60,0.01047716,0
1507315688,22878207,3691.80,0.01936493,1
1507315688,22878206,3689.69,0.11108464,0
1507315625,22878195,3689.66,0.03063388,0
1507315619,22878190,3689.66,0.05000000,0
1507315584,22878129,3689.66,0.01456244,0
1507315564,22878118,3689.62,0.02144236,0
1507315564,22878117,3684.00,0.01687633,0
1507315561,22878112,3684.00,0.01167265,0
1507315554,22878109,3684.67,0.02334530,1
1507315527,22878100,3689.66,0.02583095,0
1507315516,22878099,3677.71,0.24031730,0
1507315516,22878098,3684.67,0.02294766,1
1507315514,22878095,3689.69,0.04669060,1
1507315514,22878094,3689.69,0.00004444,1
1507315510,22878092,3689.69,0.11108464,1
1507315482,22878084,3689.69,0.02602906,0
1507315442,22878048,3689.69,0.06217866,0
1507315416,22878030,3689.69,0.04588209,0
1507315415,22878028,3689.58,0.33360768,0
1507315415,22878026,3685.00,0.04417636,0
1507315415,22878025,3685.00,0.09338120,1
1507315415,22878024,3685.00,0.52604564,1
1507315410,22878020,3685.00,1.08437661,1
1507315405,22878016,3689.79,0.02820372,0
1507315404,22878013,3689.79,0.54049869,0
1507315403,22878012,3689.70,1.95975131,0
1507315401,22878011,3685.00,10.00000000,1
1507315396,22878009,3689.70,0.04024869,0
1507315369,22877970,3689.89,0.00604083,0
1507315317,22877942,3691.80,0.05079636,0
1507315293,22877934,3692.00,0.22480498,0
1507315284,22877933,3692.89,0.01855000,0
1507315175,22877891,3692.89,0.01361367,0
1507315166,22877890,3693.10,0.11860811,0
1507315166,22877889,3690.54,0.03247977,0
1507315166,22877888,3690.34,0.02486755,0
1507315162,22877887,3689.70,0.01546297,0
1507315161,22877886,3689.70,0.02556673,0
1507315138,22877881,3685.01,0.25828000,1
1507315120,22877858,3684.00,0.14678632,0
1507315120,22877857,3683.18,0.24279143,0
1507315105,22877854,3683.18,0.02644427,0
1507315085,22877845,3683.18,0.00944757,0
1507315085,22877844,3683.15,0.00105492,0
1507315044,22877838,3681.99,0.01925000,0
1507315025,22877835,3681.99,0.00887942,0
1507315024,22877834,3681.99,0.10256535,0
1507314988,22877823,3681.99,0.12007012,0
1507314987,22877822,3681.99,0.02022002,0
1507314987,22877821,3681.99,0.00837000,0
1507314941,22877816,3675.60,0.00500000,1
1507314941,22877815,3675.60,0.00500000,1
1507314941,22877814,3675.60,0.00500000,1
1507314908,22877810,3681.99,0.02640496,0
1507314906,22877809,3681.99,0.01398024,0
1507314903,22877807,3681.99,0.00759892,0
1507314900,22877805,3681.99,0.05500051,0
1507314892,22877804,3681.99,0.02680617,0
1507314826,22877740,3681.99,0.01317063,0
1507314823,22877738,3681.99,0.02731430,0
1507314782,22877724,3681.99,0.00759665,0
1507314765,22877715,3682.00,0.00412561,0
1507314765,22877714,3682.00,0.00912852,0
1507314763,22877713,3682.00,0.01265697,0
1507314761,22877712,3682.00,0.01905000,0
1507314702,22877692,3682.00,0.02692882,0
1507314686,22877678,3682.00,0.06715643,0
1507314685,22877676,3682.00,0.02639436,0
1507314684,22877675,3682.00,0.06398701,0
1507314681,22877672,3682.00,0.00273493,0
1507314602,22877644,3682.00,0.12981586,0
1507314583,22877626,3683.15,0.01625090,0
1507314581,22877623,3683.15,0.12551240,0
1507314569,22877615,3683.15,0.05345882,0
1507314568,22877613,3683.15,0.02686838,0
1507314567,22877612,3683.15,0.02685458,0
1507314542,22877589,3683.10,0.02688972,0
1507314527,22877576,3683.10,0.14326790,0
1507314505,22877562,3683.10,0.11117834,0
1507314505,22877561,3683.09,0.04257967,0
1507314450,22877537,3675.01,0.01084025,1
1507314425,22877533,3683.12,0.02297169,0
1507314423,22877527,3683.14,0.02491623,0
1507314363,22877517,3683.12,0.06228958,0
1507314344,22877503,3683.14,0.02526592,0
1507314336,22877499,3683.15,0.18643265,1
1507314333,22877495,3683.16,0.37286530,0
1507314330,22877493,3675.01,0.02083000,1
1507314328,22877486,3684.00,0.25416388,0
1507314327,22877484,3683.18,0.55364683,1
1507314327,22877483,3683.25,0.13319352,1
1507314326,22877480,3683.18,0.20474849,0
1507314325,22877479,3683.15,0.20475000,0
1507314317,22877476,3675.01,0.22037869,1
1507314283,22877471,3675.01,0.16321596,1
1507314173,22877435,3680.19,0.07976250,0
1507314173,22877434,3680.19,0.12893392,0
1507314173,22877433,3680.19,0.79001848,0
1507314173,22877432,3680.18,0.00271730,0
1507314004,22877357,3680.18,0.12468140,0
1507313981,22877350,3680.15,0.00332867,0
1507313966,22877346,3680.18,0.00758617,0
1507313964,22877344,3679.94,0.01550966,0
1507313946,22877328,3680.01,0.00677715,1
1507313943,22877327,3675.00,0.10058855,1
1507313883,22877299,3680.14,0.17094870,0
1507313863,22877286,3680.14,0.00825000,0
1507313862,22877282,3680.14,0.00614910,0
1507313860,22877276,3680.03,0.04239885,0
1507313859,22877272,3677.00,0.03747346,0
1507313858,22877271,3677.00,0.00290946,0
1507313795,22877254,3677.00,0.01307000,0
1507313793,22877251,3675.00,0.13827231,1
1507313788,22877248,3677.00,0.05235654,0
1507313781,22877237,3675.88,0.10199734,1
1507313779,22877233,3677.00,0.00004307,1
1507313779,22877231,3677.70,0.00180958,1
1507313778,22877229,3680.15,0.00436124,0
1507313776,22877228,3677.00,0.09995693,1
1507313775,22877226,3677.70,0.00361917,1
1507313775,22877225,3677.70,0.00404024,1
1507313775,22877224,3678.00,0.00004577,1
1507313765,22877213,3678.00,0.01441228,1
1507313765,22877212,3678.00,0.10000000,1
1507313758,22877203,3680.16,0.00723832,0
1507313754,22877193,3680.19,0.01447664,1
1507313754,22877192,3680.19,0.64692364,1
1507313754,22877191,3680.19,0.12893421,1
1507313750,22877184,3680.19,0.01447545,1
1507313737,22877163,3688.13,0.13316432,0
1507313723,22877158,3682.97,0.01269840,0
1507313716,22877151,3680.19,0.12498686,1
1507313700,22877140,3680.19,0.03900263,1
1507313694,22877136,3680.19,0.04228758,1
1507313694,22877135,3680.30,0.00002440,1
1507313688,22877132,3680.30,0.06097560,1
1507313681,22877128,3689.97,0.02652283,0
1507313623,22877101,3690.71,0.03643012,0
1507313600,22877088,3690.94,0.41112676,0
1507313583,22877080,3691.05,0.02486264,1
1507313570,22877076,3680.19,0.00338963,1
1507313569,22877075,3680.20,0.05000000,1
1507313569,22877074,3680.77,0.00554503,1
1507313562,22877073,3680.77,0.30032365,1
1507313548,22877067,3680.78,0.02486755,1
1507313530,22877060,3692.01,0.04005663,0
1507313484,22877035,3681.01,0.26025000,1
1507313481,22877023,3680.98,0.03247977,1
1507313443,22877001,3693.30,0.06651217,0
1507313438,22877000,3681.07,0.16224061,1
1507313425,22876996,3693.58,0.07979471,0
1507313416,22876991,3693.55,0.03687210,0
1507313297,22876883,3680.77,0.63479937,1
1507313275,22876877,3694.33,0.02617367,0
1507313206,22876845,3694.33,0.02530047,0
1507313204,22876843,3694.33,0.01245000,0
1507313184,22876838,3694.33,0.06025000,0
1507313058,22876821,3694.33,0.29719575,0
1507313058,22876820,3694.30,0.56676864,0
1507313035,22876806,3678.01,0.68921573,1
1507313035,22876805,3680.00,0.01000000,1
1507313035,22876804,3680.00,0.10000000,1
1507313035,22876803,3680.00,0.10000000,1
1507313035,22876802,3680.01,0.97267350,1
1507313034,22876801,3681.87,0.01694787,1
1507313034,22876800,3682.00,0.00001480,1
1507313004,22876787,3694.46,0.10799955,0
1507313000,22876785,3694.49,0.00689161,0
1507313000,22876784,3694.49,0.08943936,0
1507312999,22876783,3694.39,0.04194480,0
1507312999,22876782,3694.37,0.13861544,0
1507312997,22876780,3682.03,0.60803704,1
1507312985,22876777,3682.13,0.03497477,1
1507312984,22876773,3682.13,0.01280648,1
1507312981,22876772,3682.13,0.00111875,0
1507312977,22876771,3682.13,0.00135248,0
1507312971,22876767,3682.05,0.10000000,1
1507312971,22876766,3682.12,0.00186328,1
1507312960,22876749,3682.13,0.00024457,1
1507312958,22876748,3682.13,0.00348200,1
1507312944,22876747,3694.44,0.12425057,0
1507312944,22876746,3690.35,0.87599943,0
1507312925,22876743,3690.35,0.06951806,0
1507312924,22876742,3690.35,0.02486755,0
1507312893,22876720,3690.35,0.03836466,0
1507312863,22876691,3682.00,0.03698520,1
1507312826,22876668,3690.35,0.10559317,0
1507312824,22876666,3690.35,0.02766736,0
1507312824,22876664,3690.34,0.01742600,0
1507312824,22876663,3690.34,0.03297891,0
1507312807,22876639,3685.01,0.00745314,0
1507312805,22876638,3685.01,0.02578823,0
1507312805,22876636,3685.01,0.00001990,1
1507312803,22876633,3690.35,0.00270977,0
1507312801,22876631,3685.01,0.01488637,0
1507312800,22876630,3685.01,0.03486174,1
1507312752,22876609,3681.90,0.03184140,1
1507312749,22876603,3684.97,0.00053046,1
1507312748,22876602,3684.97,0.12446954,0
1507312744,22876591,3697.50,0.11922648,0
1507312742,22876585,3684.97,0.00488473,0
1507312739,22876577,3684.97,0.02500000,0
1507312737,22876574,3684.97,0.02981255,0
1507312733,22876566,3684.97,0.00002389,1
1507312730,22876561,3684.97,0.05960121,0
1507312728,22876558,3684.97,0.00011996,1
1507312724,22876546,3697.80,0.01946003,0
1507312721,22876541,3684.97,0.29988004,1
1507312718,22876536,3697.88,0.01348611,0
1507312656,22876481,3697.89,0.02697484,0
1507312645,22876475,3697.89,0.08504462,0
1507312645,22876474,3697.88,0.02434966,0
1507312644,22876473,3684.67,0.27635212,1
1507312606,22876423,3697.89,0.05832881,0
1507312606,22876422,3697.88,0.11496941,0
1507312605,22876421,3697.87,0.03916400,0
1507312587,22876409,3697.88,0.01300000,0
1507312573,22876351,3697.89,0.14278948,0
1507312572,22876349,3697.88,0.04433800,1
1507312571,22876347,3697.88,0.04485370,0
1507312552,22876337,3697.89,0.08646618,0
1507312524,22876319,3697.88,0.02545694,0
1507312513,22876311,3697.89,0.04111703,0
1507312488,22876303,3697.89,0.19669765,0
1507312444,22876290,3697.89,0.01395710,0
1507312403,22876269,3697.87,0.10412115,0
1507312391,22876259,3697.84,0.22876667,0
1507312363,22876233,3697.84,0.01778195,0
1507312340,22876227,3697.83,0.02142987,0
1507312332,22876222,3697.83,0.04046157,0
1507312306,22876210,3697.27,0.03505000,0
1507312305,22876209,3697.36,0.01809812,0
1507312275,22876204,3697.41,0.00556435,1
1507312250,22876199,3683.50,0.32453685,0
1507312248,22876198,3689.66,0.10806019,1
1507312248,22876197,3689.66,0.54070022,1
1507312244,22876196,3697.87,0.01267400,0
1507312168,22876176,3697.89,0.07958075,0
1507312161,22876175,3690.00,0.01905340,1
1507312161,22876174,3690.00,0.24557487,1
1507312133,22876166,3690.00,0.25500404,1
1507312133,22876165,3690.01,0.23517379,1
1507312133,22876164,3690.01,0.25695684,1
1507312124,22876158,3698.00,0.00771002,0
1507312112,22876144,3697.97,0.55095320,0
1507312104,22876137,3698.00,0.00776609,0
1507312099,22876133,3689.68,0.21123874,1
1507312093,22876127,3697.83,0.00809123,0
1507312076,22876109,3689.61,0.21996007,0
1507312076,22876108,3689.60,0.01387009,0
1507312024,22876044,3689.77,0.03838600,0
1507312011,22876030,3685.08,0.25374694,1
1507312005,22876023,3685.08,0.01592600,1
1507312000,22876016,3685.07,0.04687963,1
1507311997,22876010,3689.93,0.02838242,0
1507311993,22876008,3685.07,0.02705173,1
1507311989,22876001,3685.07,0.23507975,1
1507311971,22875987,3685.06,0.20000000,1
1507311965,22875981,3690.41,0.17456650,0
1507311965,22875980,3685.06,0.10179340,0
1507311947,22875927,3681.00,0.43515013,1
1507311947,22875926,3681.00,0.00941170,1
1507311915,22875899,3685.06,0.37578921,0
1507311915,22875898,3683.23,0.03479340,0
1507311915,22875897,3683.23,0.02975677,0
1507311906,22875877,3683.23,0.02587625,0
1507311905,22875876,3683.23,0.01269159,0
1507311876,22875861,3681.00,0.09058830,1
1507311868,22875852,3683.23,0.33000000,0
1507311844,22875796,3683.23,0.01104000,0
1507311829,22875782,3682.99,0.13214480,0
1507311828,22875779,3682.99,0.06075626,1
1507311828,22875778,3682.99,0.00568560,1
1507311828,22875777,3683.00,0.00137335,1
1507311828,22875775,3683.00,0.00003999,1
1507311823,22875771,3683.00,0.09996001,1
1507311819,22875764,3683.23,0.00276592,0
1507311817,22875763,3683.23,0.29881970,0
1507311808,22875760,3683.23,0.10000000,0
1507311808,22875759,3683.23,0.01104000,0
1507311806,22875758,3683.23,0.00541644,0
1507311800,22875749,3685.06,0.01104000,0
1507311798,22875741,3683.23,0.49980007,1
1507311793,22875724,3685.06,0.01117746,0
1507311792,22875719,3696.25,0.05326996,0
1507311785,22875700,3685.12,0.14879093,1
1507311776,22875673,3683.06,0.00577760,0
1507311773,22875654,3685.05,0.02177495,1
1507311773,22875651,3693.61,0.01105000,0
1507311762,22875642,3693.64,0.01108000,0
1507311760,22875631,3693.64,0.00270060,0
1507311757,22875628,3693.64,0.01116000,0
1507311752,22875616,3693.62,0.03347000,0
1507311747,22875607,3686.00,0.11120492,0
1507311746,22875603,3685.06,0.06754546,1
1507311745,22875601,3686.00,0.05530000,1
1507311745,22875600,3686.10,0.06500000,1
1507311744,22875595,3686.11,0.09000000,1
1507311743,22875591,3686.11,0.16279502,1
1507311743,22875590,3688.00,0.01000000,1
1507311740,22875580,3693.66,0.01293697,0
1507311740,22875579,3689.00,0.00706303,0
1507311739,22875578,3689.00,0.02000000,1
1507311739,22875577,3692.71,0.02327591,1
1507311739,22875576,3693.00,0.01066106,1
1507311739,22875575,3693.00,0.13900000,1
1507311734,22875562,3696.29,0.00255492,1
1507311732,22875558,3701.53,0.13227896,0
1507311704,22875521,3711.68,0.00780516,0
1507311686,22875514,3711.99,0.24579249,0
1507311686,22875513,3711.99,0.03726554,0
1507311685,22875512,3695.95,0.82315277,1
1507311684,22875510,3712.00,0.00754392,0
1507311673,22875494,3712.01,0.02672162,0
1507311672,22875493,3711.97,0.10565803,0
1507311624,22875483,3712.46,0.01264289,0
1507311545,22875440,3707.44,0.02597396,0
1507311525,22875413,3707.49,0.02516414,0
1507311519,22875402,3693.12,0.01582260,1
1507311508,22875393,3707.50,0.06424468,0
1507311506,22875390,3707.53,0.01452413,0
1507311500,22875387,3693.19,0.07190172,1
1507311493,22875378,3703.56,0.00000104,1
1507311493,22875376,3703.56,0.05179000,1
1507311491,22875373,3703.56,0.05385359,0
1507311471,22875357,3703.56,0.00002156,1
1507311467,22875353,3703.56,0.05387515,1
1507311456,22875345,3703.55,0.03313829,0
1507311450,22875336,3703.55,0.26313979,0
1507311448,22875332,3703.55,0.00673407,0
1507311446,22875329,3703.55,0.00777823,0
1507311445,22875326,3703.56,0.53867090,0
1507311435,22875303,3692.71,0.19818487,1
1507311425,22875282,3692.71,0.02923018,1
1507311423,22875278,3698.20,0.06203558,0
1507311411,22875263,3698.20,0.08161089,0
1507311410,22875262,3698.20,0.01485000,0
1507311410,22875259,3698.20,0.11849050,1
1507311409,22875257,3698.20,0.15582023,1
1507311409,22875255,3698.20,0.54069236,1
1507311408,22875251,3692.71,0.02045724,1
1507311407,22875250,3698.17,0.03518746,0
1507311407,22875249,3694.98,0.00936254,0
1507311406,22875248,3694.98,0.27063746,1
1507311404,22875236,3698.21,0.01307581,0
1507311402,22875231,3698.22,0.23601620,0
1507311401,22875230,3698.22,0.13364000,0
1507311397,22875219,3692.92,1.14472000,0
1507311396,22875216,3692.92,0.02218000,0
1507311395,22875208,3692.72,0.01621680,0
1507311393,22875204,3692.72,3.02751829,1
1507311392,22875203,3694.93,0.03000000,1
1507311392,22875202,3694.97,0.74000000,1
1507311392,22875199,3696.73,0.00432058,1
1507311392,22875198,3696.73,0.00135525,1
1507311388,22875178,3698.22,0.01259699,0
1507311388,22875176,3698.22,1.14472000,0
1507311387,22875173,3696.73,0.12634812,0
1507311384,22875159,3700.11,1.14472000,1
1507311383,22875158,3700.43,0.21000000,1
1507311383,22875157,3703.00,1.50050000,1
1507311383,22875155,3703.01,3.00360388,1
1507311379,22875141,3707.00,0.16900000,1
1507311378,22875137,3709.31,1.10000000,0
1507311374,22875129,3709.05,0.09766257,1
1507311374,22875128,3711.00,0.00260000,1
1507311266,22875058,3721.15,0.23925386,0
1507311244,22875053,3721.27,0.12330467,0
1507311231,22875047,3721.28,0.02657088,0
1507311206,22875045,3721.39,0.05002646,0
1507311204,22875044,3721.36,0.04020573,0
1507311172,22875036,3721.68,0.02100000,1
1507311161,22875020,3721.68,0.12576778,0
1507311146,22874980,3721.75,0.00536038,0
1507311141,22874978,3721.76,0.05340107,0
1507311124,22874954,3724.55,0.12319609,1
1507311121,22874950,3724.60,0.05315041,0
1507311086,22874927,3724.88,0.01251316,0
1507311067,22874920,3725.10,0.03099824,0
1507311065,22874919,3725.10,0.00535556,1
1507311065,22874918,3725.07,0.01242222,0
1507311059,22874914,3725.26,0.02558805,0
1507311047,22874910,3725.45,0.01170000,0
1507311001,22874901,3726.43,0.02676818,0
1507310943,22874892,3710.02,0.02931729,1
1507310936,22874887,3708.72,0.48560542,0
1507310935,22874886,3709.00,0.31250000,1
1507310935,22874885,3710.00,0.00786285,1
1507310933,22874884,3710.00,0.06713715,1
1507310932,22874883,3708.98,0.71257757,1
1507310932,22874882,3720.00,0.03479340,1
1507310930,22874881,3708.98,0.03954749,1
1507310929,22874880,3708.98,0.58835259,1
1507310929,22874879,3710.00,0.03956531,1
1507310929,22874878,3710.00,0.16043469,1
1507310926,22874877,3708.95,0.30689405,0
1507310926,22874876,3708.95,0.69310595,0
1507310925,22874875,3708.96,0.61364410,1
1507310925,22874873,3708.89,0.22000000,1
1507310922,22874870,3708.89,0.33022572,1
1507310922,22874869,3708.89,0.36977428,1
1507310918,22874867,3708.75,0.27647496,1
1507310918,22874866,3708.75,0.29375566,1
1507310917,22874865,3708.79,0.28336257,1
1507310916,22874863,3720.00,0.21000000,1
1507310912,22874858,3733.00,4.74553174,1
1507310912,22874857,3733.00,0.45000000,0
1507310912,22874855,3732.86,0.00405916,0
1507310912,22874854,3732.86,0.00135287,0
1507310911,22874853,3731.65,4.82000000,0
1507310911,22874850,3730.84,0.00135360,0
1507310911,22874849,3730.84,0.00349289,0
1507310911,22874847,3730.32,5.20000000,1
1507310911,22874846,3730.32,0.14092426,0
1507310910,22874843,3730.19,0.27000000,0
1507310910,22874841,3729.00,0.28665242,0
1507310910,22874839,3729.00,0.00977428,0
1507310910,22874836,3728.50,1.00000000,0
1507310909,22874835,3728.00,2.25328500,0
1507310909,22874834,3727.92,0.00168941,0
1507310909,22874833,3727.92,0.00135467,0
1507310909,22874832,3726.49,0.55668100,0
1507310908,22874831,3723.96,0.38236724,0
1507310908,22874830,3723.87,0.18000000,0
1507310908,22874829,3723.86,1.08204990,0
1507310908,22874826,3722.75,0.00135655,0
1507310907,22874823,3721.54,0.00181257,0
1507310907,22874822,3721.25,0.00226778,0
1507310907,22874821,3721.25,0.00135709,0
1507310907,22874820,3720.00,0.87403139,0
1507310905,22874819,3719.99,0.02500000,0
1507310894,22874816,3720.00,0.01036240,0
1507310892,22874815,3719.99,0.22657143,0
1507310887,22874813,3719.99,0.07269971,0
1507310804,22874785,3719.99,0.05212842,0
1507310784,22874781,3720.00,0.54400740,0
1507310784,22874780,3719.99,0.18654887,0
1507310784,22874779,3719.92,0.26944373,0
1507310780,22874778,3719.99,0.01345113,0
1507310757,22874767,3719.71,0.14384849,0
1507310757,22874766,3713.29,0.85615151,0
1507310751,22874765,3713.29,1.00000000,0
1507310731,22874762,3713.29,0.02525000,0
1507310683,22874751,3713.29,0.00752642,0
1507310673,22874750,3713.29,0.03760816,0
1507310668,22874745,3713.29,0.00762670,1
1507310663,22874744,3719.86,0.15843400,0
1507310644,22874736,3719.74,0.01006744,0
1507310624,22874718,3704.97,0.02779927,1
1507310586,22874706,3717.97,0.02891344,0
1507310574,22874705,3718.00,0.00458500,1
1507310569,22874703,3718.00,0.02500000,1
1507310566,22874701,3720.00,0.57159881,0
1507310565,22874700,3719.96,1.02500000,0
1507310565,22874699,3718.95,0.00570139,0
1507310565,22874698,3718.04,0.00145044,0
1507310565,22874697,3718.00,0.40985459,0
1507310563,22874695,3718.00,0.05174685,0
1507310558,22874693,3717.81,0.00288656,0
1507310457,22874668,3703.61,0.04000000,1
1507310455,22874666,3713.01,0.10000000,1
1507310444,22874652,3718.01,0.03039855,0
1507310419,22874578,3717.47,0.03730596,0
1507310398,22874574,3717.49,0.10000000,0
1507310396,22874573,3717.46,0.01025000,0
1507310367,22874572,3717.46,0.08721980,0
1507310285,22874540,3717.49,0.03252840,0
1507310283,22874539,3717.34,0.10165427,0
1507310264,22874533,3714.81,0.02788702,0
1507310253,22874529,3714.62,0.20000000,0
1507310227,22874528,3714.47,0.10000000,0
1507310227,22874527,3714.47,0.01251985,0
1507310145,22874506,3714.80,0.00752996,0
1507310131,22874503,3714.58,0.02652643,0
1507310127,22874502,3708.01,0.00200000,1
1507310122,22874500,3714.51,0.01074166,0
1507310116,22874497,3708.01,0.00215707,1
1507310112,22874494,3714.70,0.02374344,0
1507310101,22874493,3714.91,0.02537481,0
1507310065,22874482,3714.40,0.00774223,0
1507310024,22874470,3708.11,0.19099776,1
1507309968,22874447,3716.29,0.02292368,0
1507309944,22874444,3716.34,0.05235960,0
1507309885,22874391,3711.90,0.00915283,0
1507309885,22874390,3707.77,0.01373681,0
1507309885,22874389,3707.31,0.00034147,0
1507309818,22874353,3707.31,0.10815229,0
1507309800,22874343,3704.71,0.07889055,0
1507309800,22874342,3704.70,0.01181569,0
1507309783,22874332,3704.70,0.26884731,0
1507309723,22874317,3704.70,0.01265620,0
1507309711,22874308,3704.70,0.13445889,0
1507309711,22874307,3704.70,0.07222191,0
1507309711,22874306,3704.69,0.01309592,0
1507309705,22874294,3704.64,0.02514413,0
1507309704,22874291,3704.50,0.18362303,0
1507309696,22874284,3704.50,0.05038848,0
1507309694,22874280,3695.07,0.01417529,0
1507309694,22874279,3697.07,0.20000000,1
1507309692,22874234,3697.08,0.01609970,1
1507309626,22874203,3704.50,0.13834293,0
1507309619,22874198,3704.50,0.01300000,0
1507309615,22874197,3704.50,0.01342421,0
1507309606,22874196,3704.50,0.07545966,0
1507309593,22874192,3704.50,0.06430387,0
1507309585,22874191,3704.50,0.00602678,0
1507309585,22874190,3703.99,0.04777021,0
1507309575,22874184,3703.99,0.02671854,0
1507309544,22874169,3703.99,0.01521009,0
1507309511,22874158,3693.75,0.00335060,1
1507309507,22874157,3703.99,0.02605715,0
1507309445,22874139,3703.99,0.02329721,0
1507309366,22874115,3703.99,0.05056390,0
1507309325,22874102,3703.99,0.06025000,0
1507309281,22874091,3703.99,0.02142202,0
1507309263,22874066,3703.99,0.10393490,0
1507309263,22874065,3703.99,0.02477598,0
1507309221,22874044,3693.30,0.53219460,1
1507309221,22874043,3693.30,0.06780540,1
1507309219,22874041,3693.31,0.40000000,1
1507309214,22874038,3704.50,0.07435181,0
1507309163,22874008,3704.50,0.02540402,0
1507309143,22873999,3704.50,0.00882938,0
1507309103,22873980,3704.50,0.06806776,0
1507309103,22873979,3703.99,0.00071996,0
1507309064,22873969,3703.99,0.06060676,0
1507309044,22873960,3703.99,0.00755109,0
1507309004,22873939,3692.76,0.06887781,1
1507308992,22873933,3704.50,0.01145957,0
1507308985,22873931,3704.00,0.12062899,0
1507308983,22873930,3704.00,0.01166200,0
1507308962,22873922,3693.23,0.04451993,1
1507308960,22873921,3693.24,0.01067102,1
1507308959,22873920,3704.00,0.06770901,0
1507308953,22873919,3704.49,0.01031848,0
1507308945,22873863,3704.50,0.22312820,0
1507308944,22873862,3704.00,0.01082765,0
1507308925,22873859,3693.19,0.71927983,1
1507308923,22873858,3693.20,0.00135655,0
1507308923,22873857,3693.20,0.27936362,1
1507308920,22873856,3704.00,0.01375868,0
1507308915,22873848,3704.00,0.00554614,0
1507308876,22873834,3704.16,0.01000000,1
1507308793,22873794,3704.16,0.01958086,0
1507308763,22873778,3704.30,0.03818828,0
1507308738,22873772,3704.36,0.06166247,0
1507308733,22873768,3704.50,0.04419030,0
1507308733,22873767,3702.30,0.01099594,0
1507308732,22873766,3702.30,0.30743376,0
1507308730,22873765,3702.29,0.00845899,0
1507308728,22873757,3702.30,0.01330000,0
1507308725,22873755,3702.29,0.25013358,0
1507308715,22873751,3702.30,0.05321125,0
1507308713,22873750,3695.06,0.47776233,1
1507308713,22873749,3695.07,0.89472253,1
1507308713,22873748,3695.09,0.35751514,1
1507308713,22873747,3698.30,0.01000000,1
1507308568,22873689,3702.30,0.01878794,0
1507308524,22873673,3702.30,0.00755750,0
1507308512,22873669,3693.00,0.00086374,1
1507308512,22873668,3697.50,0.00970218,1
1507308512,22873667,3698.33,0.00168941,1
1507308512,22873666,3698.33,0.00135467,1
1507308512,22873665,3698.73,0.01000000,1
1507308486,22873649,3702.30,0.01965264,0
1507308486,22873648,3702.00,0.00513540,0
1507308486,22873647,3702.00,0.04235298,0
1507308484,22873643,3701.99,0.01961627,0
1507308450,22873614,3702.00,0.01604155,0
1507308446,22873610,3702.00,0.03869050,0
1507308445,22873609,3697.50,0.00029782,1
1507308445,22873608,3698.33,0.10759316,1
1507308444,22873607,3701.99,0.01292225,0
1507308406,22873595,3702.00,0.10777957,0
1507308367,22873583,3702.30,0.02200205,0
1507308367,22873582,3702.18,0.00409910,0
1507308365,22873581,3702.18,0.00753196,0
1507308363,22873580,3702.15,0.12394149,0
1507308353,22873576,3702.18,0.06336894,1
1507308348,22873575,3702.06,0.31566306,0
1507308347,22873574,3702.07,0.17583754,0
1507308344,22873572,3702.14,0.44733070,0
1507308324,22873566,3701.92,0.00879416,0
1507308296,22873538,3692.71,0.12307335,0
1507308295,22873531,3692.71,0.47683950,0
1507308295,22873530,3692.71,0.09890300,0
1507308294,22873528,3692.71,0.09890297,0
1507308293,22873524,3692.71,0.15348348,0
1507308291,22873519,3692.71,0.13364981,0
1507308280,22873502,3688.01,0.00960284,1
1507308262,22873488,3688.00,1.99456547,1
1507308261,22873487,3688.19,3.21497230,1
1507308261,22873486,3688.20,0.31390960,1
1507308261,22873485,3690.50,0.01000000,1
1507308260,22873482,3690.51,1.01030000,0
1507308259,22873481,3690.51,0.12425263,1
1507308247,22873469,3690.51,0.00216339,1
1507308244,22873468,3690.51,0.14454924,1
1507308244,22873467,3692.71,0.63479937,0
1507308240,22873459,3692.71,0.12109516,0
1507308207,22873440,3692.71,0.00200000,0
1507308204,22873439,3692.71,0.01050105,0
1507308187,22873397,3692.71,0.27114526,0
1507308183,22873393,3692.71,0.02485166,0
1507308106,22873367,3692.71,0.01265145,0
1507308104,22873366,3692.71,0.05090425,0
1507308096,22873362,3692.71,0.25265026,0
1507308073,22873357,3692.71,0.02698184,0
1507308032,22873329,3688.00,3.44395980,1
1507308032,22873328,3688.00,0.90273308,1
1507308032,22873327,3688.00,0.35281712,1
1507308032,22873326,3688.10,0.05000000,1
1507308032,22873325,3688.22,3.47250647,1
1507308004,22873304,3692.71,0.02794988,0
1507307985,22873287,3692.71,0.01835000,0
1507307984,22873284,3692.71,0.00884514,0
1507307968,22873275,3692.71,0.04055389,0
1507307965,22873274,3688.19,0.10027311,1
1507307965,22873273,3692.70,0.01000000,1
1507307963,22873272,3692.71,0.03142274,1
1507307963,22873271,3692.71,0.03050551,1
1507307963,22873270,3692.71,0.08001689,1
1507307963,22873269,3692.71,0.02673023,1
1507307952,22873265,3692.71,0.06274737,1
1507307944,22873263,3704.61,0.06192825,0
1507307940,22873259,3692.71,0.08449464,1
1507307940,22873257,3692.71,0.12602776,1
1507307939,22873256,3704.58,0.13193633,0
1507307930,22873254,3704.55,0.03057138,1
1507307928,22873252,3701.37,0.08872631,0
1507307923,22873246,3701.37,0.21127369,0
1507307923,22873245,3697.50,0.31977157,0
1507307908,22873242,3697.50,0.05328158,0
1507307904,22873239,3697.50,0.62694685,0
1507307904,22873238,3697.40,0.10000000,0
1507307848,22873212,3688.02,0.07260486,1
1507307837,22873196,3688.01,0.04600390,1
1507307836,22873195,3688.00,0.21200000,1
1507307834,22873193,3688.00,3.56084667,1
1507307834,22873190,3688.00,0.10758633,1
1507307821,22873164,3688.02,0.26463683,1
1507307814,22873160,3688.00,0.45139221,1
1507307814,22873159,3688.01,0.02546155,1
1507307805,22873156,3688.00,0.55738762,1
1507307804,22873154,3697.39,0.02539171,0
1507307802,22873153,3688.05,0.55668172,1
1507307801,22873152,3688.20,0.25567668,1
1507307801,22873151,3688.20,0.15598260,1
1507307797,22873149,3688.20,0.94928259,1
1507307797,22873148,3688.21,0.05071741,1
1507307788,22873139,3697.47,0.02269319,0
1507307786,22873137,3697.49,0.02798047,0
1507307776,22873128,3688.12,1.59083420,1
1507307775,22873127,3688.12,0.15597324,1
1507307770,22873121,3688.10,0.08175383,1
1507307769,22873120,3688.10,0.10263447,1
1507307769,22873118,3688.10,0.03301535,1
1507307769,22873116,3688.11,0.03817775,1
1507307763,22873106,3697.49,0.03813436,0
1507307750,22873080,3688.00,2.02808187,1
1507307750,22873079,3688.00,1.16039596,1
1507307744,22873077,3688.00,1.34365599,1
1507307744,22873076,3688.00,1.02212951,1
1507307743,22873075,3688.00,0.10000000,1
1507307725,22873063,3688.00,5.34742269,1
1507307725,22873062,3688.00,0.79117962,1
1507307724,22873061,3688.00,0.05557430,1
1507307719,22873057,3688.00,1.91176174,1
1507307718,22873056,3688.00,0.22381411,1
1507307718,22873055,3688.01,0.37500000,1
1507307718,22873054,3697.62,0.13000000,1
1507307705,22873042,3697.02,0.01571264,0
1507307692,22873030,3688.00,0.25818596,1
1507307692,22873028,3688.00,2.99797331,1
1507307692,22873026,3688.00,0.10760229,1
1507307691,22873024,3688.00,0.80230368,1
1507307679,22873000,3688.00,0.27273021,1
1507307679,22872998,3688.00,1.48722098,1
1507307673,22872981,3688.00,0.10831999,1
1507307672,22872979,3688.01,0.02125587,1
1507307662,22872937,3697.56,0.02121000,0
1507307659,22872929,3688.06,0.01399000,0
1507307651,22872917,3688.00,3.80296403,1
1507307650,22872916,3688.00,1.50154196,1
1507307650,22872914,3688.06,0.27278984,1
1507307622,22872806,3688.70,0.07235162,1
1507307622,22872803,3688.70,0.13500000,1
1507307611,22872751,3705.24,0.00553887,0
1507307609,22872738,3688.73,0.71437846,1
1507307605,22872708,3705.27,0.07948111,0
1507307596,22872700,3688.61,4.22261186,1
1507307596,22872699,3688.61,1.19738814,1
1507307585,22872686,3705.39,0.31686214,0
1507307584,22872685,3705.39,0.01264548,0
1507307583,22872684,3705.34,0.96186394,1
1507307576,22872677,3691.23,0.69881698,1
1507307576,22872675,3691.24,0.10000000,1
1507307568,22872668,3691.23,1.67779647,1
1507307563,22872660,3705.38,0.03813606,0
1507307560,22872659,3688.31,1.00000000,1
1507307556,22872649,3688.31,0.03900004,1
1507307548,22872643,3688.21,0.06982899,1
1507307543,22872636,3688.11,0.90655301,1
1507307543,22872635,3690.42,0.06797881,1
1507307543,22872634,3690.42,0.19126790,1
1507307542,22872632,3690.42,0.07085377,1
1507307542,22872630,3690.42,0.69564919,1
1507307538,22872615,3688.10,0.11286819,1
1507307538,22872614,3688.11,0.02000000,1
1507307538,22872613,3688.53,0.00145044,1
1507307538,22872612,3690.00,0.06341347,1
1507307538,22872611,3690.00,0.46160069,1
1507307538,22872610,3690.39,0.10000000,1
1507307538,22872609,3690.40,0.14917260,1
1507307538,22872608,3690.41,1.14386096,1
1507307538,22872606,3690.42,0.04005640,1
1507307537,22872603,3690.41,2.26134124,1
1507307537,22872601,3690.50,0.10000000,1
1507307523,22872566,3705.86,0.04841877,0
1507307523,22872563,3705.85,0.01348859,1
1507307519,22872550,3705.90,0.02662121,0
1507307514,22872535,3690.37,0.21324028,1
1507307514,22872534,3690.37,0.10000000,1
1507307508,22872527,3690.28,0.11637681,1
1507307508,22872526,3690.43,0.47575560,1
1507307491,22872505,3705.95,0.25209457,0
1507307487,22872501,3705.99,0.03888961,0
1507307486,22872500,3690.00,0.15163648,0
1507307485,22872499,3690.00,0.01316347,0
1507307483,22872491,3690.00,0.05025000,0
1507307483,22872490,3690.00,0.10251490,0
1507307475,22872479,3690.00,0.27142124,0
1507307475,22872478,3690.00,0.03081000,0
1507307473,22872474,3690.00,0.07631400,0
1507307471,22872466,3690.00,0.07623300,0
1507307469,22872459,3690.00,0.07615200,0
1507307468,22872452,3690.00,0.07607000,0
1507307465,22872448,3690.00,0.03749600,0
1507307462,22872442,3690.00,0.03749600,0
1507307424,22872393,3688.46,0.00731379,1
1507307424,22872392,3688.53,0.10000000,1
1507307422,22872389,3707.03,0.05458400,0
1507307392,22872380,3688.00,32.61722440,1
1507307392,22872379,3688.15,4.63930852,1
1507307392,22872378,3688.20,0.37500000,1
1507307391,22872377,3688.21,3.01963738,1
1507307391,22872376,3691.00,0.10000000,1
1507307391,22872375,3691.07,0.81782970,1
1507307391,22872374,3695.00,0.10000000,1
1507307391,22872373,3695.16,0.71100000,1
1507307391,22872372,3695.24,0.12000000,1
1507307391,22872371,3700.00,0.50000000,1
1507307384,22872370,3695.23,0.03403712,1
1507307371,22872367,3707.49,0.15800000,0
1507307365,22872364,3707.46,0.04439158,0
1507307359,22872361,3695.10,0.05316282,1
1507307359,22872360,3695.11,0.10000000,1
1507307359,22872359,3695.52,0.13515464,1
1507307326,22872339,3695.01,0.10016830,1
1507307324,22872338,3695.40,0.20279721,1
1507307324,22872337,3695.40,0.23553662,1
1507307317,22872335,3695.25,0.31937443,1
1507307312,22872326,3708.00,0.56372028,0
1507307312,22872325,3707.78,0.02691316,0
1507307312,22872323,3707.77,0.20000000,0
1507307311,22872319,3706.00,0.19599552,0
1507307311,22872318,3705.86,0.96700230,0
1507307311,22872317,3703.75,0.01966338,0
1507307309,22872313,3702.43,0.01205279,0
1507307292,22872307,3702.43,0.00342290,0
1507307292,22872306,3702.42,0.02682710,0
1507307288,22872304,3702.42,0.04110023,0
1507307288,22872303,3702.34,0.03932677,0
1507307284,22872301,3702.42,0.06192967,0
1507307284,22872300,3702.35,0.19176733,0
1507307272,22872292,3688.17,0.12985700,1
1507307271,22872289,3688.16,0.00863106,1
1507307264,22872283,3702.40,0.81686373,0
1507307264,22872282,3700.00,0.00000027,0
1507307252,22872277,3688.00,1.87676173,1
1507307245,22872272,3688.00,17.91000000,1
1507307245,22872271,3688.01,0.09000000,1
1507307239,22872267,3700.00,0.11196633,0
1507307239,22872266,3699.99,0.06078767,0
1507307232,22872250,3699.99,0.01747651,0
1507307231,22872249,3699.99,0.00038935,0
1507307231,22872248,3699.98,0.02899712,0
1507307220,22872241,3688.00,1.90423240,1
1507307219,22872240,3688.00,0.63178899,1
1507307219,22872239,3688.01,0.08000000,1
1507307212,22872234,3688.00,0.13398785,1
1507307212,22872233,3699.99,0.05734440,0
1507307212,22872232,3688.00,1.01490470,1
1507307211,22872231,3688.00,9.85409000,1
1507307211,22872230,3688.01,0.07591000,1
1507307211,22872229,3688.01,0.07000000,1
1507307199,22872209,3688.00,0.82053662,1
1507307199,22872207,3688.19,0.07249600,1
1507307199,22872206,3688.19,0.00547783,1
1507307198,22872204,3688.19,0.29452217,0
1507307195,22872200,3688.19,0.13522893,0
1507307194,22872199,3688.19,0.07569300,0
1507307193,22872194,3688.19,0.07554400,0
1507307192,22872191,3688.00,0.63724323,1
1507307192,22872190,3688.01,0.09000000,1
1507307191,22872187,3688.19,0.07548100,0
1507307190,22872183,3688.19,0.07540000,0
1507307186,22872179,3688.19,0.01615693,0
1507307185,22872177,3688.00,1.62180869,1
1507307185,22872176,3688.00,0.02257817,1
1507307185,22872175,3688.16,0.08000000,1
1507307179,22872173,3688.18,0.05334795,1
1507307179,22872170,3688.19,2.79597758,1
1507307178,22872165,3688.19,0.26374501,1
1507307140,22872118,3688.16,0.15661039,1
1507307140,22872116,3689.00,0.00272632,1
1507307126,22872101,3689.38,0.04785402,1
1507307125,22872100,3690.00,0.18224139,1
1507307120,22872098,3690.00,1.81775861,1
1507307120,22872097,3690.00,0.27104466,1
1507307120,22872096,3690.00,0.05000000,1
1507307120,22872095,3690.01,3.09637500,1
1507307120,22872094,3692.91,0.09486261,1
1507307119,22872092,3692.91,0.09584685,1
1507307109,22872081,3690.19,0.03000000,1
1507307108,22872079,3690.99,0.02702526,1
1507307108,22872077,3691.64,1.10534495,1
1507307108,22872075,3692.00,0.00181257,1
1507307108,22872074,3692.00,0.03227615,1
1507307107,22872073,3692.00,0.19688503,1
1507307107,22872072,3692.83,3.38161641,1
1507307107,22872071,3692.84,0.56234792,1
1507307107,22872070,3692.89,0.10575686,1
1507307075,22872013,3692.63,0.02476300,1
1507307024,22871992,3705.59,0.02641871,0
1507306941,22871924,3707.59,0.05853066,0
1507306940,22871922,3707.62,0.19598826,1
1507306938,22871920,3706.00,0.10000000,0
1507306935,22871919,3692.00,0.27083882,1
1507306935,22871918,3693.06,0.35383140,1
1507306934,22871917,3693.06,0.63616860,1
1507306904,22871891,3707.74,0.01265323,0
1507306865,22871859,3706.79,0.02540857,0
1507306863,22871857,3706.65,0.00815426,0
1507306858,22871853,3691.64,0.02911915,1
1507306858,22871852,3691.66,0.27088085,1
1507306854,22871851,3691.67,0.99031760,1
1507306854,22871850,3691.70,0.18102509,1
1507306841,22871832,3706.80,0.12897239,0
1507306828,22871817,3691.64,0.01025590,1
1507306827,22871816,3691.65,0.07913260,1
1507306827,22871815,3691.72,0.00030487,1
1507306825,22871812,3691.72,0.12969513,0
1507306823,22871811,3691.72,0.00226778,1
1507306823,22871810,3691.72,0.00135709,1
1507306816,22871802,3707.93,0.36399954,0
1507306816,22871801,3707.02,0.02959267,0
1507306814,22871795,3707.00,0.05205270,1
1507306814,22871793,3706.99,0.08096538,1
1507306808,22871788,3691.73,0.19102189,1
1507306793,22871765,3691.72,0.16629700,1
1507306793,22871764,3691.72,0.12790536,1
1507306787,22871762,3691.65,0.36492787,1
1507306786,22871761,3691.65,0.14776206,1
1507306781,22871754,3691.70,0.07713748,1
1507306780,22871752,3691.70,3.64601033,1
1507306772,22871735,3691.80,0.20649086,1
1507306767,22871717,3707.94,0.78284438,1
1507306767,22871716,3704.87,0.50352889,0
1507306765,22871715,3704.80,0.05918535,0
1507306762,22871714,3691.64,0.13734221,1
1507306762,22871713,3691.64,0.06174241,1
1507306761,22871712,3692.22,0.00169505,1
1507306754,22871693,3691.63,1.70942766,1
1507306753,22871691,3691.63,0.56072806,1
1507306753,22871690,3691.63,0.77141123,1
1507306753,22871687,3691.63,0.83518502,1
1507306753,22871686,3692.22,0.00339009,1
1507306753,22871685,3692.22,0.01350000,1
1507306747,22871669,3693.90,0.00678018,1
1507306747,22871668,3693.93,0.15011193,1
1507306743,22871653,3704.78,0.06192490,0
1507306740,22871650,3693.91,3.27285720,1
1507306728,22871646,3693.90,0.77355342,1
1507306727,22871645,3693.90,1.22644658,1
1507306727,22871644,3693.91,0.48139624,1
1507306722,22871638,3693.81,0.06420837,1
1507306694,22871611,3693.41,0.34548815,1
1507306694,22871610,3693.40,0.09292567,1
1507306687,22871601,3693.30,1.68661231,1
1507306687,22871600,3693.30,1.77160888,1
1507306684,22871574,3705.92,0.02476301,0
1507306669,22871524,3706.03,0.11079403,0
1507306668,22871523,3706.02,0.88920597,0
1507306665,22871521,3706.05,0.01263573,0
1507306661,22871520,3692.61,0.82961267,1
1507306642,22871501,3692.21,0.15344523,1
1507306642,22871500,3693.13,0.02018359,1
1507306642,22871499,3693.13,0.16783458,1
1507306642,22871498,3694.00,0.02046002,1
1507306636,22871494,3694.00,0.00453998,0
1507306630,22871486,3694.00,0.72500000,0
1507306626,22871484,3694.00,1.14472000,0
1507306622,22871478,3694.00,0.00236037,0
1507306620,22871476,3694.00,0.00472073,0
1507306618,22871474,3694.00,1.14472000,0
1507306618,22871473,3694.38,0.00944147,1
1507306618,22871472,3694.61,6.40000000,1
1507306618,22871470,3694.61,0.16449745,1
1507306617,22871468,3694.61,0.40000000,1
1507306616,22871467,3694.60,5.28351524,1
1507306610,22871456,3694.55,0.10352889,1
1507306604,22871454,3694.50,0.16265276,1
1507306604,22871453,3694.50,0.09595162,1
1507306603,22871452,3694.50,0.52928365,1
1507306583,22871421,3698.01,0.11900000,1
1507306564,22871397,3707.60,0.05084772,0
1507306557,22871389,3695.10,0.53317167,1
1507306556,22871388,3694.72,0.19387124,1
1507306555,22871386,3695.61,0.01888295,1
1507306549,22871375,3695.60,0.04856662,1
1507306549,22871373,3698.00,0.03000000,1
1507306548,22871372,3700.00,0.03776589,1
1507306544,22871355,3707.93,0.26025000,0
1507306542,22871352,3700.00,0.01055161,1
1507306542,22871351,3700.00,1.29029132,1
1507306520,22871311,3707.96,0.05466276,0
1507306504,22871289,3707.94,0.01849127,0
1507306503,22871286,3700.00,0.29519179,1
1507306503,22871284,3700.00,0.00160820,1
1507306503,22871283,3700.00,0.36038498,1
1507306503,22871282,3700.00,0.63800682,1
1507306502,22871280,3700.00,0.01000000,1
1507306502,22871279,3700.01,0.28665242,1
1507306501,22871278,3700.01,0.00977428,1
1507306501,22871277,3702.00,0.96151612,1
1507306501,22871276,3703.40,0.01198547,1
1507306501,22871275,3703.40,0.07409791,1
1507306500,22871274,3703.40,0.01824060,1
1507306500,22871273,3705.63,0.00135200,1
1507306500,22871272,3705.63,0.00265974,1
1507306491,22871254,3703.40,0.00175940,1
1507306491,22871253,3705.63,0.01000000,1
1507306487,22871228,3708.00,0.13185658,0
1507306485,22871220,3708.00,0.07951567,0
1507306453,22871167,3708.00,0.17216676,0
1507306448,22871164,3709.00,0.02313102,1
1507306446,22871163,3710.00,0.00346069,0
1507306446,22871162,3709.99,0.00960705,0
1507306445,22871161,3709.99,0.02562308,0
1507306428,22871146,3709.00,0.17431959,1
1507306420,22871144,3709.00,0.10493622,1
1507306420,22871143,3709.00,0.05871269,1
1507306420,22871142,3709.15,0.01000000,1
1507306415,22871140,3709.00,0.02708815,1
1507306415,22871139,3709.00,0.02719150,1
1507306403,22871123,3709.93,0.04584975,0
1507306385,22871117,3709.78,0.00239727,1
1507306385,22871116,3703.60,0.02237462,0
1507306384,22871115,3703.60,0.04808564,0
1507306383,22871114,3702.00,0.04621011,0
1507306378,22871112,3702.00,0.01000000,0
1507306363,22871107,3702.00,0.15294026,0
1507306353,22871105,3702.00,0.00925414,0
1507306344,22871091,3702.00,0.12753934,0
1507306332,22871089,3701.99,0.00756372,0
1507306329,22871085,3701.99,0.01072835,0
1507306323,22871084,3701.99,0.02478937,0
1507306317,22871079,3700.20,0.01000000,1
1507306308,22871067,3702.00,0.15977607,0
1507306305,22871066,3702.00,0.08652129,0
1507306305,22871065,3701.99,0.18400196,0
1507306292,22871062,3701.99,0.09694100,0
1507306283,22871051,3701.99,0.01266300,0
1507306265,22871035,3701.99,0.01266300,0
1507306260,22871026,3701.99,0.04788020,0
1507306259,22871023,3696.54,0.32234706,1
1507306259,22871020,3696.54,0.12240580,1
1507306259,22871019,3696.55,0.03172110,1
1507306255,22871013,3696.32,0.65384756,1
1507306254,22871010,3696.32,1.75944232,1
1507306254,22871009,3696.52,0.54354730,1
1507306254,22871007,3696.52,0.24944340,1
1507306253,22871005,3696.53,0.02698701,1
1507306253,22871003,3696.53,0.07301299,1
1507306249,22870995,3696.53,0.76563816,1
1507306248,22870994,3696.53,0.53021321,1
1507306247,22870992,3701.99,0.02000000,0
1507306246,22870990,3696.53,0.14684933,1
1507306246,22870989,3696.53,2.19721389,1
1507306246,22870987,3696.53,0.11521089,1
1507306244,22870986,3701.99,0.02000000,0
1507306240,22870962,3696.52,0.04273140,1
1507306238,22870949,3696.52,0.04273140,1
1507306237,22870943,3696.51,0.04273140,1
1507306235,22870921,3696.51,0.03273150,1
1507306235,22870919,3697.05,0.01000000,1
1507306234,22870890,3696.51,0.97343157,1
1507306231,22870865,3696.50,2.53653273,1
1507306231,22870863,3696.51,0.88086727,1
1507306226,22870836,3702.00,0.01260400,0
1507306221,22870817,3700.00,0.51791475,1
1507306210,22870790,3702.00,0.40417342,0
1507306206,22870786,3702.00,0.01300029,0
1507306203,22870779,3702.00,2.78032805,0
1507306196,22870773,3702.00,0.02000000,0
1507306193,22870768,3702.00,0.02000000,0
1507306191,22870762,3702.00,0.01340549,0
1507306189,22870757,3702.00,0.02000000,0
1507306186,22870753,3702.00,0.10547555,0
1507306184,22870749,3702.00,1.36166098,0
1507306184,22870748,3702.00,0.02000000,0
1507306181,22870743,3702.00,0.02000000,0
1507306178,22870725,3702.00,0.02000000,0
1507306174,22870717,3702.00,0.02000000,0
1507306172,22870711,3702.00,0.11874741,0
1507306171,22870710,3702.00,0.02000000,0
1507306168,22870708,3702.00,0.02000000,0
1507306166,22870707,3702.00,0.02993757,0
1507306166,22870706,3701.42,0.05000000,0
1507306165,22870705,3701.42,0.02000000,0
1507306162,22870704,3702.00,0.02000000,0
1507306159,22870699,3702.00,0.02000000,0
1507306156,22870697,3702.00,0.02000000,0
1507306153,22870692,3702.00,0.00600000,0
1507306153,22870691,3701.23,0.01400000,0
1507306150,22870685,3702.00,0.02000000,0
1507306147,22870683,3702.00,0.02000000,0
1507306143,22870682,3702.00,0.06197191,0
1507306140,22870674,3702.00,0.01074421,0
1507306139,22870673,3702.00,0.22417476,0
1507306139,22870672,3700.00,0.00215712,1
1507306136,22870666,3700.00,0.18620846,1
1507306136,22870665,3701.08,0.07612477,1
1507306136,22870664,3701.23,0.00135360,1
1507306136,22870662,3701.23,0.00349289,1
1507306136,22870661,3701.23,0.00076854,1
1507306134,22870656,3701.23,0.00923146,1
1507306117,22870643,3702.00,0.31919016,0
1507306086,22870616,3702.00,0.01340549,0
1507306085,22870615,3702.00,0.12909384,0
1507306083,22870613,3702.00,1.27988114,0
1507306073,22870592,3702.00,0.03839108,0
1507306067,22870586,3702.00,0.07856159,0
1507306064,22870585,3702.00,0.01000000,0
1507306045,22870564,3702.00,0.01025000,0
1507305982,22870547,3702.00,0.01325310,0
1507305982,22870546,3701.08,0.00270190,0
1507305942,22870498,3700.16,2.99000000,1
1507305942,22870497,3700.69,0.01000000,1
1507305887,22870447,3701.08,0.02265877,0
1507305883,22870437,3700.00,0.04497000,1
1507305883,22870435,3700.20,0.01000000,1
1507305859,22870353,3702.00,0.10000000,0
1507305826,22870261,3702.00,0.02594391,0
1507305825,22870257,3702.00,0.26012445,0
1507305817,22870244,3702.00,0.02000000,0
1507305808,22870223,3700.00,0.04607000,1
1507305808,22870222,3700.92,0.01000000,1
1507305806,22870219,3700.00,0.00864548,1
1507305805,22870218,3700.00,0.04614420,1
1507305805,22870217,3700.20,0.01000000,1
1507305778,22870193,3702.00,0.00276036,0
1507305764,22870161,3702.00,0.00755787,0
1507305760,22870148,3702.00,0.02671263,0
1507305759,22870146,3702.00,0.02000000,0
1507305756,22870141,3702.00,0.02000000,0
1507305746,22870117,3700.00,0.19423000,1
1507305746,22870116,3700.20,0.01000000,1
1507305725,22870076,3702.00,0.00787896,0
1507305723,22870071,3702.00,0.01000000,0
1507305716,22870048,3702.00,0.16678708,0
1507305716,22870047,3702.00,0.04170332,0
1507305709,22870037,3702.00,0.01000000,0
1507305704,22870033,3702.00,0.02542854,0
1507305684,22869996,3702.00,0.01941678,0
1507305684,22869994,3702.00,0.01281608,0
1507305673,22869972,3702.00,0.00506300,0
1507305647,22869933,3702.00,0.01255838,0
1507305637,22869920,3693.91,3.53006967,1
1507305632,22869905,3702.00,0.00296326,0
1507305625,22869882,3702.00,0.02542854,0
1507305623,22869875,3702.00,0.05795084,0
1507305622,22869874,3702.00,0.26885177,0
1507305620,22869873,3702.00,0.00878821,0
1507305609,22869871,3693.91,0.00587000,1
1507305599,22869863,3702.00,0.02000000,0
1507305596,22869862,3702.00,0.02000000,0
1507305593,22869859,3702.00,0.02000000,0
1507305590,22869858,3702.00,0.02000000,0
1507305587,22869857,3702.00,0.02000000,0
1507305584,22869855,3702.00,0.02000000,0
1507305581,22869854,3702.00,0.02000000,0
1507305579,22869851,3702.00,0.02000000,0
1507305576,22869850,3702.00,0.02000000,0
1507305574,22869849,3702.00,0.01525000,0
1507305572,22869847,3702.00,0.02667566,0
1507305569,22869846,3702.00,0.02000000,0
1507305567,22869843,3702.00,0.02000000,0
1507305563,22869842,3702.00,0.02000000,0
1507305563,22869841,3696.90,1.25821185,0
1507305563,22869840,3696.90,0.21404047,0
1507305562,22869839,3697.27,0.11150805,1
1507305559,22869832,3702.00,0.02000000,0
1507305558,22869829,3697.27,0.18662486,1
1507305558,22869828,3698.13,0.02697309,1
1507305557,22869827,3698.21,1.75484471,1
1507305557,22869826,3698.21,0.08907986,1
1507305557,22869825,3698.21,0.31802000,1
1507305557,22869821,3698.21,0.09018675,1
1507305557,22869820,3698.21,0.76603497,1
1507305556,22869812,3702.00,0.02000000,0
1507305555,22869804,3702.00,0.02174231,0
1507305553,22869797,3702.00,0.01919149,0
1507305553,22869791,3702.00,0.02000000,0
1507305550,22869773,3702.00,0.02000000,0
1507305550,22869770,3698.80,2.16805080,1
1507305549,22869769,3701.99,0.03050000,1
1507305548,22869753,3702.00,0.04094185,0
1507305547,22869747,3702.00,0.02000000,0
1507305544,22869739,3702.00,0.02000000,0
1507305541,22869733,3702.00,0.02000000,0
1507305539,22869731,3702.00,0.02000000,0
1507305537,22869729,3700.00,0.50000000,1
1507305535,22869726,3702.00,0.02000000,0
1507305525,22869719,3702.00,0.03013247,0
1507305525,22869718,3702.00,0.01835000,0
1507305524,22869717,3701.80,0.78759027,1
1507305524,22869715,3701.80,0.27137480,1
1507305524,22869714,3701.98,0.01000000,1
1507305507,22869681,3702.00,0.02119684,0
1507305505,22869679,3702.00,0.02537371,0
1507305502,22869675,3702.00,0.03592112,0
1507305493,22869671,3702.00,0.25999932,0
1507305483,22869665,3701.83,0.09556859,1
1507305454,22869648,3710.00,0.01949000,0
1507305451,22869646,3701.82,0.95153369,1
1507305451,22869645,3702.80,0.01000000,1
1507305449,22869644,3710.00,1.00000000,0
1507305445,22869638,3710.00,0.01602510,0
1507305444,22869637,3710.00,0.00754157,0
1507305409,22869629,3702.00,0.56856871,0
1507305407,22869628,3702.00,0.22726128,0
1507305406,22869626,3702.00,0.05766356,0
1507305405,22869625,3702.00,0.05363857,0
1507305404,22869622,3702.00,0.12974407,0
1507305402,22869619,3702.00,0.22741748,0
1507305400,22869615,3702.00,0.05766292,0
1507305400,22869614,3702.00,0.05357644,0
1507305399,22869612,3701.81,0.06870270,1
1507305397,22869611,3702.00,2.00000000,0
1507305396,22869606,3702.00,0.43934433,0
1507305396,22869603,3702.00,2.00000000,0
1507305392,22869601,3701.80,0.08575493,1
1507305389,22869599,3702.00,0.01909508,0
1507305388,22869594,3702.00,1.06151129,0
1507305384,22869584,3702.00,0.02533159,0
1507305379,22869573,3702.00,1.00000000,0
1507305374,22869571,3702.00,1.22957738,1
1507305374,22869570,3702.06,0.84960730,1
1507305366,22869569,3710.00,0.13030000,0
1507305364,22869568,3710.00,0.03887099,0
1507305351,22869563,3710.00,0.04913761,0
1507305345,22869561,3710.00,0.00372100,0
1507305344,22869559,3710.00,0.00280285,0
1507305341,22869557,3710.00,0.02228780,0
1507305341,22869556,3710.00,0.17791184,0
1507305331,22869552,3702.00,0.01350416,0
1507305330,22869549,3702.00,2.00000000,0
1507305328,22869543,3702.00,0.27002141,0
1507305327,22869542,3702.00,0.00624797,0
1507305325,22869541,3702.00,0.01400000,0
1507305325,22869540,3702.30,5.31360000,1
1507305325,22869538,3703.00,0.30000000,1
1507305325,22869537,3703.01,0.01548919,1
1507305325,22869535,3703.01,0.05577534,1
1507305324,22869534,3703.01,0.01136193,1
1507305324,22869533,3703.20,2.00000000,1
1507305321,22869523,3703.23,0.00405916,1
1507305321,22869520,3703.23,0.00135287,1
1507305314,22869508,3703.23,0.01373672,1
1507305306,22869484,3703.01,0.00949834,1
1507305306,22869483,3703.01,0.00787520,1
1507305301,22869466,3710.00,0.50000000,0
1507305293,22869447,3704.20,0.03919433,0
1507305292,22869440,3710.00,0.67217251,0
1507305286,22869422,3710.00,0.02373385,0
1507305278,22869409,3710.00,0.02665495,0
1507305273,22869391,3710.00,1.00000000,0
1507305264,22869374,3710.00,0.04525000,0
1507305253,22869373,3710.00,0.18820755,0
1507305250,22869372,3710.00,0.01263570,0
1507305249,22869371,3710.00,0.05231301,0
1507305247,22869369,3710.00,0.02619575,0
1507305239,22869367,3710.00,1.00000000,0
1507305238,22869366,3710.00,0.00275505,0
1507305233,22869361,3710.00,0.26998496,0
1507305219,22869355,3710.00,0.03727713,0
1507305213,22869349,3710.00,1.00000000,0
1507305212,22869346,3704.00,0.00143326,1
1507305209,22869334,3704.00,0.00286652,1
1507305204,22869315,3704.03,0.00573304,1
1507305204,22869313,3710.00,0.12733297,0
1507305203,22869310,3704.00,0.19761404,1
1507305203,22869306,3704.00,0.46618652,1
1507305202,22869305,3704.00,0.01146607,1
1507305196,22869269,3704.00,0.02293215,1
1507305194,22869263,3704.00,0.09016622,1
1507305191,22869260,3704.00,0.04586430,1
1507305186,22869257,3703.94,0.09172861,1
1507305183,22869255,3710.00,0.06183827,0
1507305183,22869254,3703.40,0.18345721,1
1507305166,22869249,3710.00,0.00789261,0
1507305155,22869203,3710.00,0.02667566,0
1507305151,22869190,3705.60,0.11636344,1
1507305151,22869189,3706.01,0.00676989,1
1507305150,22869188,3710.00,0.26982469,0
1507305134,22869144,3710.00,0.19513928,0
1507305131,22869130,3706.20,0.25862618,1
1507305121,22869080,3710.00,0.02621375,0
1507305113,22869055,3710.00,0.78220996,0
1507305113,22869054,3708.00,0.21779004,0
1507305109,22869053,3706.11,0.00150961,1
1507305107,22869051,3706.11,0.00301922,1
1507305106,22869050,3708.00,0.01850728,0
1507305104,22869049,3706.10,0.00859184,1
1507305104,22869048,3706.10,0.00603844,1
1507305102,22869047,3706.10,0.01207688,1
1507305101,22869046,3708.00,0.02000000,0
1507305098,22869044,3708.00,0.02000000,0
1507305097,22869043,3706.10,0.02415376,1
1507305096,22869042,3708.00,1.00000000,0
1507305095,22869041,3706.10,0.04830753,1
1507305094,22869040,3708.00,0.02000000,0
1507305091,22869039,3708.00,0.02000000,0
1507305091,22869038,3706.10,0.09661506,1
1507305088,22869037,3708.00,0.02000000,0
1507305086,22869036,3708.00,0.02000000,0
1507305086,22869035,3706.01,0.07756601,1
1507305086,22869033,3706.01,0.01278217,1
1507305086,22869032,3706.01,0.00288193,1
1507305086,22869031,3706.44,0.07474724,1
1507305085,22869030,3706.44,0.02525276,1
1507305083,22869028,3706.50,0.38646022,1
1507305080,22869027,3708.00,0.02000000,0
1507305077,22869025,3708.00,0.01490000,0
1507305077,22869024,3708.00,0.02000000,0
1507305076,22869023,3708.00,0.26046864,0
1507305074,22869022,3708.00,0.02000000,0
1507305071,22869020,3708.00,0.02000000,0
1507305067,22869008,3708.00,0.04877941,0
1507305067,22869005,3708.00,0.02000000,0
1507305067,22869002,3708.00,1.00000000,0
1507305066,22869000,3706.50,0.02487044,1
1507305065,22868996,3708.00,0.05228490,0
1507305062,22868986,3708.00,0.76207709,0
1507305060,22868983,3708.00,0.00167954,0
1507305059,22868982,3708.00,0.03662200,0
1507305058,22868978,3708.50,1.24387787,1
1507305058,22868977,3708.60,0.00488271,1
1507305058,22868976,3708.60,0.00162865,1
1507305058,22868975,3708.61,0.26964280,1
1507305057,22868974,3709.70,0.00335907,1
1507305057,22868973,3709.90,4.83350000,1
1507305057,22868972,3709.90,0.01000000,1
1507305043,22868965,3710.00,0.82260246,0
1507305043,22868964,3710.00,0.17739754,0
1507305041,22868963,3709.20,0.07767113,1
1507305027,22868955,3710.00,0.10054157,0
1507305025,22868953,3710.00,0.00770583,0
1507305012,22868950,3708.60,0.31235425,1
1507305012,22868949,3709.90,0.00671815,1
1507305012,22868948,3710.00,0.05055200,0
1507305005,22868946,3710.00,0.63184097,0
1507305005,22868945,3710.00,0.01875031,0
1507305004,22868943,3710.00,0.00238258,0
1507304988,22868937,3710.00,0.04032884,0
1507304986,22868936,3709.90,0.23330951,1
1507304970,22868913,3709.92,0.01155810,1
1507304967,22868881,3709.91,0.09432594,1
1507304967,22868880,3709.92,0.01000000,1
1507304965,22868874,3710.00,0.10524811,0
1507304964,22868861,3710.00,0.25956424,0
1507304940,22868795,3710.00,0.05301766,0
1507304934,22868793,3710.00,0.06726950,0
1507304923,22868790,3710.00,0.10165427,0
1507304913,22868787,3708.90,2.11400000,1
1507304902,22868785,3710.00,0.08384802,0
1507304902,22868784,3709.99,0.03513435,0
1507304876,22868769,3710.00,2.57712618,0
1507304875,22868768,3709.99,0.02374638,0
1507304873,22868767,3708.60,0.00165591,1
1507304870,22868763,3709.99,0.07249145,0
1507304869,22868759,3708.60,0.00331182,1
1507304868,22868758,3709.99,0.07249145,0
1507304865,22868754,3708.60,0.00662363,1
1507304859,22868752,3708.60,0.01324725,1
1507304858,22868750,3708.60,0.02649451,1
1507304856,22868748,3709.99,0.09899105,0
1507304853,22868746,3708.60,0.05298902,1
1507304846,22868745,3709.99,0.03406362,0
1507304846,22868743,3709.99,0.00748035,0
1507304842,22868740,3709.99,0.07538489,0
1507304834,22868738,3709.99,0.03864200,0
1507304832,22868735,3709.99,0.02661880,0
1507304829,22868733,3709.99,0.08229497,0
1507304824,22868730,3709.99,0.01025000,0
1507304817,22868726,3709.99,0.13228958,0
1507304806,22868718,3709.99,0.14616228,0
1507304805,22868716,3709.99,0.01238261,0
1507304800,22868714,3709.99,0.01000000,0
1507304789,22868712,3709.99,0.16148955,0
1507304787,22868710,3709.99,0.01344508,0
1507304775,22868705,3709.99,0.15507131,0
1507304773,22868701,3709.99,0.30783226,0
1507304761,22868696,3710.00,0.50000000,0
1507304755,22868687,3710.00,0.19020473,0
1507304751,22868684,3710.00,0.17136560,0
1507304744,22868679,3710.00,0.00753144,0
1507304737,22868677,3710.00,0.18931342,0
1507304735,22868674,3710.00,0.00900000,0
1507304727,22868671,3710.00,0.20916511,0
1507304719,22868668,3710.00,0.23109855,0
1507304706,22868662,3710.00,0.22071514,0
1507304705,22868660,3710.00,0.00959449,0
1507304697,22868658,3710.00,0.01394460,0
