date,tid,price,amount,type
1507334452,22887229,4356.12,0.06357847,1
1507334419,22887199,4356.09,0.02040000,0
1507334407,22887196,4356.09,0.18993378,1
1507334376,22887183,4362.95,0.05915569,0
1507334353,22887181,4356.12,1.37098798,0
1507334345,22887180,4356.11,0.82039507,1
1507334344,22887179,4362.97,0.03710778,0
1507334334,22887176,4363.52,0.06101781,1
1507334334,22887175,4363.53,0.03353748,1
1507334323,22887165,4366.56,0.03558637,1
1507334277,22887154,4363.54,0.01347595,0
1507334263,22887152,4362.13,0.58174903,0
1507334262,22887151,4363.10,0.01809424,1
1507334232,22887148,4363.56,0.01546564,0
1507334220,22887142,4363.10,0.01719766,1
1507334213,22887141,4363.56,0.00164757,0
1507334212,22887140,4363.56,0.15074059,0
1507334168,22887134,4363.57,0.08510688,0
1507334163,22887133,4363.57,0.05257621,0
1507334143,22887119,4363.10,0.00269623,0
1507334105,22887091,4356.10,0.22161000,1
1507334078,22887076,4363.59,0.05500385,0
1507334050,22887051,4360.13,0.04209327,1
1507334049,22887050,4360.00,0.05450000,0
1507334043,22887049,4359.99,0.02104821,0
1507334043,22887048,4359.99,0.10000000,0
1507334013,22887041,4364.62,0.02786765,0
1507334008,22887039,4356.09,0.02549761,1
1507333997,22887032,4356.06,0.12538700,1
1507333994,22887026,4356.06,0.12538700,1
1507333987,22887007,4356.22,0.00462803,1
1507333987,22887004,4356.22,0.38346047,1
1507333987,22887002,4356.22,0.04745474,1
1507333984,22886986,4365.01,0.06569900,0
1507333853,22886916,4362.64,0.03563647,1
1507333845,22886912,4362.65,0.09404387,1
1507333817,22886895,4366.66,0.03714003,0
1507333775,22886841,4362.61,0.02936390,1
1507333771,22886838,4362.62,0.09088331,1
1507333771,22886837,4362.62,0.11300225,1
1507333770,22886836,4362.62,0.36620381,0
1507333768,22886835,4362.62,0.09089881,1
1507333768,22886834,4362.62,0.22986005,1
1507333758,22886831,4366.72,0.02217226,0
1507333757,22886830,4362.61,2.20574190,1
1507333757,22886829,4362.88,0.09075666,1
1507333757,22886827,4362.91,0.79873190,1
1507333701,22886806,4362.65,0.05250000,1
1507333686,22886765,4362.70,0.07242757,1
1507333660,22886762,4360.56,0.05000000,1
1507333594,22886743,4356.96,0.13135942,1
1507333593,22886741,4357.00,0.00950000,1
1507333580,22886737,4360.00,0.23173180,0
1507333579,22886736,4360.08,0.01826820,1
1507333565,22886735,4360.12,0.01137600,1
1507333539,22886718,4360.06,0.13173180,0
1507333537,22886717,4360.06,0.02400000,0
1507333513,22886696,4360.08,0.02914590,0
1507333454,22886660,4359.01,1.00000000,1
1507333453,22886659,4359.00,0.41191509,0
1507333451,22886658,4359.00,0.00592647,1
1507333451,22886657,4359.00,0.58215844,1
1507333449,22886655,4359.00,0.20392078,1
1507333449,22886654,4359.00,0.79607922,1
1507333444,22886653,4360.00,0.09734060,0
1507333443,22886650,4360.00,0.00265940,1
1507333441,22886648,4360.13,0.01892543,1
1507333441,22886647,4360.17,0.87150000,1
1507333427,22886642,4364.78,0.41682366,1
1507333425,22886641,4364.78,0.72211756,1
1507333425,22886640,4364.78,0.27788244,1
1507333417,22886636,4364.89,1.00000000,1
1507333414,22886635,4364.88,0.04760749,1
1507333297,22886602,4371.42,0.01801514,0
1507333284,22886589,4364.84,0.10915000,1
1507333238,22886564,4371.38,0.03478538,0
1507333202,22886527,4366.41,0.15451366,0
1507333202,22886526,4366.40,0.24469353,0
1507333174,22886478,4364.78,0.86105878,1
1507333174,22886476,4364.78,0.13894122,1
1507333171,22886472,4364.78,1.00000000,1
1507333159,22886460,4368.06,0.04050000,1
1507333157,22886459,4369.00,3.95031539,1
1507333152,22886456,4369.03,1.00000000,0
1507333136,22886448,4373.79,0.84970105,0
1507333100,22886395,4369.01,0.50000000,1
1507333093,22886382,4369.01,2.47130000,1
1507333083,22886371,4369.00,0.08937518,1
1507333083,22886369,4369.00,0.06774684,1
1507333082,22886368,4369.00,0.01610000,1
1507333082,22886367,4374.57,3.72660647,1
1507333082,22886366,4374.57,0.00125478,0
1507333076,22886356,4369.60,0.09115694,1
1507333074,22886348,4369.60,0.05902118,1
1507333074,22886346,4370.00,0.00290594,1
1507333074,22886345,4371.00,0.00518893,1
1507333068,22886326,4371.00,0.01870141,1
1507333064,22886305,4371.00,0.32939975,1
1507333064,22886304,4371.01,0.08450427,1
1507333063,22886300,4371.00,0.42250116,1
1507333058,22886284,4371.00,0.27420875,1
1507333058,22886280,4371.01,1.79749125,1
1507333052,22886266,4371.01,1.92960000,1
1507333048,22886262,4374.88,0.09233442,0
1507333041,22886254,4370.03,0.49185491,1
1507333004,22886224,4374.96,4.56553431,0
1507333002,22886222,4372.44,0.34513726,1
1507333001,22886220,4370.01,0.27981104,1
1507333000,22886219,4370.01,0.02062361,1
1507332996,22886218,4374.97,0.10000000,0
1507332995,22886217,4372.77,0.04539352,1
1507332995,22886216,4374.40,0.01989157,1
1507332982,22886207,4374.40,0.10180056,1
1507332982,22886205,4374.41,0.02015346,1
1507332965,22886190,4374.40,0.01143000,1
1507332964,22886189,4374.40,0.02040419,1
1507332964,22886188,4374.40,0.00251158,1
1507332963,22886187,4375.00,0.05243886,0
1507332961,22886183,4374.40,0.05000000,1
1507332949,22886169,4374.47,4.36498201,1
1507332949,22886168,4374.47,0.20106371,0
1507332943,22886167,4374.40,0.01173217,1
1507332937,22886164,4374.41,0.85952679,1
1507332917,22886152,4374.47,0.00236347,0
1507332903,22886138,4370.01,0.10000000,1
1507332898,22886132,4370.03,0.13803470,1
1507332897,22886130,4370.04,0.01173717,1
1507332878,22886114,4370.01,0.21151731,1
1507332778,22886030,4374.18,2.35844203,0
1507332777,22886029,4374.08,2.00000000,0
1507332777,22886028,4373.98,0.00186106,0
1507332777,22886025,4373.55,0.00185030,0
1507332776,22886024,4373.29,0.04614239,0
1507332776,22886023,4372.22,0.05000000,0
1507332774,22886021,4371.99,0.10818644,0
1507332748,22885993,4371.99,0.12011293,0
1507332713,22885947,4369.05,0.53702145,1
1507332706,22885939,4371.99,0.00365548,0
1507332705,22885934,4371.99,0.18804515,0
1507332704,22885933,4370.00,0.14927733,0
1507332681,22885907,4370.00,0.03356535,0
1507332660,22885863,4369.02,0.02100480,1
1507332641,22885838,4369.01,0.09590000,1
1507332596,22885818,4370.00,0.01121514,0
1507332594,22885814,4369.00,0.07159902,0
1507332556,22885796,4369.00,0.03312566,0
1507332483,22885744,4369.00,0.02100480,0
1507332461,22885736,4365.01,0.17265158,1
1507332444,22885725,4369.00,0.03330848,0
1507332438,22885723,4369.00,0.01300929,0
1507332385,22885707,4369.00,0.06971229,0
1507332364,22885705,4368.69,0.02100629,0
1507332305,22885701,4366.62,0.17625327,0
1507332303,22885699,4368.41,0.03689673,1
1507332284,22885690,4368.31,0.00125721,0
1507332284,22885689,4368.30,0.00331745,0
1507332284,22885688,4368.29,0.00217157,0
1507332284,22885687,4368.21,0.00343715,0
1507332260,22885672,4368.42,0.00606140,1
1507332259,22885671,4368.42,0.00171395,0
1507332259,22885670,4368.41,0.00125828,0
1507332259,22885669,4368.39,0.00125676,0
1507332259,22885668,4368.37,0.00194377,0
1507332257,22885667,4368.36,0.00125879,0
1507332244,22885665,4368.38,0.09547551,0
1507332243,22885664,4368.38,0.04851289,0
1507332243,22885663,4368.38,0.00400543,0
1507332233,22885655,4365.00,0.45696638,1
1507332233,22885654,4365.02,1.99222068,1
1507332233,22885653,4365.10,0.05081294,1
1507332223,22885644,4365.11,2.49993457,1
1507332215,22885637,4365.11,1.00000000,1
1507332213,22885636,4365.11,1.00000000,1
1507332212,22885635,4365.11,1.00000000,0
1507332208,22885632,4365.11,1.00000000,1
1507332199,22885631,4368.50,1.00000000,1
1507332198,22885630,4368.46,0.00125631,0
1507332193,22885629,4368.49,0.10656490,1
1507332185,22885627,4369.00,0.10124813,0
1507332185,22885626,4368.85,0.00125778,1
1507332185,22885625,4368.85,0.00125653,0
1507332183,22885624,4368.84,0.00125714,0
1507332149,22885609,4366.00,0.00800000,0
1507332124,22885597,4369.00,0.05125360,0
1507332123,22885596,4368.99,0.00125727,0
1507332082,22885585,4368.90,0.00115818,0
1507332082,22885584,4368.89,0.00125782,0
1507332080,22885583,4368.88,0.00125722,0
1507332038,22885547,4369.00,0.11748433,0
1507332038,22885546,4368.99,0.00125783,0
1507332038,22885545,4368.98,0.00125784,0
1507332029,22885543,4369.00,0.10371939,0
1507332029,22885542,4368.99,0.00125607,0
1507332029,22885541,4368.98,0.00125543,0
1507332028,22885540,4368.97,0.00125544,0
1507332028,22885539,4368.96,0.00125710,0
1507332028,22885538,4368.94,0.00125657,0
1507332014,22885526,4369.00,0.11154428,0
1507332014,22885525,4368.99,0.00125682,0
1507332014,22885524,4368.98,0.00125724,0
1507332014,22885523,4368.97,0.00125621,0
1507332014,22885522,4368.96,0.00125672,0
1507332014,22885521,4368.95,0.00125582,0
1507332014,22885520,4368.94,0.00217291,0
1507332003,22885519,4369.00,4.57176242,0
1507332003,22885518,4368.86,0.05986565,1
1507332001,22885512,4368.99,0.10748532,0
1507332001,22885511,4368.98,0.00125733,0
1507332001,22885510,4368.97,0.00125735,0
1507331991,22885509,4369.00,0.11634070,0
1507331991,22885508,4368.96,0.00240078,0
1507331990,22885507,4368.95,0.00125852,0
1507331981,22885506,4364.81,0.00751514,0
1507331981,22885505,4364.81,0.00748486,1
1507331978,22885504,4369.00,3.43565804,0
1507331978,22885503,4368.83,0.00194522,0
1507331976,22885502,4364.81,1.13524686,0
1507331975,22885501,4364.92,0.18554025,1
1507331975,22885500,4369.00,0.10748663,0
1507331975,22885499,4368.85,0.00125635,0
1507331975,22885498,4368.84,0.00125702,0
1507331965,22885497,4368.87,0.12000000,0
1507331962,22885496,4368.98,0.65921289,1
1507331952,22885495,4369.00,0.10874155,0
1507331952,22885494,4368.99,0.00125845,0
1507331945,22885492,4369.00,0.02100480,0
1507331944,22885491,4369.00,4.57176242,0
1507331943,22885490,4369.00,0.10874278,0
1507331943,22885489,4368.99,0.00125722,0
1507331936,22885486,4368.98,0.02220000,1
1507331898,22885480,4368.94,2.41256180,0
1507331898,22885479,4368.93,0.00125577,0
1507331893,22885478,4368.98,0.00397837,1
1507331893,22885477,4368.98,0.00125844,0
1507331893,22885476,4368.97,0.00400241,0
1507331893,22885475,4368.96,0.00125627,0
1507331893,22885474,4368.95,0.00125679,0
1507331892,22885473,4368.94,0.00125615,0
1507331886,22885472,4364.81,2.39125563,1
1507331876,22885470,4369.00,0.11748786,0
1507331876,22885469,4368.74,0.00125639,0
1507331876,22885468,4368.73,0.00125575,0
1507331867,22885467,4368.75,0.10874437,0
1507331867,22885466,4368.74,0.00125563,0
1507331862,22885465,4364.81,0.02528454,1
1507331859,22885464,4369.00,0.11000000,0
1507331841,22885463,4369.00,0.56499461,0
1507331840,22885462,4368.96,0.56499461,1
1507331840,22885461,4369.00,4.51306706,0
1507331840,22885460,4368.99,0.00125620,0
1507331839,22885459,4368.99,0.00125691,0
1507331839,22885458,4368.99,0.00125755,0
1507331839,22885457,4368.98,0.00125571,0
1507331839,22885456,4368.98,0.04990000,0
1507331839,22885455,4368.98,0.00125639,0
1507331837,22885454,4368.97,0.00125721,0
1507331837,22885453,4368.97,0.00125577,0
1507331822,22885446,4368.96,0.02602595,1
1507331806,22885440,4368.96,0.02897944,1
1507331803,22885437,4368.98,0.18554025,1
1507331803,22885434,4368.98,0.25917283,1
1507331799,22885430,4368.98,0.38000000,1
1507331799,22885428,4368.98,0.02523520,1
1507331789,22885411,4368.98,0.38000000,1
1507331786,22885404,4368.98,0.00125589,1
1507331778,22885397,4368.96,0.38000000,1
1507331778,22885396,4369.00,0.92594186,0
1507331777,22885395,4368.99,3.64274249,0
1507331777,22885394,4368.97,0.00182883,0
1507331777,22885393,4368.97,0.00125745,1
1507331776,22885392,4368.96,0.00125861,1
1507331776,22885391,4368.96,0.00125847,0
1507331775,22885390,4368.95,0.00125643,0
1507331775,22885389,4368.94,0.00125644,0
1507331773,22885385,4368.04,0.01576000,1
1507331771,22885379,4368.04,0.00125823,0
1507331771,22885378,4368.04,0.04967813,0
1507331768,22885375,4368.03,0.38000000,1
1507331767,22885373,4368.02,0.00125888,0
1507331765,22885372,4367.80,0.00125855,1
1507331764,22885371,4367.80,0.00125881,0
1507331764,22885370,4367.80,0.00185029,0
1507331759,22885368,4367.79,0.00377609,0
1507331759,22885367,4366.82,0.12579006,0
1507331759,22885366,4366.84,0.15612738,1
1507331758,22885365,4367.78,0.09808256,1
1507331757,22885364,4367.78,0.90191744,1
1507331757,22885363,4367.78,0.01887754,1
1507331753,22885361,4367.77,0.00125731,1
1507331752,22885360,4367.77,0.00125745,0
1507331752,22885359,4367.76,0.00125795,0
1507331751,22885358,4366.82,0.00838165,1
1507331747,22885353,4366.83,0.00125850,0
1507331747,22885352,4366.83,0.40000000,0
1507331739,22885349,4366.82,0.00125585,0
1507331739,22885348,4366.81,0.00125624,0
1507331739,22885347,4366.80,0.00125840,0
1507331739,22885346,4366.80,0.00125904,0
1507331732,22885339,4365.91,0.00125813,1
1507331732,22885338,4365.90,0.00125632,0
1507331727,22885337,4365.01,0.05124489,1
1507331727,22885333,4365.01,0.07299190,1
1507331725,22885331,4365.91,0.67321710,0
1507331725,22885329,4365.03,0.24639428,0
1507331725,22885328,4365.02,0.00125703,0
1507331725,22885327,4365.02,0.00125637,0
1507331723,22885325,4365.01,0.00125702,1
1507331722,22885324,4365.01,0.00125918,0
1507331713,22885312,4365.03,0.59463552,0
1507331713,22885311,4365.03,1.15418287,0
1507331713,22885309,4362.57,0.42000000,0
1507331712,22885308,4362.05,0.00186028,0
1507331712,22885307,4362.01,0.00125915,0
1507331712,22885306,4362.00,0.00125802,0
1507331711,22885305,4361.99,0.00126031,0
1507331711,22885304,4361.98,0.00125918,0
1507331711,22885303,4361.98,0.00125735,1
1507331709,22885302,4360.00,1.41766284,0
1507331707,22885301,4360.00,0.01893472,0
1507331705,22885300,4359.00,0.28918078,0
1507331705,22885299,4359.00,1.00000000,0
1507331699,22885298,4359.00,1.00000000,0
1507331697,22885297,4359.00,1.00000000,0
1507331694,22885296,4359.00,1.00000000,0
1507331692,22885295,4359.00,1.00000000,0
1507331691,22885294,4359.00,0.61353323,0
1507331690,22885293,4359.00,1.00000000,0
1507331688,22885292,4359.00,1.06632677,0
1507331688,22885291,4359.00,1.00000000,0
1507331687,22885290,4359.00,0.01106677,0
1507331687,22885289,4359.00,4.58225052,0
1507331686,22885288,4359.00,1.00000000,0
1507331685,22885287,4359.00,3.34666207,0
1507331685,22885286,4358.99,0.01300000,1
1507331680,22885283,4359.00,1.05333323,0
1507331679,22885282,4359.00,1.03764663,0
1507331679,22885281,4358.93,0.00692677,0
1507331679,22885280,4358.88,0.00183306,0
1507331678,22885279,4358.50,0.00692677,0
1507331676,22885278,4358.06,0.00692677,0
1507331670,22885277,4357.63,0.00692677,0
1507331664,22885270,4357.57,0.00125913,0
1507331664,22885269,4356.30,0.00186027,0
1507331664,22885268,4356.05,8.32087113,0
1507331662,22885267,4356.05,1.00000000,0
1507331661,22885261,4356.05,12.59100000,0
1507331659,22885257,4356.05,1.00000000,0
1507331658,22885254,4356.05,11.71152900,0
1507331655,22885252,4356.05,13.14000000,0
1507331654,22885249,4356.05,0.86088781,0
1507331651,22885246,4356.05,1.37571206,0
1507331651,22885245,4356.04,0.25000000,0
1507331638,22885241,4355.73,0.41696351,0
1507331610,22885234,4351.17,0.01198221,0
1507331585,22885230,4355.73,0.00303649,0
1507331585,22885229,4355.55,0.00126202,0
1507331584,22885228,4355.54,0.00126191,0
1507331584,22885227,4355.53,0.00125999,0
1507331584,22885226,4355.52,0.00126191,1
1507331584,22885225,4355.52,0.00126052,0
1507331583,22885224,4355.51,0.00126192,0
1507331583,22885223,4355.50,0.00126128,0
1507331583,22885222,4355.49,0.00125924,0
1507331582,22885221,4355.48,0.00126231,0
1507331582,22885220,4355.47,0.00126041,0
1507331580,22885219,4355.46,0.00126091,0
1507331485,22885177,4352.93,0.10000000,1
1507331453,22885175,4355.85,0.01036984,0
1507331453,22885174,4355.84,0.00126132,0
1507331428,22885168,4355.78,1.26429250,0
1507331427,22885166,4355.71,0.00125981,1
1507331427,22885165,4355.70,0.87150000,0
1507331427,22885164,4355.45,0.00378724,0
1507331425,22885163,4352.88,2.44644321,0
1507331402,22885161,4354.00,0.00455679,1
1507331398,22885160,4355.54,0.04062529,0
1507331398,22885159,4355.53,0.00126236,0
1507331338,22885141,4355.49,0.80078475,1
1507331338,22885140,4355.18,0.14975000,0
1507331337,22885139,4355.17,0.00126234,0
1507331337,22885138,4355.16,0.00125991,0
1507331337,22885137,4355.15,0.00126030,1
1507331337,22885136,4353.88,0.29181529,1
1507331336,22885135,4352.52,0.09542000,0
1507331336,22885134,4352.24,0.34621377,0
1507331336,22885133,4352.00,2.90093879,0
1507331333,22885132,4349.93,0.00180000,1
1507331308,22885128,4352.00,0.05060000,0
1507331262,22885126,4352.00,0.01174139,0
1507331129,22885104,4351.45,0.00693868,0
1507331126,22885103,4351.01,0.00693868,0
1507331124,22885102,4348.90,0.10000000,0
1507331122,22885101,4350.58,0.00693868,0
1507331119,22885100,4350.15,0.00693868,0
1507331112,22885099,4349.00,3.12459158,0
1507331108,22885098,4349.00,0.41180593,0
1507331077,22885096,4349.00,0.06306884,0
1507331073,22885094,4349.00,0.00785179,0
1507331073,22885093,4349.00,0.00338671,0
1507331069,22885090,4349.00,0.02851920,0
1507331054,22885086,4349.00,0.00292866,0
1507331052,22885085,4349.00,0.58470000,0
1507331043,22885084,4349.00,0.01000000,0
1507331023,22885081,4349.00,0.01000000,0
1507331002,22885063,4349.00,0.03000000,0
1507331000,22885062,4349.00,0.50000000,0
1507330997,22885061,4349.00,0.01000000,0
1507330993,22885059,4349.00,1.00783294,0
1507330993,22885058,4349.00,0.01000000,0
1507330987,22885033,4349.00,0.94640000,0
1507330984,22885031,4349.00,0.10550701,0
1507330967,22885023,4349.00,0.22000000,0
1507330964,22885022,4349.00,0.05117001,0
1507330962,22885018,4349.00,0.05117001,0
1507330958,22885016,4349.00,0.01000000,0
1507330954,22885015,4349.00,0.26310000,0
1507330949,22885014,4349.00,0.72459617,0
1507330941,22885013,4349.00,0.02464093,0
1507330936,22885012,4349.00,3.47534895,0
1507330879,22885000,4348.89,1.54757836,0
1507330812,22884989,4348.88,0.00332652,0
1507330788,22884970,4348.88,0.00331273,0
1507330703,22884959,4348.89,0.05866436,0
1507330703,22884958,4348.88,0.15613215,0
1507330701,22884956,4343.01,0.16145454,1
1507330690,22884954,4343.01,0.03700000,1
1507330681,22884950,4343.00,0.84542553,1
1507330681,22884949,4343.02,0.00554683,1
1507330681,22884948,4343.22,0.14902764,1
1507330669,22884941,4349.00,0.06388893,0
1507330667,22884940,4348.00,0.00357940,0
1507330661,22884938,4347.50,3.47534895,1
1507330660,22884937,4347.50,0.93255950,1
1507330658,22884936,4347.50,5.00000000,1
1507330658,22884935,4347.25,0.42000000,0
1507330658,22884934,4347.23,0.07767251,0
1507330621,22884921,4347.22,0.09896438,0
1507330619,22884919,4343.02,0.09143750,1
1507330615,22884918,4343.01,0.10000000,1
1507330551,22884909,4347.23,0.03839497,0
1507330551,22884908,4342.86,0.02332325,1
1507330549,22884907,4342.86,0.01681426,0
1507330535,22884903,4342.86,0.01315815,0
1507330527,22884900,4341.78,0.05000000,1
1507330383,22884870,4347.23,0.02110999,0
1507330264,22884836,4347.23,0.02110999,0
1507330180,22884799,4346.94,0.06431162,0
1507330180,22884798,4346.94,0.00126351,0
1507330180,22884797,4346.93,0.00126187,0
1507330141,22884792,4347.23,0.00740553,0
1507330141,22884790,4347.22,0.00126351,0
1507330141,22884789,4347.21,0.00126364,0
1507330141,22884788,4347.20,0.00126300,0
1507330141,22884787,4347.13,0.00126378,0
1507330140,22884786,4345.00,0.00625000,0
1507330140,22884785,4343.00,0.00977386,0
1507330131,22884778,4342.97,0.19018372,0
1507330001,22884695,4338.52,0.48641761,1
1507330001,22884694,4339.99,0.00138127,1
1507330000,22884693,4339.99,0.00595112,1
1507330000,22884692,4342.00,0.00625000,1
1507329991,22884691,4342.00,0.16707800,0
1507329989,22884690,4342.08,0.04677219,1
1507329961,22884680,4342.06,0.13951148,1
1507329945,22884678,4347.00,0.00135965,0
1507329945,22884675,4347.00,0.12483869,0
1507329935,22884673,4347.01,0.04635370,0
1507329900,22884658,4342.01,0.00862351,0
1507329900,22884657,4342.01,0.00928473,0
1507329898,22884656,4342.01,0.43965203,0
1507329883,22884638,4346.87,0.06417940,1
1507329871,22884634,4347.09,0.17104574,0
1507329842,22884615,4342.01,0.00945582,1
1507329839,22884612,4346.87,0.02798190,0
1507329798,22884606,4341.04,0.10000000,1
1507329787,22884605,4347.14,0.00367461,0
1507329787,22884604,4347.14,0.33133398,0
1507329697,22884589,4347.23,0.01235903,0
1507329637,22884583,4340.51,0.35000000,1
1507329616,22884565,4348.83,0.20000000,0
1507329615,22884562,4340.15,0.01273039,1
1507329615,22884561,4340.18,0.16303622,1
1507329603,22884556,4342.72,0.08862187,1
1507329602,22884555,4342.73,0.16355062,1
1507329563,22884544,4349.00,0.22043245,0
1507329534,22884537,4348.99,0.06837538,0
1507329531,22884534,4349.00,0.11473690,0
1507329522,22884530,4349.00,1.00000000,0
1507329517,22884527,4349.00,0.05604634,0
1507329491,22884520,4349.00,0.11469000,0
1507329483,22884519,4349.00,0.02299336,0
1507329472,22884518,4349.00,0.11473690,0
1507329432,22884511,4349.00,2.50000000,0
1507329416,22884508,4348.97,0.12123591,1
1507329415,22884507,4349.00,2.38700000,0
1507329414,22884506,4348.99,0.29760000,0
1507329413,22884505,4349.00,0.06226532,0
1507329413,22884504,4348.98,0.05073468,0
1507329405,22884499,4348.99,2.13120178,0
1507329379,22884493,4349.00,0.00174474,0
1507329378,22884492,4349.00,0.15755141,0
1507329375,22884491,4349.00,0.00985814,0
1507329364,22884487,4349.00,0.02110140,0
1507329363,22884486,4349.00,0.22925678,0
1507329358,22884483,4349.00,0.01146295,0
1507329357,22884482,4349.00,0.09463165,0
1507329332,22884475,4349.00,0.21555300,0
1507329311,22884451,4348.97,0.00600000,1
1507329303,22884444,4349.00,0.54882441,0
1507329266,22884430,4348.97,0.87150000,0
1507329266,22884429,4348.96,0.00126409,0
1507329258,22884428,4349.00,0.37660659,0
1507329258,22884427,4348.99,2.20339341,0
1507329258,22884426,4348.99,0.00174634,0
1507329258,22884425,4348.99,0.09486025,0
1507329257,22884424,4348.83,0.00126229,0
1507329257,22884423,4348.82,0.00126200,0
1507329256,22884422,4346.80,0.42000000,0
1507329255,22884420,4346.08,0.06000000,0
1507329248,22884416,4345.00,0.09026704,0
1507329246,22884415,4345.00,0.12313300,0
1507329245,22884414,4345.00,0.87686700,0
1507329224,22884411,4345.00,0.01064251,0
1507329221,22884410,4345.00,0.00297278,0
1507329193,22884392,4345.00,0.03330700,0
1507329123,22884348,4345.00,0.05280092,0
1507329073,22884329,4345.00,0.02340979,0
1507329073,22884328,4344.91,0.00126376,0
1507329073,22884327,4344.90,0.00126480,0
1507329073,22884326,4344.89,0.00126249,0
1507329072,22884325,4344.88,0.00126252,0
1507329059,22884321,4340.14,0.01741752,1
1507328938,22884299,4340.00,0.01256944,1
1507328936,22884297,4340.00,0.00632366,0
1507328903,22884282,4341.00,0.00828201,0
1507328900,22884281,4340.99,1.75199135,1
1507328899,22884280,4340.99,0.11308867,1
1507328821,22884266,4335.92,0.01385228,1
1507328806,22884259,4339.87,0.11428798,0
1507328763,22884243,4334.79,0.09200000,1
1507328763,22884242,4339.90,0.01334979,1
1507328634,22884157,4341.00,0.15769355,1
1507328615,22884150,4343.82,0.00369288,0
1507328582,22884146,4344.00,0.01220000,0
1507328577,22884145,4341.00,0.40734725,1
1507328577,22884144,4341.01,0.01203916,1
1507328568,22884123,4344.16,0.45066477,0
1507328567,22884122,4344.15,0.00126487,0
1507328556,22884117,4341.00,0.01419451,1
1507328543,22884116,4341.01,0.58079611,1
1507328535,22884108,4344.43,0.00661354,0
1507328535,22884107,4344.43,0.00126245,0
1507328534,22884106,4344.41,0.00126308,0
1507328534,22884105,4344.40,0.00126244,0
1507328534,22884104,4344.39,0.00126244,0
1507328531,22884102,4342.18,0.02229322,1
1507328485,22884073,4342.18,0.03697492,1
1507328449,22884060,4341.00,0.14905326,1
1507328449,22884059,4341.02,0.01094674,1
1507328441,22884058,4344.25,0.16468850,1
1507328441,22884057,4344.25,0.07560558,1
1507328441,22884056,4344.03,4.04705248,0
1507328441,22884055,4344.03,0.00126456,0
1507328441,22884054,4344.02,0.00126277,0
1507328441,22884053,4344.01,0.00126264,0
1507328440,22884052,4342.87,0.00126347,0
1507328439,22884051,4342.96,0.02267997,1
1507328434,22884050,4342.93,0.00126498,0
1507328434,22884049,4342.92,0.00126358,0
1507328434,22884048,4342.91,0.00126336,0
1507328434,22884047,4342.90,0.00126412,0
1507328434,22884046,4342.89,0.00126399,0
1507328427,22884045,4341.00,0.11533223,1
1507328420,22884044,4341.00,0.04638812,1
1507328414,22884043,4341.03,0.27572940,1
1507328407,22884042,4341.03,0.17151296,1
1507328407,22884041,4343.59,0.02800534,0
1507328406,22884040,4343.59,0.04522207,1
1507328406,22884039,4343.51,0.00126592,1
1507328406,22884036,4343.42,0.00126378,0
1507328405,22884032,4343.01,0.00126277,0
1507328405,22884028,4342.98,0.00126609,0
1507328405,22884026,4342.19,0.00126619,0
1507328403,22884025,4342.18,0.00126326,0
1507328387,22884021,4341.01,0.02409848,1
1507328380,22884020,4341.01,0.01808550,1
1507328372,22884010,4342.20,0.00607385,0
1507328371,22884009,4342.19,0.00126460,0
1507328362,22884005,4341.00,0.07716204,0
1507328361,22884004,4340.99,0.00218524,0
1507328361,22884003,4340.90,0.03064380,0
1507328356,22884002,4340.90,0.00426008,0
1507328356,22884001,4340.89,0.00218500,0
1507328350,22884000,4339.00,0.04672480,0
1507328348,22883993,4339.00,1.00000000,0
1507328347,22883992,4338.66,0.15652158,1
1507328343,22883990,4338.66,0.15649993,0
1507328337,22883989,4338.07,0.79600452,0
1507328334,22883988,4337.00,0.00405227,0
1507328280,22883981,4334.03,0.00970382,1
1507328216,22883972,4334.00,0.73130268,1
1507328216,22883971,4334.01,0.00188223,1
1507328210,22883970,4338.84,0.10006681,0
1507328210,22883969,4338.84,0.00126419,0
1507328168,22883953,4334.02,0.01033439,1
1507328168,22883952,4335.00,0.13287952,1
1507328160,22883947,4338.94,0.01836850,0
1507328155,22883945,4335.00,0.01012191,1
1507328102,22883909,4335.00,0.34547290,1
1507328093,22883903,4335.01,0.35939878,1
1507328092,22883902,4335.01,4.12740818,1
1507328092,22883901,4335.01,0.87259182,1
1507328090,22883900,4335.00,0.19452818,1
1507328090,22883899,4335.02,0.13009020,1
1507328082,22883888,4338.98,0.11893289,0
1507328082,22883887,4335.01,0.02131000,0
1507328058,22883860,4335.24,0.56799992,1
1507328057,22883859,4339.00,0.01752011,0
1507327994,22883843,4339.00,0.10000000,0
1507327984,22883842,4339.00,0.02115003,0
1507327941,22883836,4339.00,0.46001383,0
1507327892,22883827,4335.09,0.00439676,1
1507327887,22883824,4338.99,1.47939617,0
1507327884,22883823,4339.00,0.01547978,0
1507327821,22883791,4339.00,1.92840304,0
1507327821,22883790,4338.99,0.48804498,0
1507327821,22883789,4336.10,0.08355198,0
1507327783,22883783,4336.10,0.11644802,0
1507327712,22883748,4338.99,0.51195502,0
1507327623,22883733,4339.00,0.54024660,0
1507327563,22883726,4339.00,0.54024660,0
1507327550,22883720,4338.97,0.00459787,0
1507327548,22883719,4338.97,0.05940703,0
1507327517,22883711,4335.08,0.09226596,1
1507327517,22883710,4336.14,0.01660059,1
1507327503,22883703,4335.00,0.31699749,1
1507327502,22883702,4335.51,0.43941192,1
1507327502,22883701,4336.00,0.02500000,1
1507327502,22883700,4336.08,0.70823059,1
1507327470,22883698,4336.01,0.03927842,1
1507327470,22883697,4336.15,0.01072158,1
1507327454,22883695,4336.20,0.24212962,1
1507327419,22883687,4339.00,0.01244349,0
1507327411,22883684,4337.05,0.27475842,0
1507327408,22883674,4339.00,0.00996810,0
1507327384,22883666,4339.00,0.64357804,0
1507327363,22883663,4339.00,0.11492465,0
1507327355,22883662,4339.00,0.11492695,0
1507327353,22883661,4337.00,0.23884878,1
1507327344,22883659,4338.99,0.93400000,0
1507327339,22883658,4336.53,0.08590607,1
1507327330,22883656,4339.00,0.05060229,0
1507327327,22883655,4339.00,0.08559575,0
1507327327,22883653,4336.51,0.00843805,1
1507327302,22883649,4339.00,0.11498225,0
1507327297,22883647,4339.00,0.02935600,0
1507327292,22883646,4339.00,1.00000000,0
1507327277,22883645,4336.31,0.00705652,1
1507327267,22883643,4339.00,0.10000207,0
1507327253,22883640,4338.99,0.00285821,0
1507327224,22883637,4338.50,0.77076295,1
1507327223,22883635,4338.50,0.22923705,0
1507327221,22883634,4337.82,0.96212019,1
1507327220,22883633,4337.82,0.03787981,0
1507327219,22883632,4337.81,0.91529150,1
1507327218,22883631,4337.81,0.08470850,1
1507327197,22883628,4336.26,0.02115198,1
1507327179,22883625,4338.60,0.02530118,1
1507327171,22883623,4336.21,0.12082824,1
1507327164,22883620,4338.60,0.76448020,0
1507327155,22883614,4338.50,0.10039848,0
1507327148,22883612,4338.60,0.66362462,1
1507327148,22883610,4338.55,0.08516420,0
1507327142,22883573,4338.55,0.15896104,0
1507327113,22883571,4338.55,0.09413342,0
1507327089,22883569,4338.60,0.00184097,1
1507327089,22883568,4338.61,0.03332435,1
1507327088,22883567,4338.60,0.13535012,0
1507327083,22883566,4338.60,0.02115198,0
1507327072,22883563,4336.11,0.02000000,1
1507327053,22883561,4338.60,0.02583117,0
1507327024,22883559,4338.61,0.00316295,0
1507327018,22883558,4336.10,0.05266639,1
1507327018,22883557,4336.11,0.01104361,1
1507326964,22883552,4338.69,0.10449236,1
1507326963,22883551,4338.68,0.00126448,0
1507326912,22883529,4338.79,0.01186145,0
1507326884,22883524,4335.51,0.35618276,1
1507326884,22883523,4335.52,0.00273554,1
1507326882,22883522,4338.86,0.01174134,0
1507326838,22883510,4338.88,0.01054348,0
1507326814,22883504,4338.87,0.04654905,0
1507326795,22883499,4335.51,0.20440532,1
1507326795,22883498,4335.58,0.16138609,1
1507326775,22883491,4338.89,0.22977714,0
1507326774,22883490,4338.89,0.06982438,0
1507326773,22883488,4338.89,0.01000000,0
1507326681,22883458,4339.00,0.12102700,0
1507326681,22883457,4339.00,0.01686728,0
1507326678,22883454,4338.99,0.00293473,0
1507326625,22883450,4338.97,0.00390000,0
1507326613,22883449,4338.99,0.30067627,0
1507326612,22883448,4338.99,0.00147147,1
1507326607,22883447,4338.99,0.00440209,0
1507326603,22883445,4339.00,0.10575017,0
1507326595,22883443,4339.00,0.01317657,0
1507326588,22883438,4339.00,0.86517257,0
1507326570,22883433,4339.00,2.19800231,0
1507326568,22883432,4338.99,0.01167857,0
1507326565,22883429,4339.00,0.80420000,0
1507326557,22883428,4339.00,0.06000000,0
1507326543,22883426,4339.00,0.05000000,0
1507326534,22883425,4339.00,0.13620000,0
1507326532,22883424,4339.00,0.07290000,0
1507326521,22883423,4339.00,0.03000000,0
1507326518,22883422,4339.00,0.01544973,0
1507326511,22883421,4339.00,0.01380000,0
1507326502,22883417,4339.00,0.03962929,0
1507326494,22883416,4339.00,0.92577013,0
1507326494,22883415,4338.99,0.15648803,0
1507326493,22883413,4336.69,0.30000000,1
1507326490,22883412,4337.23,0.01777600,1
1507326489,22883411,4336.59,0.00847037,1
1507326488,22883410,4337.23,0.00842903,1
1507326488,22883409,4337.23,0.04342195,1
1507326483,22883408,4339.00,2.33911931,0
1507326483,22883407,4339.00,0.51088068,0
1507326460,22883404,4339.00,0.11884440,0
1507326448,22883402,4339.00,0.11491477,0
1507326442,22883401,4339.00,0.01180000,0
1507326427,22883370,4339.00,0.49377506,0
1507326416,22883365,4339.00,0.04596591,0
1507326364,22883349,4339.00,0.01167857,0
1507326363,22883348,4339.00,0.21380041,0
1507326359,22883345,4339.00,3.72511146,0
1507326348,22883343,4342.20,0.19752107,0
1507326304,22883305,4342.20,0.05283496,0
1507326291,22883298,4339.00,1.27488854,0
1507326290,22883292,4339.00,0.11601651,0
1507326290,22883291,4339.00,5.00000000,0
1507326289,22883289,4339.00,1.00880535,0
1507326287,22883288,4338.99,0.00119465,0
1507326285,22883287,4338.99,0.02370000,1
1507326252,22883281,4339.00,1.99823000,0
1507326250,22883280,4339.00,0.02850941,0
1507326247,22883277,4339.00,0.11290218,0
1507326227,22883273,4339.00,0.19309057,0
1507326224,22883272,4339.00,0.03551261,0
1507326224,22883271,4339.00,0.07081840,0
1507326193,22883264,4338.99,0.00270000,0
1507326191,22883263,4338.99,0.00293424,0
1507326187,22883262,4335.38,0.08239994,1
1507326184,22883258,4335.38,0.00800000,1
1507326158,22883253,4339.00,0.01000000,0
1507326149,22883244,4338.97,0.02428430,0
1507326116,22883231,4335.16,0.00360442,1
1507326109,22883230,4339.00,5.00000000,0
1507326109,22883229,4339.00,5.00000000,0
1507326108,22883228,4339.00,0.01000000,0
1507326106,22883227,4340.32,0.06045222,1
1507326106,22883226,4340.37,0.08077421,1
1507326097,22883225,4343.10,0.01770010,0
1507326066,22883219,4344.73,0.06069491,0
1507326066,22883217,4344.30,0.00126335,0
1507326066,22883216,4344.21,0.00126464,0
1507326066,22883215,4344.20,0.00126520,0
1507326066,22883214,4344.14,0.00126261,0
1507326066,22883213,4344.01,0.00126245,0
1507326065,22883212,4342.57,0.00126525,0
1507326065,22883211,4342.56,0.00126314,0
1507326065,22883210,4342.55,0.00126358,0
1507326005,22883195,4340.42,0.00293299,0
1507325985,22883190,4340.32,0.04000000,1
1507325972,22883186,4340.32,0.01000000,1
1507325969,22883185,4340.41,0.02192759,0
1507325954,22883183,4335.20,0.09000000,1
1507325943,22883182,4340.42,0.10571557,0
1507325932,22883180,4340.32,0.07592790,0
1507325929,22883175,4334.95,0.21168400,0
1507325843,22883166,4340.39,0.02019509,0
1507325841,22883165,4340.39,0.00689337,0
1507325783,22883128,4334.67,0.12000000,1
1507325764,22883121,4342.92,0.05282134,0
1507325644,22883066,4343.02,0.04650157,0
1507325643,22883064,4343.04,0.05282475,1
1507325573,22883056,4342.58,0.01151774,0
1507325572,22883055,4334.80,0.00171628,1
1507325555,22883053,4334.81,0.86940516,1
1507325554,22883052,4336.51,0.13059484,1
1507325554,22883051,4342.69,0.02747412,0
1507325554,22883050,4342.69,0.00126306,0
1507325554,22883049,4342.68,0.00126282,0
1507325543,22883047,4336.51,0.02490089,1
1507325531,22883046,4342.75,0.01466531,0
1507325523,22883044,4342.77,0.00662557,0
1507325438,22883021,4343.30,0.00867533,1
1507325437,22883020,4343.30,0.00126302,0
1507325406,22883009,4343.06,0.05282450,1
1507325360,22883002,4336.53,0.01200000,1
1507325311,22882999,4336.44,0.08640000,1
1507325307,22882998,4341.30,1.12062285,1
1507325304,22882997,4343.34,0.02067479,0
1507325304,22882996,4343.06,0.00126465,0
1507325304,22882995,4343.05,0.00126564,0
1507325304,22882994,4343.03,0.00126410,0
1507325258,22882993,4341.30,0.10362479,0
1507325242,22882989,4340.49,0.00293372,0
1507325227,22882985,4340.47,0.00869949,1
1507325224,22882983,4340.49,0.02114277,0
1507325214,22882979,4338.24,0.00310051,1
1507325204,22882973,4335.98,0.00815436,1
1507325160,22882961,4338.24,0.00275918,0
1507325149,22882960,4338.24,0.05773123,0
1507325147,22882957,4335.94,0.01220566,1
1507325147,22882956,4338.24,0.11190000,0
1507325124,22882952,4338.24,0.00526455,0
1507325105,22882949,4340.43,0.06019263,1
1507325103,22882948,4340.43,0.15353611,0
1507325103,22882947,4340.43,0.00290000,0
1507325083,22882943,4340.46,0.01148957,0
1507325083,22882942,4340.46,0.00230000,0
1507325068,22882939,4340.47,0.01009828,0
1507325067,22882936,4340.47,0.02420039,0
1507325052,22882932,4335.04,0.10100000,0
1507325051,22882931,4335.87,0.89900000,1
1507325046,22882930,4336.87,0.90300000,1
1507325043,22882925,4336.87,0.10524376,1
1507325027,22882919,4338.64,1.00000000,1
1507324985,22882860,4339.26,0.20390000,1
1507324985,22882859,4339.30,2.29610000,1
1507324984,22882858,4346.45,0.02655443,0
1507324966,22882853,4346.47,0.02698470,1
1507324965,22882852,4349.99,0.12723654,1
1507324937,22882844,4349.99,0.87150000,1
1507324936,22882843,4350.00,0.15639952,0
1507324929,22882842,4350.13,0.00393034,0
1507324924,22882840,4350.14,0.01159673,0
1507324922,22882839,4349.99,0.00126346,1
1507324921,22882838,4349.99,0.84264613,1
1507324920,22882837,4349.99,0.15609231,1
1507324919,22882836,4349.99,0.00126156,0
1507324918,22882835,4349.98,0.00126104,0
1507324915,22882834,4349.93,1.50126209,1
1507324915,22882833,4349.98,0.99873791,1
1507324915,22882832,4349.98,0.00126209,0
1507324908,22882830,4345.00,1.42075370,0
1507324908,22882829,4345.00,1.00000000,0
1507324907,22882828,4346.02,0.05294630,1
1507324906,22882827,4349.99,0.00126194,0
1507324906,22882826,4349.98,0.00126259,0
1507324905,22882825,4349.97,0.00126132,0
1507324898,22882824,4349.93,0.00126324,1
1507324898,22882823,4349.92,0.00126184,0
1507324898,22882822,4349.91,0.00126388,0
1507324893,22882821,4346.01,0.10696696,0
1507324862,22882812,4346.00,0.00126333,1
1507324860,22882810,4346.00,0.57150907,0
1507324854,22882808,4345.99,0.00126272,0
1507324850,22882807,4345.95,0.96544884,0
1507324845,22882805,4345.95,0.03455116,0
1507324842,22882799,4346.00,1.00000000,0
1507324841,22882797,4346.00,0.02363782,0
1507324841,22882796,4345.99,0.00126435,1
1507324841,22882795,4345.99,0.00126434,0
1507324839,22882793,4345.98,0.56953418,1
1507324838,22882790,4345.98,0.26639719,1
1507324837,22882789,4345.98,0.00126217,0
1507324832,22882788,4345.95,0.67940299,0
1507324829,22882787,4345.95,0.00126452,0
1507324829,22882786,4345.71,0.03420087,0
1507324826,22882781,4345.95,0.03416668,0
1507324821,22882779,4345.95,0.03186981,1
1507324820,22882778,4345.95,0.00126389,0
1507324808,22882768,4346.00,0.17615605,0
1507324808,22882767,4346.00,0.00126226,1
1507324806,22882765,4345.99,0.00126355,1
1507324806,22882764,4345.99,0.00126290,0
1507324804,22882763,4346.00,0.08040302,0
1507324803,22882762,4345.99,0.00126493,0
1507324803,22882761,4345.98,0.00126238,0
1507324803,22882760,4345.95,0.00126214,0
1507324803,22882759,4345.94,0.00126509,0
1507324802,22882758,4344.65,0.63557067,1
1507324802,22882757,4345.93,0.57367863,1
1507324794,22882748,4345.93,0.00126513,1
1507324793,22882747,4345.93,0.00126296,0
1507324793,22882746,4345.92,0.00126298,0
1507324793,22882745,4345.72,0.42000000,0
1507324793,22882744,4345.71,0.00126526,0
1507324793,22882743,4345.70,0.00126504,0
1507324788,22882742,4343.79,0.42000000,0
1507324784,22882741,4343.62,0.90387347,0
1507324782,22882740,4343.64,0.97633482,1
1507324781,22882739,4343.64,0.02240000,1
1507324781,22882738,4343.64,0.00126518,0
1507324719,22882734,4342.46,0.05549867,0
1507324719,22882733,4342.04,0.00264730,0
1507324718,22882732,4342.03,0.00149556,0
1507324674,22882724,4342.46,0.84604645,0
1507324674,22882723,4342.25,0.08189508,0
1507324674,22882722,4342.15,0.00126485,0
1507324673,22882721,4342.14,0.00126421,0
1507324673,22882720,4342.13,0.00126431,0
1507324673,22882719,4342.12,0.00126598,0
1507324673,22882718,4342.11,0.00126407,0
1507324673,22882717,4338.00,0.34664174,0
1507324670,22882702,4336.87,0.01351631,1
1507324670,22882701,4337.00,0.00720187,1
1507324632,22882698,4337.55,0.06481285,1
1507324632,22882697,4337.55,0.00343715,1
1507324629,22882696,4338.00,0.06417243,0
1507324622,22882695,4337.56,0.03488538,1
1507324577,22882692,4337.99,0.03426167,0
1507324568,22882690,4338.00,0.03426167,0
1507324563,22882687,4337.99,0.06205278,1
1507324563,22882686,4337.99,0.02139818,1
1507324558,22882684,4338.00,0.25696251,0
1507324544,22882680,4338.00,0.85654168,0
1507324534,22882676,4338.00,0.03422742,0
1507324510,22882674,4338.00,0.03422963,0
1507324510,22882673,4337.99,0.00440439,0
1507324480,22882668,4337.73,0.77609868,1
1507324479,22882667,4337.73,0.40067461,0
1507324461,22882662,4336.88,0.04371712,1
1507324402,22882642,4337.72,2.50000000,0
1507324390,22882640,4337.69,0.61600000,0
1507324385,22882639,4337.69,0.01471187,0
1507324373,22882637,4337.73,0.01932539,0
1507324356,22882634,4337.82,0.36233675,0
1507324356,22882633,4336.88,0.29419813,0
1507324323,22882629,4336.88,0.10580187,0
1507324293,22882625,4337.80,0.82121458,0
1507324293,22882624,4337.00,0.05046514,0
1507324293,22882623,4336.31,0.28502028,0
1507324262,22882599,4336.30,1.18070000,0
1507324256,22882598,4336.30,0.00662683,0
1507324254,22882597,4330.06,0.30958306,1
1507324248,22882596,4336.30,0.35630000,1
1507324243,22882595,4336.30,2.14370000,0
1507324233,22882590,4336.31,0.03556902,0
1507324218,22882574,4336.31,0.05342620,0
1507324210,22882573,4336.31,0.02598450,0
1507324204,22882571,4338.00,0.02115491,0
1507324203,22882569,4338.00,1.19905326,0
1507324202,22882568,4337.80,0.87150000,0
1507324202,22882567,4337.10,0.40000000,0
1507324202,22882566,4337.00,0.02120874,0
1507324202,22882565,4335.16,0.00823800,0
1507324194,22882564,4335.14,0.05341659,0
1507324194,22882563,4329.67,0.06298607,1
1507324185,22882561,4335.14,0.00823800,0
1507324167,22882559,4329.71,0.28769247,1
1507324155,22882557,4330.53,0.08893199,1
1507324154,22882556,4329.68,0.11484220,1
1507324154,22882555,4329.75,0.02332465,1
1507324148,22882552,4335.16,0.23550503,1
1507324147,22882551,4335.16,0.05637810,1
1507324147,22882550,4335.16,0.17153300,1
1507324134,22882541,4329.75,0.31383204,1
1507324127,22882535,4329.74,0.12260700,0
1507324104,22882507,4335.21,1.41027348,0
1507324104,22882506,4335.00,0.49875198,0
1507324104,22882505,4334.98,0.24347033,0
1507324095,22882500,4335.00,0.00124802,0
1507324070,22882436,4335.88,0.01687035,0
1507324053,22882435,4329.69,0.02495527,1
1507324037,22882433,4329.68,0.04000000,1
1507324035,22882432,4329.67,0.05000000,1
1507323997,22882429,4325.67,0.38267185,1
1507323971,22882418,4337.69,0.00550424,0
1507323971,22882417,4337.67,0.00126586,0
1507323971,22882416,4337.14,0.00126590,0
1507323970,22882415,4329.35,0.38000000,1
1507323970,22882414,4332.35,0.55251780,1
1507323969,22882413,4332.35,0.04878220,1
1507323966,22882411,4329.66,0.20360000,0
1507323964,22882410,4329.66,0.02060000,0
1507323952,22882400,4329.66,0.15580000,0
1507323940,22882399,4329.65,0.05831258,0
1507323915,22882392,4322.13,0.06604274,1
1507323902,22882388,4324.01,0.13956358,1
1507323890,22882384,4324.00,0.20000000,1
1507323863,22882371,4323.01,0.03230000,0
1507323861,22882370,4327.47,0.03856294,0
1507323859,22882369,4323.02,0.11038768,0
1507323855,22882367,4323.02,0.11166059,0
1507323844,22882365,4323.02,0.00390000,0
1507323840,22882363,4321.82,0.52711733,0
1507323840,22882362,4322.38,0.00693868,1
1507323838,22882358,4322.82,0.00693868,1
1507323834,22882356,4323.01,0.00410000,0
1507323828,22882355,4323.01,0.00590000,0
1507323827,22882354,4323.01,0.01148716,0
1507323827,22882353,4323.00,2.10751284,0
1507323827,22882352,4323.00,0.37510000,0
1507323827,22882351,4323.00,0.55956700,1
1507323826,22882349,4323.00,0.22590000,1
1507323821,22882334,4323.00,0.05226650,1
1507323821,22882333,4323.02,0.00044691,0
1507323821,22882332,4323.02,0.00466897,0
1507323819,22882324,4323.00,0.11000000,1
1507323819,22882321,4323.00,0.05226650,1
1507323818,22882317,4323.02,0.00732727,1
1507323818,22882310,4326.99,1.80201199,0
1507323818,22882308,4326.97,0.15398801,0
1507323817,22882307,4323.02,0.14463014,1
1507323817,22882304,4323.25,0.00693868,1
1507323817,22882302,4323.26,0.00040859,1
1507323812,22882269,4323.26,0.00754450,1
1507323811,22882260,4326.97,0.00293473,0
1507323807,22882256,4323.26,0.12000000,1
1507323791,22882252,4326.98,0.11078497,0
1507323791,22882251,4323.68,0.08306132,0
1507323790,22882249,4323.68,0.00693868,1
1507323789,22882248,4325.00,1.00000000,1
1507323784,22882247,4326.99,0.02120874,0
1507323783,22882244,4328.00,0.02120379,0
1507323780,22882238,4328.00,1.00000000,1
1507323780,22882237,4328.04,0.18800986,1
1507323780,22882236,4328.06,0.00331902,1
1507323766,22882233,4329.52,0.01970000,0
1507323748,22882226,4328.05,0.12000000,1
1507323733,22882224,4328.04,0.11000000,1
1507323723,22882221,4333.84,0.21405497,0
1507323709,22882217,4333.87,0.08087830,0
1507323709,22882216,4333.85,0.15667363,0
1507323707,22882215,4328.04,0.02947405,1
1507323707,22882214,4328.04,0.09492784,1
1507323707,22882213,4330.00,0.00559811,1
1507323657,22882210,4336.27,0.01656695,0
1507323604,22882196,4336.33,0.28600000,0
1507323603,22882195,4330.00,0.99440189,1
1507323603,22882193,4330.03,0.00559811,1
1507323596,22882191,4336.33,1.01730277,0
1507323570,22882159,4337.94,0.03998143,0
1507323567,22882156,4337.95,0.32300000,0
1507323566,22882153,4330.02,0.87150000,1
1507323551,22882143,4330.57,1.02855427,1
1507323548,22882138,4333.03,0.42465841,1
1507323548,22882137,4333.03,0.29224124,1
1507323547,22882135,4335.03,0.12550086,1
1507323546,22882134,4335.03,0.01994766,1
1507323541,22882133,4338.00,0.07910925,0
1507323512,22882117,4338.00,1.10000000,0
1507323511,22882116,4334.00,0.10561557,1
1507323502,22882115,4338.00,1.30000000,0
1507323501,22882114,4338.00,0.06181328,0
1507323497,22882113,4338.00,1.20000000,0
1507323486,22882109,4338.00,0.05732365,1
1507323485,22882108,4337.99,0.15652410,1
1507323477,22882100,4330.05,0.12406153,1
1507323469,22882098,4330.37,0.08674781,1
1507323466,22882097,4331.35,0.02111951,1
1507323461,22882096,4337.98,0.01426504,0
1507323460,22882095,4331.35,0.09927568,0
1507323460,22882094,4331.35,2.57660932,1
1507323451,22882090,4337.99,2.50000000,0
1507323449,22882089,4331.86,0.14891532,1
1507323449,22882088,4333.01,0.00115610,1
1507323444,22882084,4333.00,0.21095064,1
1507323444,22882083,4337.95,0.01517768,0
1507323442,22882082,4337.96,1.99780000,0
1507323442,22882081,4337.96,0.31110000,0
1507323439,22882080,4333.00,0.70587662,1
1507323439,22882079,4333.76,0.13985724,1
1507323434,22882077,4333.00,0.08317274,1
1507323434,22882076,4333.00,0.80788685,1
1507323432,22882075,4337.99,1.22505813,0
1507323432,22882074,4337.98,0.15652447,0
1507323430,22882072,4333.00,0.19211315,1
1507323430,22882071,4333.75,0.87150000,1
1507323424,22882070,4333.73,0.01697046,1
1507323413,22882066,4337.99,0.01498809,0
1507323387,22882062,4338.00,0.52887506,0
1507323376,22882059,4337.98,0.00390000,0
1507323362,22882050,4335.16,0.11247779,1
1507323357,22882047,4337.99,0.00843517,0
1507323352,22882040,4335.44,0.24062292,1
1507323347,22882038,4336.44,0.02816739,1
1507323343,22882032,4337.99,0.11900000,0
1507323342,22882030,4337.99,0.08667505,1
1507323339,22882026,4338.00,0.30000000,0
1507323336,22882017,4337.99,0.16332495,1
1507323325,22881981,4338.00,0.01400000,0
1507323303,22881965,4337.99,0.21385019,0
1507323302,22881961,4337.99,0.10252176,0
1507323293,22881957,4338.00,0.05420000,0
1507323292,22881956,4338.00,2.44580000,0
1507323286,22881952,4338.00,0.00510000,0
1507323265,22881934,4338.00,0.04530000,0
1507323258,22881919,4338.00,0.01855716,0
1507323253,22881916,4338.00,5.00000000,0
1507323252,22881915,4339.64,5.00000000,1
1507323235,22881911,4342.46,0.00287228,0
1507323235,22881910,4342.45,0.00126288,0
1507323235,22881909,4342.44,0.00126442,0
1507323234,22881908,4342.42,0.00126379,0
1507323222,22881901,4342.46,1.04790868,0
1507323222,22881900,4342.45,0.00126327,0
1507323222,22881899,4342.44,0.00126479,0
1507323222,22881898,4342.43,0.00126326,0
1507323193,22881878,4344.54,0.01494518,0
1507323193,22881877,4344.53,0.00126238,0
1507323193,22881876,4344.52,0.00126402,0
1507323193,22881875,4344.51,0.00126312,0
1507323193,22881874,4344.50,0.00126530,0
1507323185,22881872,4344.53,0.10435277,1
1507323183,22881871,4344.53,0.00126280,0
1507323163,22881868,4345.94,0.00045865,0
1507323162,22881867,4345.93,0.00241518,0
1507323162,22881866,4345.93,0.00126379,1
1507323162,22881865,4345.92,0.00126213,1
1507323160,22881864,4345.90,0.00126366,0
1507323134,22881862,4345.94,0.00190000,0
1507323113,22881855,4344.53,0.00190000,0
1507323113,22881854,4344.53,2.04226398,0
1507323113,22881853,4344.52,0.00126406,0
1507323113,22881852,4344.51,0.00126343,0
1507323113,22881851,4344.50,0.00448810,0
1507323113,22881850,4344.49,0.00126558,0
1507323113,22881849,4344.48,0.00126545,0
1507323113,22881848,4344.47,0.00126481,0
1507323097,22881843,4344.53,0.00043696,0
1507323097,22881842,4344.52,0.00126304,0
1507323094,22881841,4344.53,0.48746373,0
1507323094,22881840,4344.52,0.00126369,0
1507323094,22881839,4344.35,0.00126387,0
1507323094,22881838,4342.33,0.00117000,0
1507323094,22881837,4342.32,0.00173871,0
1507323093,22881836,4342.32,0.00873568,0
1507323092,22881835,4342.31,0.00126432,0
1507323081,22881830,4338.02,0.00117000,1
1507323064,22881828,4344.53,0.22727400,0
1507323063,22881827,4344.44,0.00126331,0
1507323063,22881826,4344.43,0.00126269,0
1507323062,22881825,4340.99,0.01047439,1
1507323023,22881820,4345.77,0.00117000,1
1507323014,22881818,4345.99,0.00885880,0
1507323013,22881817,4345.86,0.00126310,0
1507323012,22881816,4345.99,0.05064012,0
1507323012,22881815,4345.97,0.00126246,0
1507323012,22881814,4345.96,0.00310375,0
1507323012,22881813,4345.95,0.00126450,0
1507323012,22881812,4345.87,0.00354414,0
1507323012,22881811,4345.87,0.00126260,0
1507323008,22881810,4345.88,0.00117000,1
1507322982,22881804,4345.88,0.00517000,0
1507322947,22881790,4345.99,0.00073505,0
1507322947,22881789,4345.94,0.00126495,0
1507322894,22881766,4345.60,0.01127456,0
1507322884,22881754,4339.40,0.02110000,1
1507322873,22881745,4339.32,0.01998870,1
1507322864,22881698,4339.79,0.01271824,1
1507322835,22881630,4339.23,0.09000000,1
1507322834,22881629,4341.24,0.05619742,0
1507322832,22881627,4341.24,0.00347500,0
1507322815,22881623,4341.25,0.01612948,0
1507322810,22881617,4342.11,0.15287839,1
1507322770,22881593,4345.88,0.11734385,1
1507322768,22881588,4345.98,0.00084873,0
1507322768,22881587,4345.89,0.00126226,0
1507322768,22881586,4345.89,0.00126212,0
1507322754,22881573,4342.62,0.00117000,0
1507322740,22881566,4341.44,0.00117000,0
1507322731,22881557,4346.00,0.61985011,0
1507322727,22881553,4346.00,0.10609677,0
1507322725,22881552,4346.00,0.00515173,0
1507322719,22881549,4345.99,2.28276297,1
1507322718,22881548,4345.99,0.21597192,1
1507322716,22881546,4345.99,0.00126511,0
1507322711,22881542,4346.00,0.05318628,0
1507322711,22881541,4345.96,0.00241372,0
1507322702,22881537,4345.99,0.00756561,0
1507322702,22881536,4345.98,0.00126461,0
1507322702,22881535,4345.90,0.00126207,0
1507322702,22881534,4345.89,0.00333517,0
1507322701,22881533,4345.87,0.00126501,0
1507322687,22881524,4342.44,0.02638327,0
1507322674,22881514,4342.44,0.00114682,0
1507322671,22881512,4342.44,0.00738658,0
1507322663,22881509,4342.44,0.06976729,0
1507322644,22881494,4342.44,0.02595776,0
1507322642,22881493,4342.44,0.11475489,0
1507322640,22881491,4342.44,0.01139426,0
1507322628,22881485,4336.90,0.02000000,1
1507322620,22881483,4342.44,0.10004785,0
1507322593,22881476,4344.23,0.54000000,0
1507322593,22881474,4344.23,0.91261652,0
1507322593,22881473,4344.16,0.00126577,0
1507322592,22881472,4340.28,0.35147501,0
1507322574,22881467,4340.28,0.02500000,0
1507322562,22881464,4340.28,0.00352499,0
1507322529,22881455,4344.19,0.04951493,1
1507322527,22881454,4344.19,0.00126403,0
1507322513,22881451,4344.23,1.03783639,0
1507322512,22881450,4344.11,0.00126295,0
1507322512,22881449,4344.10,0.00126525,0
1507322512,22881448,4344.09,0.00126477,0
1507322511,22881447,4344.07,0.00126277,0
1507322511,22881446,4344.06,0.00126558,0
1507322511,22881445,4344.04,0.00126314,1
1507322511,22881444,4344.03,0.00126301,1
1507322510,22881443,4344.03,0.02110585,1
1507322510,22881442,4341.80,0.38000000,0
1507322510,22881441,4341.79,0.58741254,0
1507322508,22881439,4334.23,0.79172645,0
1507322504,22881431,4334.23,0.04308318,0
1507322497,22881429,4334.23,0.01486408,0
1507322496,22881428,4333.99,0.00117000,0
1507322485,22881427,4333.91,0.00117000,1
1507322472,22881424,4333.62,0.02110585,1
1507322453,22881420,4334.23,0.05608322,0
1507322431,22881418,4334.23,0.03739764,0
1507322396,22881390,4338.57,0.11475489,0
1507322378,22881388,4338.57,2.48730000,0
1507322372,22881386,4338.51,0.86791223,0
1507322353,22881383,4335.65,0.01754631,0
1507322343,22881374,4335.65,0.01270000,0
1507322341,22881372,4335.65,0.16874840,0
1507322341,22881371,4335.59,0.15661075,0
1507322341,22881370,4335.58,2.17464085,0
1507322332,22881368,4335.63,2.48730000,0
1507322323,22881367,4335.63,0.33355915,0
1507322323,22881366,4335.63,0.00450000,0
1507322301,22881358,4335.51,0.91000000,1
1507322298,22881357,4338.51,0.03919744,0
1507322296,22881356,4338.51,5.00000000,1
1507322292,22881355,4338.95,1.00000000,1
1507322292,22881354,4339.05,0.89800000,1
1507322292,22881353,4340.05,0.00250000,1
1507322287,22881352,4342.72,0.03982988,0
1507322276,22881349,4342.69,0.09866100,0
1507322258,22881344,4341.07,0.15327991,1
1507322253,22881343,4345.96,0.01000000,1
1507322250,22881342,4346.00,0.03910000,0
1507322236,22881337,4346.00,0.26715635,0
1507322234,22881336,4345.99,0.00022795,0
1507322225,22881315,4345.99,0.00103487,0
1507322224,22881314,4345.94,0.00126513,0
1507322219,22881313,4346.00,0.03287592,0
1507322219,22881312,4345.99,0.00126220,0
1507322219,22881311,4345.98,0.00126348,0
1507322219,22881310,4345.97,0.00126501,0
1507322219,22881309,4345.96,0.00126513,0
1507322219,22881308,4345.95,0.00126246,0
1507322201,22881304,4346.00,0.02024111,0
1507322201,22881303,4345.99,0.00126332,0
1507322200,22881302,4345.97,0.00126243,0
1507322187,22881288,4340.87,0.02115003,0
1507322185,22881287,4346.00,0.00463577,0
1507322185,22881286,4345.95,0.00126423,0
1507322155,22881282,4346.36,0.07187219,0
1507322155,22881281,4346.34,0.15622340,0
1507322155,22881280,4346.33,0.00126381,0
1507322155,22881279,4346.32,0.00126474,0
1507322155,22881278,4346.31,0.00264271,0
1507322155,22881277,4346.26,0.00356423,0
1507322115,22881197,4346.36,0.24246725,0
1507322115,22881196,4346.35,0.00402395,0
1507322105,22881192,4352.00,0.01982306,0
1507322103,22881189,4349.96,0.00126330,0
1507322102,22881187,4352.00,0.07945888,1
1507322102,22881186,4351.87,0.90000000,1
1507322101,22881185,4350.54,0.00186026,0
1507322101,22881184,4350.54,0.00126083,1
1507322101,22881183,4350.39,0.00479685,0
1507322101,22881182,4350.15,2.29970000,0
1507322100,22881181,4350.06,0.38000000,0
1507322100,22881180,4350.00,1.32316081,0
1507322100,22881179,4350.00,0.00218269,1
1507322099,22881178,4349.99,0.00379188,0
1507322099,22881177,4349.98,0.00126137,0
1507322099,22881176,4349.97,0.00126161,1
1507322097,22881175,4346.43,0.00126482,0
1507322093,22881174,4340.05,0.59600000,0
1507322093,22881173,4340.08,0.90400000,1
1507322093,22881172,4340.16,1.00000000,1
1507322068,22881169,4350.00,0.00312113,0
1507322068,22881168,4350.00,0.28361535,0
1507322068,22881167,4349.99,0.00126394,0
1507322067,22881166,4349.98,0.00126202,1
1507322066,22881165,4349.98,0.00126266,0
1507322047,22881163,4346.00,4.99873674,0
1507322046,22881162,4345.99,0.00126326,0
1507322038,22881160,4350.39,0.82314229,1
1507322038,22881159,4350.03,1.15528000,0
1507322037,22881158,4350.02,2.30110000,1
1507322037,22881157,4350.01,0.06897586,0
1507322037,22881156,4349.99,0.36000000,0
1507322036,22881155,4348.79,0.00183731,0
1507322036,22881154,4348.79,0.00241450,1
1507322036,22881153,4347.00,0.96973032,0
1507322036,22881152,4346.99,0.00126345,0
1507322036,22881151,4346.99,0.04230624,1
1507322035,22881150,4346.98,0.00195364,0
1507322035,22881149,4346.97,0.00126168,0
1507322033,22881148,4346.95,0.00126224,0
1507322032,22881147,4346.96,0.03921802,0
1507322023,22881144,4347.00,0.03026968,0
1507322023,22881143,4346.99,0.00264299,0
1507322023,22881142,4346.98,0.00126437,0
1507322007,22881138,4348.34,0.85020808,0
1507322007,22881137,4348.00,1.00000000,0
1507322007,22881136,4347.98,0.87150000,0
1507322007,22881135,4345.15,0.27702791,0
1507322007,22881134,4345.14,0.00126401,0
1507322004,22881133,4345.15,0.08297209,0
1507322004,22881132,4345.11,0.00126520,0
1507322004,22881131,4345.10,0.00126212,0
1507322004,22881130,4345.09,0.00126366,0
1507321986,22881128,4347.82,0.03417711,0
1507321985,22881125,4347.82,0.01984321,0
1507321984,22881123,4345.00,2.00000000,0
1507321984,22881122,4344.99,0.00126425,0
1507321983,22881121,4344.33,0.00126572,0
1507321983,22881120,4344.33,1.72749386,0
1507321983,22881119,4344.32,0.00126480,0
1507321983,22881118,4344.31,0.00195344,0
1507321983,22881117,4344.30,0.00126264,0
1507321982,22881115,4344.29,0.00425750,0
1507321966,22881112,4344.33,0.04067783,0
1507321965,22881111,4344.32,0.00126413,0
1507321965,22881110,4344.27,0.00126248,0
1507321957,22881107,4344.33,0.15961758,0
1507321957,22881106,4344.32,0.00333559,0
1507321957,22881105,4344.31,0.00126276,0
1507321956,22881104,4344.30,0.00126442,0
1507321956,22881103,4344.29,0.00287625,0
1507321956,22881102,4344.28,0.00126273,0
1507321956,22881101,4344.27,0.00126428,0
1507321946,22881099,4339.00,0.02521805,1
1507321938,22881090,4344.33,0.03291618,0
1507321938,22881089,4344.32,0.00126518,0
1507321933,22881088,4344.33,0.03929455,0
1507321927,22881087,4344.24,0.55533568,0
1507321927,22881086,4344.23,0.00126432,0
1507321924,22881085,4344.24,0.06946123,0
1507321924,22881084,4343.71,0.00126487,0
1507321920,22881081,4344.27,0.04496949,0
1507321919,22881080,4344.23,0.00126432,0
1507321919,22881079,4344.22,0.00126344,0
1507321919,22881078,4344.21,0.00126511,0
1507321919,22881077,4344.20,0.00126537,0
1507321919,22881076,4343.72,0.00126472,0
1507321903,22881074,4344.25,0.00029027,0
1507321903,22881073,4343.74,0.00287639,0
1507321902,22881071,4338.98,0.07726676,1
1507321896,22881069,4343.34,0.05132799,1
1507321890,22881067,4343.97,3.65357716,1
1507321889,22881065,4343.97,0.23326631,1
1507321887,22881064,4343.97,0.00126366,1
1507321887,22881063,4342.34,0.36000000,0
1507321887,22881062,4342.33,0.00126584,0
1507321887,22881061,4342.32,0.00126456,0
1507321887,22881060,4342.01,0.00126338,0
1507321878,22881058,4342.01,0.01403000,0
1507321878,22881056,4342.00,0.00287645,1
1507321876,22881055,4339.00,3.20238814,0
1507321875,22881054,4339.00,0.51327993,0
1507321871,22881053,4339.00,7.00000000,0
1507321864,22881048,4339.00,1.09199124,0
1507321863,22881047,4339.00,0.02115003,0
1507321855,22881043,4339.00,0.17119066,0
1507321844,22881040,4339.00,2.00000000,0
1507321843,22881039,4338.99,0.50000000,0
1507321839,22881036,4338.83,1.00000000,1
1507321837,22881033,4338.98,0.34121599,0
1507321837,22881032,4338.95,0.00126632,0
1507321830,22881014,4336.43,0.36000000,0
1507321829,22881012,4338.34,1.00000000,1
1507321818,22881010,4337.37,0.03460131,0
1507321818,22881009,4337.37,2.06452527,0
1507321817,22881008,4337.37,0.07667319,0
1507321815,22881007,4336.21,0.36000000,0
1507321809,22881004,4335.25,0.24278880,0
1507321799,22881000,4335.25,0.03428252,0
1507321791,22880997,4335.25,1.00000000,0
1507321791,22880996,4330.26,0.04755000,1
1507321790,22880995,4335.25,0.05195392,0
1507321788,22880994,4335.25,0.92547927,0
1507321788,22880993,4335.25,0.07452073,0
1507321781,22880990,4335.25,0.09418285,0
1507321763,22880987,4335.25,0.17129642,0
1507321740,22880983,4333.86,0.00331472,1
1507321739,22880982,4333.86,0.07842299,1
1507321738,22880981,4333.86,0.21978516,0
1507321732,22880980,4329.28,0.50000000,1
1507321723,22880977,4333.86,0.00146999,0
1507321723,22880976,4330.24,0.00117000,0
1507321683,22880964,4333.86,0.02117511,0
1507321622,22880950,4333.86,0.01028749,0
1507321609,22880948,4328.23,0.05300000,0
1507321575,22880941,4333.85,0.02410995,0
1507321562,22880937,4330.86,0.00117000,1
1507321555,22880935,4333.85,0.00866176,0
1507321554,22880934,4333.86,0.05787656,0
1507321553,22880933,4333.85,0.00117000,1
1507321546,22880931,4333.86,0.00749176,0
1507321546,22880930,4329.12,0.00117000,0
1507321543,22880925,4333.86,0.01451646,0
1507321537,22880923,4333.85,0.00856747,0
1507321527,22880921,4333.86,0.00739747,0
1507321527,22880920,4332.00,0.00117000,0
1507321518,22880918,4333.85,0.02056263,0
1507321506,22880908,4332.51,0.45990000,1
1507321502,22880906,4335.09,0.14850000,1
1507321500,22880899,4335.07,0.85150000,0
1507321500,22880898,4335.07,0.02000000,0
1507321498,22880896,4335.19,1.00000000,1
1507321492,22880892,4328.03,1.00000000,0
1507321491,22880891,4328.04,0.66000000,1
1507321490,22880889,4328.04,0.34000000,0
1507321486,22880888,4325.29,0.15698442,1
1507321482,22880885,4325.28,0.10533829,0
1507321482,22880884,4325.28,0.00820720,0
1507321474,22880880,4325.28,0.04343857,0
1507321457,22880879,4322.34,0.50000000,1
1507321454,22880878,4333.90,0.19570000,0
1507321454,22880877,4330.99,0.34000000,0
1507321451,22880876,4322.27,0.12850000,0
1507321451,22880874,4322.33,0.87150000,1
1507321448,22880873,4322.30,0.12850000,1
1507321447,22880871,4322.30,0.87150000,1
1507321446,22880868,4322.90,0.38518736,0
1507321437,22880867,4325.30,0.19017744,0
1507321436,22880866,4325.30,0.00212000,1
1507321429,22880861,4325.37,1.00000000,1
1507321427,22880858,4326.33,0.14264773,0
1507321425,22880857,4326.85,0.00340000,1
1507321420,22880854,4329.82,0.00692677,1
1507321420,22880853,4330.00,0.14252826,1
1507321419,22880852,4330.25,0.00692677,1
1507321415,22880851,4330.69,0.00692677,1
1507321414,22880850,4331.12,0.00692677,1
1507321405,22880847,4334.71,0.90200000,1
1507321405,22880846,4335.71,0.11894801,1
1507321391,22880838,4336.59,0.00967921,0
1507321386,22880835,4335.72,0.50000000,1
1507321383,22880833,4337.95,0.02115515,1
1507321361,22880828,4337.99,0.00810153,0
1507321361,22880827,4337.98,0.00999847,0
1507321344,22880825,4338.12,0.00856026,0
1507321342,22880824,4338.11,0.01053580,0
1507321342,22880823,4338.11,0.01466627,0
1507321293,22880816,4340.00,2.00000000,1
1507321293,22880815,4340.00,5.00000000,1
1507321291,22880814,4341.00,0.85268770,1
1507321291,22880813,4341.01,0.00229198,1
1507321247,22880800,4341.87,0.01127745,0
1507321243,22880799,4341.00,0.10608880,1
1507321189,22880795,4341.99,0.01027419,1
1507321188,22880794,4341.55,0.00000070,0
1507321187,22880793,4341.55,0.19885930,1
1507321171,22880784,4342.00,0.00256332,1
1507321160,22880781,4342.00,0.00999847,1
1507321092,22880758,4344.25,0.01175318,0
1507321057,22880751,4344.56,0.02862534,0
1507321057,22880750,4344.54,0.02999847,0
1507321032,22880746,4341.63,0.62620000,1
1507321013,22880744,4344.84,0.01846334,0
1507321013,22880743,4344.84,0.00126463,0
1507321013,22880742,4344.83,0.00126399,0
1507321003,22880739,4344.91,0.00747310,0
1507321003,22880738,4344.91,0.00126270,0
1507321003,22880737,4344.90,0.00126420,0
1507320971,22880731,4345.46,0.02393669,1
1507320970,22880730,4345.46,0.00126254,0
1507320970,22880729,4345.45,0.00126255,0
1507320932,22880719,4345.70,0.01690000,0
1507320903,22880710,4341.55,0.00114070,1
1507320903,22880709,4341.55,0.00164837,1
1507320903,22880708,4341.56,0.01221093,1
1507320903,22880707,4345.88,0.10558252,0
1507320899,22880704,4345.00,3.00000000,1
1507320898,22880703,4345.00,5.00000000,1
1507320892,22880702,4345.00,4.18522287,1
1507320890,22880701,4345.00,5.00000000,1
1507320890,22880700,4345.00,1.76797489,0
1507320890,22880699,4344.99,0.00126481,0
1507320890,22880698,4344.46,2.30080000,0
1507320890,22880697,4344.44,0.87150000,0
1507320890,22880696,4344.00,0.50000000,0
1507320890,22880695,4343.66,1.37323743,0
1507320877,22880691,4343.95,0.00361033,0
1507320876,22880690,4343.95,0.00500000,0
1507320855,22880681,4343.84,0.01736561,0
1507320847,22880679,4343.85,0.02633315,0
1507320792,22880667,4342.68,1.12642311,0
1507320791,22880666,4341.55,0.00089394,0
1507320788,22880665,4337.21,2.51702615,0
1507320788,22880664,4337.21,3.08422221,0
1507320788,22880663,4340.03,0.34250000,1
1507320788,22880662,4340.04,0.65750000,1
1507320788,22880661,4340.13,0.13719985,1
1507320787,22880659,4341.55,0.00500000,0
1507320783,22880654,4341.55,0.10568806,0
1507320771,22880645,4341.55,0.02801618,0
1507320764,22880640,4341.55,0.02249793,0
1507320751,22880637,4341.55,0.02801618,0
1507320733,22880613,4341.55,0.10000000,0
1507320724,22880606,4341.55,0.02113761,0
1507320693,22880602,4341.54,0.00989000,0
1507320689,22880600,4340.05,0.01001015,1
1507320687,22880598,4341.55,0.02875010,0
1507320662,22880594,4343.79,0.02444721,0
1507320654,22880593,4341.94,0.03823205,1
1507320653,22880592,4340.02,0.30476795,0
1507320617,22880586,4340.02,0.03523205,0
1507320581,22880582,4344.47,0.00500000,0
1507320572,22880580,4344.94,0.72059441,0
1507320572,22880579,4344.71,0.03000000,0
1507320572,22880578,4344.55,0.00126570,0
1507320572,22880577,4344.54,0.00126546,0
1507320571,22880576,4344.53,0.00126385,0
1507320571,22880575,4344.52,0.00218483,0
1507320571,22880574,4344.51,0.00172336,0
1507320571,22880573,4344.50,0.00241619,0
1507320571,22880572,4344.49,0.00126340,0
1507320571,22880571,4344.48,0.00126276,0
1507320571,22880569,4340.00,0.22966004,0
1507320571,22880568,4339.75,0.32000000,0
1507320569,22880567,4339.99,1.52704536,1
1507320564,22880566,4339.99,0.43476286,1
1507320563,22880565,4339.99,0.03000000,1
1507320560,22880564,4340.00,0.00263452,0
1507320552,22880562,4339.69,0.32000000,0
1507320544,22880561,4340.00,0.10000000,0
1507320538,22880559,4340.00,0.10000000,0
1507320538,22880558,4340.00,0.06770544,0
1507320536,22880557,4335.71,0.18819178,0
1507320536,22880556,4335.71,0.04122316,0
1507320504,22880551,4335.71,0.03156848,0
1507320504,22880550,4335.71,0.05901658,0
1507320462,22880538,4340.60,1.51406495,1
1507320461,22880537,4340.60,0.68418722,1
1507320461,22880536,4340.39,0.00126365,0
1507320461,22880535,4340.30,0.30048418,0
1507320450,22880533,4338.07,0.01022187,0
1507320450,22880532,4335.45,0.32000000,0
1507320450,22880531,4333.67,0.15668013,0
1507320450,22880530,4333.66,2.01309800,0
1507320445,22880527,4330.15,1.00000000,1
1507320445,22880526,4330.15,0.01309800,1
1507320441,22880524,4330.82,1.00000000,1
1507320439,22880521,4330.11,0.12850000,1
1507320438,22880520,4330.81,0.87150000,1
1507320433,22880519,4332.11,0.87150000,1
1507320429,22880513,4333.69,0.90400000,1
1507320421,22880510,4330.00,0.02409339,1
1507320420,22880509,4330.40,0.02790139,1
1507320419,22880507,4335.00,5.00000000,1
1507320416,22880505,4335.00,1.00000000,1
1507320415,22880504,4335.00,1.00000000,1
1507320413,22880503,4335.00,1.00000000,1
1507320403,22880502,4337.60,1.19527165,0
1507320403,22880501,4337.60,1.08322835,0
1507320402,22880500,4337.62,0.87150000,1
1507320402,22880499,4340.00,8.00000000,1
1507320370,22880491,4343.00,5.00000000,0
1507320369,22880490,4343.54,0.83141171,1
1507320369,22880489,4343.56,0.01743616,1
1507320339,22880478,4345.00,0.23202511,0
1507320321,22880475,4346.00,0.01030320,0
1507320319,22880474,4346.00,0.14656000,0
1507320319,22880473,4345.99,0.08111680,0
1507320312,22880471,4341.70,0.11007360,1
1507320303,22880469,4345.99,0.10558009,0
1507320296,22880467,4341.70,0.10593097,1
1507320291,22880459,4345.95,0.02297756,0
1507320269,22880456,4341.68,3.46421615,1
1507320269,22880455,4341.68,0.23655093,1
1507320262,22880446,4341.00,0.24081637,1
1507320262,22880444,4341.00,0.04930890,1
1507320261,22880441,4341.03,0.01783858,1
1507320261,22880440,4346.00,0.02635472,0
1507320256,22880425,4341.02,0.05068103,1
1507320252,22880398,4346.06,0.05870115,0
1507320247,22880377,4341.04,0.00276571,1
1507320243,22880366,4341.07,0.32346174,0
1507320217,22880360,4348.74,0.09830338,1
1507320215,22880359,4348.74,0.00126114,0
1507320189,22880340,4346.97,0.00126298,0
1507320184,22880339,4346.98,1.76613226,1
1507320183,22880338,4346.98,0.00126183,1
1507320182,22880337,4346.95,0.00126358,0
1507320182,22880336,4346.93,0.00126320,0
1507320182,22880335,4346.92,0.00126192,0
1507320181,22880334,4346.91,0.00425345,0
1507320181,22880333,4346.90,0.00126418,0
1507320181,22880332,4346.88,0.00126420,0
1507320144,22880328,4345.18,0.00126477,1
1507320144,22880327,4345.18,2.29950000,1
1507320143,22880326,4345.00,1.81804364,0
1507320143,22880325,4345.00,3.95457108,0
1507320143,22880324,4344.98,0.00126266,0
1507320143,22880323,4344.97,3.04163652,0
1507320143,22880322,4344.97,0.00126433,0
1507320143,22880321,4344.96,0.00126541,0
1507320139,22880320,4339.03,0.01780000,1
1507320138,22880319,4344.99,0.02194109,0
1507320137,22880318,4344.99,0.00126279,0
1507320137,22880317,4344.98,0.00379612,0
1507320131,22880315,4344.99,2.49747264,1
1507320131,22880314,4344.99,0.00126484,1
1507320130,22880313,4344.99,0.00126252,0
1507320121,22880310,4344.99,0.13677311,0
1507320121,22880309,4344.79,0.00186025,0
1507320120,22880308,4344.78,0.00126243,0
1507320120,22880307,4344.52,0.00126508,0
1507320120,22880306,4344.51,0.00126317,0
1507320120,22880305,4344.50,0.00126239,0
1507320120,22880304,4344.49,0.00126393,0
1507320120,22880303,4343.00,0.30000000,0
1507320115,22880302,4342.99,2.47270000,1
1507320109,22880301,4342.99,0.09160000,0
1507320109,22880300,4342.99,0.02730000,1
1507320091,22880297,4342.01,1.86514975,1
1507320090,22880296,4342.01,0.30368229,1
1507320089,22880295,4337.83,0.01116796,0
1507320089,22880294,4337.55,0.32000000,0
1507320088,22880293,4337.40,0.05529481,0
1507320088,22880292,4337.21,0.00345070,0
1507320033,22880285,4332.27,0.19000000,1
1507320033,22880283,4332.27,0.05000000,1
1507320029,22880280,4337.80,0.00494612,0
1507320016,22880262,4331.82,0.31563980,1
1507320016,22880261,4331.90,0.68436020,1
1507320009,22880260,4337.92,1.00000000,1
1507320008,22880259,4338.50,0.06143944,0
1507320006,22880258,4338.01,1.00000000,1
1507320006,22880257,4338.01,3.00000000,1
1507320005,22880256,4338.00,0.77289685,0
1507320005,22880255,4338.00,0.01327810,0
1507320004,22880254,4338.00,0.21382505,0
1507320002,22880252,4338.01,1.00000000,0
1507320002,22880251,4337.81,0.01753507,0
1507320001,22880250,4337.81,0.01116796,1
1507320001,22880249,4337.81,0.17739560,1
1507320001,22880248,4337.82,0.00090137,1
1507320000,22880247,4338.00,0.05800000,1
1507319999,22880246,4338.01,0.55950000,0
1507319999,22880245,4338.01,0.44050000,0
1507319993,22880242,4341.70,0.00103150,0
1507319993,22880241,4341.70,0.00126484,0
1507319978,22880228,4341.75,0.00103184,0
1507319976,22880227,4341.74,0.00126531,0
1507319972,22880226,4341.77,0.04230734,0
1507319963,22880225,4341.80,0.00229627,0
1507319963,22880223,4341.80,0.00224065,1
1507319963,22880222,4341.80,0.19921014,1
1507319961,22880221,4339.91,0.00290272,0
1507319950,22880219,4339.91,0.00229728,0
1507319944,22880186,4341.86,0.05157588,0
1507319943,22880185,4341.86,0.00126310,0
1507319942,22880182,4341.87,0.00229625,0
1507319934,22880153,4341.91,0.00229622,0
1507319923,22880147,4341.95,0.01022445,1
1507319922,22880146,4341.95,0.00126348,0
1507319910,22880144,4341.99,0.00895807,1
1507319909,22880143,4341.99,0.00126635,0
1507319909,22880142,4341.98,0.00126340,0
1507319902,22880141,4342.01,0.05686848,0
1507319902,22880140,4342.01,0.00126329,0
1507319900,22880139,4342.02,0.01022407,0
1507319900,22880138,4342.02,0.00126367,0
1507319895,22880137,4342.03,0.12507252,0
1507319895,22880136,4342.03,0.00126470,0
1507319890,22880135,4342.06,0.01148763,0
1507319885,22880134,4342.06,0.01022307,0
1507319885,22880133,4342.05,0.00126456,0
1507319882,22880132,4342.06,0.01148763,1
1507319877,22880130,4342.07,0.01022274,1
1507319876,22880129,4342.07,0.00126487,0
1507319876,22880128,4337.81,0.02260440,1
1507319855,22880116,4337.82,0.98469069,1
1507319855,22880115,4337.83,0.01530931,1
1507319853,22880114,4337.83,1.00000000,1
1507319845,22880112,4337.83,1.00000000,1
1507319838,22880106,4342.24,3.31508391,0
1507319837,22880103,4342.23,2.30020000,1
1507319837,22880102,4342.16,0.00126642,0
1507319837,22880101,4342.16,0.00287607,0
1507319837,22880100,4342.13,0.11091185,1
1507319835,22880099,4338.27,0.32000000,0
1507319820,22880095,4342.15,0.95648437,0
1507319820,22880094,4340.93,0.17836300,0
1507319819,22880093,4340.83,0.02299223,0
1507319819,22880092,4339.04,0.00187024,0
1507319819,22880091,4339.00,0.22603994,0
1507319819,22880090,4338.99,0.54447101,0
1507319819,22880089,4338.97,0.00126450,0
1507319819,22880088,4338.96,0.00126668,0
1507319819,22880087,4338.95,0.00126504,0
1507319819,22880086,4337.81,0.32000000,0
1507319806,22880080,4338.99,0.00009435,0
1507319806,22880079,4338.95,0.00264754,0
1507319805,22880078,4338.94,0.00126626,0
1507319805,22880077,4338.93,0.00126562,0
1507319805,22880076,4338.93,0.00218887,1
1507319805,22880075,4338.92,0.00126548,0
1507319803,22880074,4338.91,0.00126707,0
1507319782,22880068,4338.99,0.45543464,1
1507319778,22880067,4338.99,1.00000000,1
1507319770,22880065,4338.99,0.01171957,1
1507319766,22880062,4339.00,0.01149574,0
1507319753,22880059,4338.99,0.49639742,1
1507319730,22880052,4338.99,0.30000000,1
1507319722,22880051,4338.99,0.00126583,1
1507319719,22880048,4339.00,0.06397873,0
1507319719,22880047,4338.99,0.00126441,0
1507319717,22880045,4339.00,0.09848559,0
1507319717,22880044,4338.70,0.00264691,1
1507319716,22880043,4338.70,0.00184159,0
1507319716,22880042,4338.69,0.00380061,0
1507319712,22880034,4338.67,0.00126402,0
1507319700,22880027,4338.42,0.00126550,0
1507319695,22880026,4338.38,0.10435214,1
1507319683,22880022,4338.38,0.00126623,1
1507319682,22880021,4338.38,0.00126624,0
1507319680,22880019,4338.38,0.00126598,0
1507319680,22880018,4338.37,0.00172570,0
1507319680,22880017,4337.81,0.05538262,0
1507319660,22880015,4337.41,0.00231558,1
1507319660,22880014,4336.43,0.00696409,0
1507319660,22880013,4336.21,0.00696445,0
1507319660,22880012,4336.00,0.00696409,0
1507319660,22880011,4335.86,0.01300000,0
1507319659,22880010,4335.78,0.00696445,0
1507319659,22880009,4335.57,0.00696409,0
1507319659,22880008,4335.35,0.00696445,0
1507319659,22880007,4335.14,0.00696409,0
1507319659,22880006,4333.56,0.10435214,1
1507319659,22880005,4334.01,0.02532786,1
1507319658,22880004,4334.38,0.53445002,0
1507319657,22880003,4334.38,7.00000000,0
1507319657,22880002,4334.38,5.00000000,0
1507319657,22880001,4334.38,5.00000000,0
1507319656,22880000,4334.38,7.00000000,0
1507319655,22879999,4334.38,7.00000000,0
1507319654,22879998,4334.38,0.00459742,0
1507319654,22879997,4334.38,7.00000000,0
1507319653,22879996,4334.38,7.00000000,0
1507319645,22879991,4334.38,0.13184400,0
1507319644,22879990,4334.38,0.00791300,0
1507319643,22879989,4334.38,1.09326363,0
1507319625,22879986,4334.01,0.00231558,1
1507319621,22879985,4334.38,1.35644417,0
1507319621,22879984,4334.37,1.01687047,0
1507319620,22879983,4334.37,0.12668536,0
1507319590,22879976,4334.37,1.23460000,0
1507319572,22879974,4334.38,0.01058844,0
1507319569,22879973,4334.38,0.09531747,0
1507319560,22879970,4334.37,0.03630351,0
1507319560,22879969,4334.37,0.56559649,0
1507319559,22879968,4334.37,0.04187298,0
1507319536,22879965,4334.37,0.30000000,0
1507319513,22879962,4334.37,0.07921724,0
1507319513,22879961,4334.37,0.01331329,0
1507319494,22879960,4334.38,1.37870955,0
1507319494,22879959,4333.23,3.62129045,0
1507319493,22879958,4334.37,0.02508323,0
1507319492,22879956,4334.38,0.00814263,0
1507319491,22879955,4334.38,0.37872967,0
1507319491,22879954,4333.84,0.01600000,0
1507319491,22879953,4333.40,0.32000000,0
1507319491,22879952,4333.00,1.30935847,0
1507319491,22879951,4333.00,0.25227767,0
1507319464,22879946,4332.94,0.54100218,0
1507319462,22879944,4333.00,0.25280000,0
1507319462,22879943,4332.92,0.87150000,0
1507319429,22879932,4333.00,0.49492233,0
1507319429,22879931,4331.86,0.87150000,0
1507319429,22879930,4330.81,0.01600000,0
1507319429,22879929,4330.40,0.26351600,0
1507319428,22879928,4330.40,0.00888070,0
1507319424,22879927,4330.40,0.00614000,0
1507319382,22879918,4330.40,0.03750730,0
1507319382,22879917,4328.04,0.00661179,0
1507319375,22879914,4328.04,0.01338821,1
1507319340,22879905,4328.03,0.00317197,1
1507319283,22879898,4330.40,0.00395600,0
1507319275,22879895,4330.39,0.17210000,0
1507319260,22879893,4330.39,1.50665396,1
1507319254,22879892,4330.39,0.99334604,1
1507319254,22879891,4330.39,0.00116025,1
1507319235,22879885,4329.46,4.16212538,0
1507319235,22879884,4328.24,0.02300000,0
1507319235,22879883,4326.85,5.81487462,0
1507319210,22879839,4326.83,0.01369488,0
1507319184,22879828,4326.85,0.94310000,0
1507319147,22879818,4325.30,0.01072852,1
1507319147,22879817,4328.08,0.06879312,1
1507319136,22879815,4328.10,0.01221457,0
1507319133,22879814,4328.09,0.05186381,1
1507319133,22879813,4328.09,0.02252354,1
1507319132,22879812,4328.10,0.12966733,1
1507319115,22879801,4329.46,0.12966733,0
1507319107,22879796,4328.08,0.10108462,1
1507319106,22879795,4328.10,0.08456440,1
1507319106,22879794,4329.46,0.23900118,1
1507319105,22879793,4329.46,0.24359932,1
1507319105,22879791,4329.46,0.15288623,1
1507319103,22879789,4329.47,0.09903600,0
1507319100,22879787,4329.46,0.17013693,1
1507319099,22879786,4329.46,0.15030507,1
1507319099,22879785,4329.46,0.04407127,1
1507319090,22879779,4329.47,0.05714898,0
1507319086,22879774,4329.46,0.07012658,1
1507319082,22879771,4329.46,0.50095456,1
1507319082,22879770,4329.46,0.16813172,1
1507319073,22879768,4328.81,0.10011609,1
1507319073,22879767,4328.81,0.99925356,1
1507319066,22879764,4328.81,0.66141749,1
1507319063,22879761,4332.66,0.01918825,0
1507319062,22879758,4328.09,0.06400000,1
1507319056,22879755,4327.90,0.01700000,0
1507319056,22879754,4327.48,0.27839571,0
1507319046,22879752,4324.26,0.05683637,1
1507319038,22879748,4327.48,0.01657929,0
1507319033,22879746,4324.07,0.83199579,0
1507318997,22879736,4327.48,0.00502500,0
1507318989,22879732,4330.19,0.95665304,0
1507318989,22879731,4327.21,0.02100000,0
1507318984,22879730,4330.32,0.21422798,1
1507318982,22879728,4330.37,0.02496230,0
1507318973,22879727,4327.69,0.05252224,1
1507318973,22879726,4325.68,0.02300000,0
1507318972,22879725,4325.66,0.15505387,0
1507318960,22879724,4325.66,0.00590088,0
1507318939,22879722,4325.66,0.06626590,0
1507318938,22879721,4325.00,0.40071683,0
1507318929,22879718,4325.00,0.10000000,0
1507318928,22879717,4325.00,0.03470000,0
1507318924,22879715,4325.00,0.00396400,0
1507318922,22879712,4322.14,0.16974971,1
1507318897,22879708,4325.66,0.01142661,0
1507318886,22879707,4325.66,0.06135274,0
1507318865,22879700,4329.36,0.70568728,1
1507318865,22879699,4326.00,0.16170874,0
1507318863,22879698,4325.59,0.22734556,0
1507318851,22879694,4325.59,0.07265444,0
1507318849,22879692,4325.17,0.72198528,0
1507318847,22879691,4325.17,5.77261472,0
1507318833,22879686,4325.17,1.50540000,0
1507318821,22879685,4325.16,0.01582244,0
1507318815,22879683,4320.42,0.17247640,1
1507318815,22879682,4320.42,0.39266749,1
1507318814,22879681,4320.42,0.10633931,1
1507318811,22879680,4325.15,0.49900680,1
1507318811,22879679,4323.16,0.03000000,0
1507318811,22879678,4323.15,0.14480303,0
1507318805,22879675,4325.15,0.10608880,1
1507318803,22879672,4325.16,0.06676722,0
1507318801,22879670,4325.16,0.32448246,0
1507318801,22879669,4322.00,0.08398625,0
1507318801,22879668,4321.58,0.12173129,0
1507318769,22879665,4321.58,0.02304672,0
1507318765,22879663,4321.58,0.04609345,0
1507318763,22879662,4321.58,0.06946588,0
1507318760,22879660,4321.58,0.01000000,0
1507318758,22879659,4321.58,0.02966266,0
1507318755,22879658,4320.38,0.04000000,0
1507318743,22879648,4322.00,0.10616612,0
1507318740,22879645,4322.00,0.02341376,0
1507318740,22879644,4321.44,0.18890930,0
1507318740,22879643,4321.44,0.11109070,0
1507318740,22879642,4320.77,0.00650000,0
1507318740,22879641,4320.70,0.24472452,0
1507318738,22879640,4320.00,0.98376804,0
1507318720,22879625,4320.00,0.31039122,0
1507318719,22879623,4320.00,0.20584074,0
1507318719,22879622,4317.30,0.13013437,0
1507318718,22879621,4317.30,0.81160485,0
1507318714,22879619,4317.17,0.03487898,1
1507318710,22879617,4317.30,0.01200379,0
1507318710,22879616,4317.30,0.29627607,0
1507318708,22879615,4317.16,0.04800000,0
1507318625,22879580,4316.40,0.02000000,1
1507318615,22879577,4316.40,0.13036469,0
1507318598,22879576,4315.31,0.00955281,1
1507318564,22879568,4316.40,0.00301000,0
1507318548,22879562,4316.40,0.00502500,0
1507318547,22879560,4315.27,0.12000000,1
1507318533,22879557,4315.26,0.02324506,1
1507318505,22879552,4315.00,0.09430409,1
1507318505,22879551,4315.20,0.12569591,1
1507318453,22879516,4316.41,0.07123502,0
1507318390,22879499,4316.41,0.00850000,0
1507318365,22879497,4316.41,0.10693600,0
1507318330,22879485,4311.37,0.28000000,1
1507318319,22879483,4318.89,4.85207310,0
1507318318,22879482,4320.66,0.01372047,0
1507318312,22879481,4318.90,0.08020802,0
1507318312,22879480,4318.32,0.05800000,0
1507318310,22879479,4311.35,0.28000000,1
1507318310,22879478,4317.45,0.05200187,0
1507318293,22879464,4317.46,0.00529507,0
1507318292,22879463,4305.53,2.39137045,0
1507318291,22879462,4305.85,0.15000000,1
1507318291,22879461,4305.96,0.00696445,1
1507318291,22879460,4305.96,0.49976393,0
1507318290,22879459,4306.39,0.00696445,1
1507318290,22879458,4306.82,0.00696445,1
1507318290,22879457,4306.82,0.92200000,0
1507318290,22879456,4309.04,0.92300000,1
1507318289,22879455,4310.00,0.01000000,1
1507318289,22879454,4310.89,0.11176563,1
1507318289,22879453,4312.32,4.10000000,1
1507318288,22879452,4313.50,0.49034702,1
1507318288,22879451,4316.99,0.36890000,0
1507318287,22879450,4317.39,0.01195962,1
1507318283,22879449,4317.45,0.01323691,0
1507318273,22879448,4317.46,0.04541745,0
1507318265,22879444,4317.46,0.00266169,0
1507318264,22879443,4317.42,0.02125574,0
1507318247,22879438,4317.42,0.02652746,0
1507318247,22879437,4314.84,0.00379085,1
1507318247,22879436,4315.00,0.01000000,1
1507318230,22879433,4317.30,0.10000000,0
1507318206,22879423,4317.46,0.10000000,0
1507318203,22879422,4317.34,0.02116200,0
1507318180,22879418,4317.45,0.50000000,0
1507318172,22879417,4313.49,0.15741314,0
1507318171,22879415,4312.95,0.64801927,1
1507318151,22879403,4312.69,0.87150000,1
1507318132,22879395,4320.00,0.98048073,1
1507318132,22879394,4320.00,2.44820371,1
1507318132,22879393,4320.04,0.05179629,1
1507318123,22879390,4320.69,0.00994772,0
1507318123,22879388,4320.70,0.00337662,0
1507318070,22879377,4320.04,0.10107479,1
1507318060,22879376,4320.76,0.22255496,1
1507318060,22879375,4320.76,0.02934390,1
1507318003,22879370,4320.73,0.04674423,0
1507317991,22879366,4320.72,0.39960562,0
1507317972,22879355,4321.94,0.02550000,1
1507317971,22879354,4321.96,2.00000000,0
1507317964,22879353,4321.95,0.02123342,0
1507317964,22879351,4321.95,0.01313300,0
1507317948,22879346,4321.99,0.68830000,0
1507317948,22879345,4321.98,2.31170000,0
1507317938,22879343,4322.02,0.02308180,0
1507317909,22879334,4320.78,0.00200000,1
1507317903,22879332,4321.98,0.02553500,0
1507317860,22879324,4322.01,0.28226450,0
1507317854,22879323,4322.02,0.01200039,0
1507317852,22879321,4322.02,0.00331351,0
1507317845,22879320,4323.94,0.00610953,0
1507317845,22879319,4323.94,0.00126875,0
1507317842,22879314,4323.77,0.01091177,1
1507317832,22879312,4324.00,0.07982786,1
1507317832,22879311,4324.00,0.04613259,0
1507317832,22879310,4323.99,0.00127080,0
1507317832,22879309,4323.98,0.00126875,0
1507317831,22879308,4323.97,0.87150000,0
1507317830,22879307,4322.98,0.28000000,1
1507317828,22879306,4322.96,0.00127175,0
1507317827,22879305,4322.98,1.00000000,1
1507317823,22879302,4324.00,0.00386741,0
1507317823,22879301,4323.04,0.00126978,0
1507317822,22879300,4323.03,0.00127149,0
1507317822,22879299,4323.02,0.00127084,0
1507317822,22879298,4323.01,0.00150125,0
1507317822,22879297,4323.00,0.00127110,0
1507317822,22879296,4322.99,0.00335301,0
1507317822,22879295,4322.98,0.00219512,0
1507317821,22879294,4316.18,0.05900000,0
1507317812,22879291,4315.79,0.02272558,1
1507317812,22879290,4315.79,0.27727442,0
1507317800,22879287,4312.30,0.00764571,1
1507317790,22879286,4315.79,0.00272558,0
1507317761,22879260,4320.41,0.01856663,0
1507317755,22879259,4320.23,0.40643111,0
1507317755,22879258,4320.17,0.28000000,0
1507317755,22879257,4320.15,1.74300000,0
1507317755,22879256,4320.11,0.62062395,0
1507317748,22879255,4320.36,0.38483316,0
1507317748,22879254,4320.32,0.61516684,0
1507317742,22879253,4317.26,1.00000000,0
1507317735,22879252,4316.48,0.87150000,0
1507317735,22879251,4310.14,0.12527400,1
1507317733,22879250,4316.50,0.01364346,0
1507317733,22879249,4314.77,0.23750000,0
1507317730,22879248,4315.35,0.04250000,1
1507317729,22879247,4315.35,0.08600000,1
1507317729,22879246,4314.35,0.87150000,0
1507317725,22879245,4314.37,0.01904517,0
1507317724,22879242,4310.89,0.27131042,1
1507317723,22879239,4310.89,0.14689743,0
1507317719,22879237,4310.89,0.11310257,0
1507317679,22879228,4316.09,0.36409360,0
1507317679,22879227,4312.00,0.14117561,0
1507317679,22879226,4311.23,0.07900000,0
1507317679,22879225,4311.22,5.00000000,0
1507317673,22879222,4311.22,0.05000000,0
1507317670,22879221,4306.99,0.19000000,1
1507317670,22879220,4307.33,0.07000000,1
1507317666,22879219,4311.99,0.02070323,0
1507317651,22879218,4306.16,0.17904560,1
1507317650,22879217,4306.75,0.08095440,1
1507317650,22879216,4310.15,0.01497477,1
1507317648,22879215,4310.15,0.21933801,1
1507317648,22879214,4310.15,0.00826199,1
1507317648,22879213,4310.15,0.09400000,0
1507317646,22879212,4305.79,0.03777864,0
1507317645,22879210,4305.79,0.04030085,0
1507317642,22879209,4305.79,0.16927963,0
1507317639,22879207,4302.59,0.10000000,0
1507317635,22879203,4305.79,0.00337429,0
1507317633,22879202,4305.79,0.00926659,0
1507317624,22879199,4309.97,0.09022747,0
1507317610,22879193,4310.79,0.01174170,0
1507317606,22879188,4310.79,0.04958159,0
1507317606,22879187,4301.18,0.40335596,1
1507317604,22879186,4310.79,0.00400000,0
1507317600,22879182,4301.17,0.97000000,1
1507317599,22879181,4311.96,0.07086314,1
1507317598,22879180,4311.93,0.21539945,0
1507317592,22879178,4300.00,1.17601908,0
1507317592,22879177,4300.00,0.00463953,0
1507317592,22879176,4300.00,0.87150000,0
1507317591,22879175,4298.01,0.27237642,1
1507317591,22879174,4298.53,0.02020000,1
1507317591,22879173,4298.53,0.00774569,0
1507317591,22879172,4299.00,0.02200000,1
1507317591,22879171,4299.00,1.01021768,1
1507317590,22879170,4299.03,0.02820000,1
1507317590,22879169,4300.00,0.10000000,1
1507317590,22879168,4300.00,0.00464000,1
1507317590,22879167,4300.00,0.30000000,1
1507317590,22879166,4300.00,0.06989100,1
1507317590,22879165,4300.00,0.01930465,1
1507317589,22879164,4300.00,0.03144761,1
1507317589,22879163,4300.00,1.03730232,1
1507317589,22879162,4300.00,0.19405782,1
1507317589,22879161,4300.00,0.01200000,1
1507317589,22879160,4300.00,0.61500000,1
1507317589,22879159,4300.00,0.23030930,1
1507317589,22879158,4300.00,1.00000000,1
1507317589,22879157,4300.00,0.00510000,1
1507317589,22879156,4300.00,1.00000000,1
1507317588,22879155,4300.00,0.97400000,1
1507317588,22879154,4300.00,1.15814157,1
1507317588,22879153,4300.00,0.97758964,1
1507317588,22879152,4300.00,2.50000000,1
1507317588,22879151,4300.00,0.04600000,1
1507317588,22879149,4300.00,0.00184653,1
1507317588,22879147,4300.10,0.25000000,1
1507317588,22879145,4300.10,0.02000000,1
1507317588,22879143,4300.89,10.40000000,1
1507317587,22879142,4300.90,0.25000000,1
1507317587,22879141,4301.00,0.22428072,1
1507317587,22879139,4301.00,0.07500000,1
1507317587,22879137,4301.00,1.00000000,1
1507317587,22879135,4301.11,0.41000000,1
1507317587,22879134,4301.11,0.00187024,1
1507317587,22879133,4301.49,0.20342718,1
1507317587,22879132,4302.00,0.04600000,1
1507317587,22879131,4302.15,0.12590000,1
1507317587,22879129,4302.84,0.07180000,1
1507317587,22879128,4303.00,1.00000000,1
1507317586,22879127,4303.01,5.81022329,1
1507317586,22879125,4303.18,0.00778185,1
1507317586,22879124,4303.37,6.12833757,1
1507317586,22879123,4303.97,0.10000000,1
1507317586,22879122,4303.98,0.00186106,1
1507317585,22879121,4304.00,0.04600000,1
1507317585,22879120,4304.00,0.56000852,1
1507317585,22879119,4304.00,0.00681760,0
1507317585,22879118,4305.94,0.02643409,0
1507317585,22879117,4305.94,4.97356591,0
1507317584,22879116,4306.00,0.02643409,0
1507317582,22879115,4304.00,1.43999148,1
1507317582,22879114,4305.00,0.03000000,1
1507317581,22879113,4305.00,0.10000000,1
1507317581,22879112,4305.75,0.00696409,1
1507317581,22879111,4306.00,0.92300000,1
1507317581,22879110,4306.00,0.04600000,1
1507317581,22879109,4306.18,0.00696409,1
1507317581,22879108,4306.61,0.00696409,1
1507317581,22879107,4306.86,0.00186025,1
1507317581,22879106,4307.04,0.00696409,1
1507317581,22879105,4308.00,0.20000000,1
1507317581,22879104,4308.00,0.04600000,1
1507317581,22879103,4308.23,0.12030000,1
1507317580,22879102,4310.00,0.00808816,1
1507317580,22879101,4310.00,1.13998350,1
1507317578,22879098,4311.99,0.15761679,0
1507317578,22879096,4311.99,0.06356480,0
1507317571,22879061,4311.99,0.09390310,0
1507317560,22879018,4310.00,0.86001650,1
1507317559,22879017,4310.00,0.04600000,1
1507317559,22879016,4310.00,0.00184225,1
1507317559,22879015,4310.70,0.01156889,1
1507317559,22879014,4311.00,0.05000000,1
1507317559,22879013,4311.40,0.03000000,1
1507317559,22879012,4311.95,0.00340000,1
1507317558,22879011,4312.00,0.05000000,0
1507317557,22879010,4312.00,0.50282439,0
1507317556,22879009,4312.00,0.04600000,1
1507317556,22879008,4312.00,0.26000000,1
1507317550,22879006,4312.61,0.05124489,0
1507317549,22879004,4312.61,0.00462349,0
1507317549,22879003,4312.61,0.00186026,1
1507317543,22879001,4312.82,0.49657094,1
1507317542,22879000,4312.82,6.80967658,1
1507317542,22878998,4318.34,0.00461983,0
1507317541,22878997,4312.82,1.00000000,1
1507317540,22878995,4312.82,0.87820996,1
1507317540,22878992,4312.82,0.94280223,1
1507317538,22878990,4312.82,5.00000000,1
1507317537,22878987,4312.82,5.00000000,1
1507317536,22878986,4312.82,6.12179004,1
1507317536,22878984,4314.99,0.00883216,0
1507317535,22878983,4312.82,0.87820996,1
1507317534,22878980,4312.82,7.00000000,1
1507317533,22878979,4312.82,4.70000000,1
1507317533,22878978,4312.82,6.12179004,1
1507317533,22878977,4312.84,0.02820996,1
1507317533,22878976,4313.00,0.20000000,1
1507317533,22878975,4313.00,0.05000000,1
1507317533,22878974,4313.00,0.50000000,1
1507317533,22878973,4313.00,0.10000000,1
1507317531,22878970,4315.00,0.30000000,1
1507317526,22878968,4315.49,0.17658800,0
1507317525,22878967,4315.49,0.00185108,1
1507317525,22878966,4315.57,0.14141940,1
1507317523,22878962,4318.99,0.05000000,0
1507317519,22878959,4319.00,0.01232156,0
1507317513,22878957,4318.96,0.03010000,0
1507317511,22878955,4319.00,0.10000000,0
1507317503,22878950,4319.81,0.02000000,0
1507317493,22878947,4320.00,56.30776354,0
1507317493,22878946,4319.99,2.30740000,0
1507317492,22878945,4319.97,0.15717702,0
1507317492,22878944,4319.90,0.13100000,0
1507317492,22878943,4319.89,5.00000000,0
1507317482,22878941,4320.00,14.03293987,0
1507317482,22878940,4319.99,2.31010000,0
1507317482,22878939,4319.99,0.17000000,0
1507317475,22878937,4319.98,0.17836343,0
1507317472,22878936,4319.99,0.05000000,0
1507317470,22878934,4320.00,26.94370668,0
1507317470,22878932,4319.99,2.30600000,0
1507317469,22878931,4316.25,5.00000000,0
1507317469,22878930,4316.23,7.00000000,0
1507317468,22878929,4316.23,0.20000000,0
1507317466,22878928,4315.74,6.00000000,0
1507317466,22878927,4315.91,0.30000000,1
1507317465,22878926,4317.00,0.01211346,1
1507317465,22878923,4317.00,7.67248654,0
1507317465,22878922,4317.00,0.01203000,0
1507317463,22878921,4317.63,0.91600000,1
1507317463,22878920,4317.63,0.91300000,1
1507317463,22878919,4317.64,0.41400000,1
1507317463,22878918,4318.37,0.00186027,1
1507317463,22878917,4319.63,0.07062319,1
1507317459,22878915,4319.99,0.01135489,0
1507317435,22878912,4320.00,0.16210300,0
1507317433,22878908,4320.00,0.27000000,0
1507317431,22878907,4320.00,1.24319802,1
1507317431,22878906,4320.00,0.02677815,1
1507317431,22878905,4320.00,0.00183798,1
1507317431,22878904,4320.00,100.63903981,1
1507317431,22878903,4320.01,0.27000000,1
1507317431,22878902,4320.02,0.15787448,1
1507317412,22878901,4323.15,0.12482296,0
1507317412,22878900,4320.99,0.01439210,0
1507317409,22878897,4321.00,0.14274781,1
1507317407,22878894,4321.00,0.53477180,0
1507317406,22878892,4321.00,5.00000000,0
1507317406,22878891,4321.00,0.02256910,0
1507317404,22878888,4321.00,0.88725389,0
1507317401,22878883,4321.00,0.09440407,0
1507317400,22878881,4321.00,0.16224178,0
1507317390,22878874,4321.00,4.93525936,0
1507317387,22878873,4321.00,0.36800000,0
1507317387,22878872,4321.00,0.21700000,0
1507317386,22878871,4321.99,0.90700000,1
1507317386,22878870,4322.00,1.00000000,1
1507317386,22878869,4322.08,5.00000000,1
1507317385,22878867,4322.10,0.87150000,1
1507317374,22878865,4325.99,0.31355988,1
1507317370,22878864,4325.99,0.16207074,0
1507317363,22878861,4325.99,0.00290000,0
1507317358,22878860,4325.99,0.08351158,0
1507317354,22878858,4322.17,0.44206558,1
1507317354,22878857,4323.00,0.00345070,1
1507317354,22878856,4323.00,0.27595315,0
1507317354,22878855,4323.07,0.02297321,1
1507317353,22878854,4323.10,0.04522018,1
1507317353,22878853,4323.10,0.20933718,1
1507317349,22878852,4323.16,0.61730592,1
1507317342,22878849,4326.00,0.58157743,0
1507317339,22878847,4327.69,0.00263861,0
1507317306,22878839,4328.27,0.00261178,0
1507317294,22878837,4328.28,0.10831089,0
1507317294,22878836,4328.04,0.11500000,0
1507317287,22878835,4327.43,0.12574364,0
1507317282,22878832,4323.10,0.00008377,0
1507317280,22878829,4323.08,0.14047095,0
1507317280,22878826,4323.09,0.01659300,1
1507317279,22878824,4323.10,0.20942095,0
1507317274,22878819,4323.09,0.14040777,0
1507317270,22878817,4323.09,0.01665581,0
1507317261,22878811,4323.10,0.15015403,0
1507317260,22878810,4323.10,0.02400000,0
1507317259,22878809,4323.10,0.01665977,1
1507317258,22878804,4325.99,0.14407990,0
1507317257,22878802,4325.99,0.00607413,0
1507317257,22878801,4323.10,0.09000000,0
1507317251,22878800,4323.10,0.91000000,1
1507317250,22878799,4326.00,0.10057082,0
1507317248,22878797,4323.12,0.84300000,1
1507317248,22878796,4323.13,0.15700000,1
1507317244,22878791,4324.02,0.07299190,0
1507317244,22878790,4324.02,0.02122331,0
1507317240,22878785,4325.00,0.01999798,0
1507317237,22878784,4325.00,0.05000000,1
1507317236,22878783,4325.87,0.06181226,1
1507317226,22878781,4326.73,1.15379478,1
1507317226,22878780,4326.75,1.63500000,1
1507317222,22878778,4327.70,0.27868327,1
1507317215,22878777,4329.99,0.05873536,0
1507317207,22878775,4327.71,1.00000000,1
1507317199,22878774,4329.94,0.00965701,0
1507317199,22878773,4328.00,0.95054299,0
1507317198,22878772,4328.00,0.04945701,1
1507317191,22878771,4328.01,1.00000000,1
1507317180,22878769,4329.99,0.00372629,0
1507317153,22878766,4328.10,0.03730000,1
1507317142,22878764,4329.99,0.22855723,0
1507317136,22878762,4329.99,0.10046816,0
1507317131,22878757,4329.99,0.04519588,0
1507317097,22878754,4329.88,0.02038000,1
1507317077,22878749,4333.99,0.64950141,0
1507317042,22878713,4334.00,0.40608306,0
1507317042,22878712,4334.00,0.02038000,0
1507317033,22878711,4333.99,0.00268154,0
1507317031,22878710,4333.99,1.37200000,1
1507317024,22878708,4333.99,1.12820000,1
1507317014,22878707,4334.00,0.01000000,0
1507317009,22878705,4334.00,0.16990000,0
1507317004,22878702,4333.53,0.00141183,1
1507317004,22878701,4334.00,0.05320131,0
1507317003,22878700,4329.67,0.00500000,1
1507317003,22878699,4334.00,0.08703815,0
1507316997,22878698,4333.52,1.60317479,1
1507316997,22878697,4333.52,1.39682521,1
1507316997,22878696,4333.53,2.30380000,1
1507316997,22878695,4333.53,1.29937479,1
1507316992,22878694,4334.00,1.14882612,0
1507316983,22878690,4334.00,0.15521289,0
1507316983,22878689,4334.00,0.03871935,0
1507316983,22878688,4333.53,0.04685000,0
1507316981,22878686,4333.53,0.02000000,0
1507316980,22878685,4333.53,0.02000000,0
1507316980,22878684,4333.52,0.44819783,0
1507316949,22878679,4333.53,0.05276619,0
1507316940,22878675,4333.53,0.06779381,0
1507316917,22878672,4334.00,0.01129800,0
1507316884,22878670,4333.99,0.21404756,0
1507316883,22878668,4333.99,0.01310100,0
1507316882,22878667,4331.53,0.02052000,1
1507316827,22878659,4333.99,0.63531804,0
1507316823,22878655,4334.00,0.00393000,0
1507316812,22878651,4334.00,0.07914170,0
1507316804,22878647,4333.00,0.30420524,0
1507316803,22878646,4333.22,0.26853323,1
1507316803,22878645,4333.23,0.02205514,1
1507316802,22878644,4333.31,0.04658356,1
1507316788,22878642,4333.99,2.00000000,0
1507316751,22878634,4334.00,0.06777375,0
1507316702,22878624,4333.30,0.10800000,1
1507316695,22878622,4334.00,0.00440621,0
1507316690,22878621,4334.00,0.17486213,0
1507316690,22878620,4334.00,0.06878841,0
1507316688,22878619,4334.00,0.04660142,0
1507316680,22878613,4334.00,0.60018784,0
1507316671,22878612,4334.00,0.01350424,0
1507316671,22878611,4334.00,0.21193045,0
1507316659,22878610,4334.00,0.01569774,0
1507316647,22878605,4334.00,0.05874328,0
1507316638,22878604,4333.92,0.26151748,0
1507316638,22878603,4333.71,0.10125826,0
1507316614,22878591,4333.71,0.07910381,0
1507316608,22878589,4333.71,0.33536255,0
1507316600,22878587,4333.71,0.02000000,0
1507316599,22878586,4333.71,0.02000000,0
1507316598,22878585,4333.71,0.02530844,0
1507316596,22878584,4333.71,0.01468354,0
1507316584,22878583,4334.00,0.00750000,0
1507316581,22878582,4333.99,0.02636521,0
1507316558,22878577,4333.71,0.04595595,0
1507316531,22878575,4333.30,0.68300000,1
1507316530,22878574,4332.98,0.14700000,0
1507316529,22878573,4333.90,0.07133024,1
1507316529,22878572,4333.23,0.01899725,0
1507316524,22878570,4333.22,0.02600000,0
1507316522,22878569,4333.22,0.02601299,1
1507316519,22878567,4333.22,2.00000000,1
1507316508,22878565,4333.23,0.14330359,0
1507316508,22878564,4333.22,0.15669641,0
1507316491,22878558,4333.23,0.13769916,0
1507316491,22878557,4333.21,0.02758150,0
1507316489,22878555,4333.21,0.16541850,0
1507316487,22878553,4333.20,0.13890100,0
1507316462,22878544,4333.96,0.03276700,0
1507316462,22878543,4333.96,0.01048500,0
1507316429,22878532,4332.09,0.58289036,1
1507316429,22878531,4332.43,0.32100000,1
1507316427,22878530,4333.99,1.09610964,1
1507316426,22878529,4334.00,0.00138440,0
1507316407,22878527,4334.00,0.00173996,0
1507316346,22878524,4334.00,0.00174615,0
1507316331,22878517,4333.99,0.01149394,1
1507316311,22878473,4334.00,0.23085551,0
1507316290,22878469,4334.00,1.00000000,0
1507316285,22878467,4334.00,0.19018372,0
1507316283,22878466,4334.00,0.00612000,0
1507316261,22878460,4334.00,0.04705292,0
1507316257,22878459,4334.00,0.07904197,0
1507316241,22878450,4334.00,0.07832351,0
1507316235,22878449,4334.00,0.00240000,0
1507316224,22878447,4334.00,0.08476718,0
1507316220,22878446,4334.00,0.13984600,0
1507316215,22878445,4334.00,0.01390718,0
1507316203,22878443,4334.00,0.60000000,0
1507316198,22878441,4334.00,0.11521043,0
1507316194,22878440,4334.00,0.05863331,0
1507316174,22878438,4334.00,0.01169202,0
1507316169,22878436,4334.00,1.40000000,0
1507316168,22878435,4334.00,0.11654318,0
1507316164,22878433,4334.00,0.10541654,0
1507316157,22878429,4334.00,0.64609352,0
1507316154,22878428,4334.00,0.30000000,0
1507316149,22878427,4334.00,0.30000000,0
1507316139,22878425,4334.00,0.17338318,0
1507316122,22878423,4334.00,0.00790888,0
1507316112,22878422,4334.00,1.40000000,0
1507316112,22878420,4334.00,0.00117686,0
1507316103,22878418,4334.00,0.00523400,0
1507316102,22878417,4334.00,0.19018372,0
1507316088,22878415,4334.00,0.46132988,0
1507316085,22878414,4334.00,0.01919348,0
1507316076,22878412,4333.99,0.02437849,1
1507316067,22878410,4334.00,0.00942143,0
1507316064,22878409,4333.99,0.07050000,1
1507316062,22878407,4334.00,0.06506315,0
1507316061,22878406,4334.00,1.29258137,0
1507316056,22878405,4334.00,0.04660142,0
1507316049,22878401,4334.00,1.40000000,0
1507316043,22878400,4334.00,0.32621663,0
1507316041,22878398,4334.00,0.16990043,0
1507316029,22878385,4334.00,0.01970791,0
1507315999,22878381,4334.00,1.07387555,0
1507315990,22878380,4334.00,1.40000000,0
1507315990,22878379,4334.00,0.05315905,0
1507315984,22878378,4334.00,0.14096846,0
1507315980,22878377,4334.00,0.19018372,0
1507315978,22878375,4334.00,5.00000000,0
1507315975,22878374,4334.00,0.04000000,1
1507315970,22878371,4338.16,0.12980000,0
1507315969,22878370,4338.16,0.04998484,0
1507315969,22878369,4336.16,0.02500000,0
1507315969,22878368,4335.62,0.16400000,0
1507315969,22878367,4334.00,0.76294332,0
1507315940,22878358,4334.00,0.22330400,0
1507315932,22878353,4334.00,1.13600000,0
1507315931,22878352,4334.00,1.40000000,0
1507315923,22878350,4334.00,0.05293493,0
1507315922,22878346,4334.00,2.02630000,0
1507315919,22878341,4334.00,0.00339286,0
1507315916,22878338,4333.99,0.00957810,1
1507315909,22878331,4334.00,1.37853398,0
1507315904,22878329,4334.00,1.73870779,0
1507315901,22878327,4334.00,0.01326919,0
1507315900,22878320,4334.00,0.00332172,0
1507315886,22878306,4334.00,0.09469000,0
1507315879,22878302,4334.00,1.40000000,0
1507315869,22878299,4334.00,0.07659898,0
1507315860,22878297,4334.00,0.11500000,0
1507315859,22878296,4334.00,0.01004370,0
1507315858,22878295,4334.00,0.08938755,0
1507315856,22878293,4334.00,1.11189018,0
1507315851,22878292,4334.00,0.30170000,0
1507315846,22878288,4334.00,0.01300000,0
1507315844,22878285,4334.00,0.53265205,0
1507315840,22878282,4334.00,1.28793983,0
1507315840,22878281,4333.99,1.21206017,0
1507315829,22878276,4333.98,0.30467769,0
1507315829,22878275,4333.98,0.01339172,0
1507315824,22878274,4333.99,0.00263211,0
1507315823,22878273,4333.99,0.02297803,0
1507315822,22878272,4333.99,0.00805000,0
1507315816,22878269,4333.99,0.03700000,0
1507315816,22878265,4333.99,1.40890000,0
1507315812,22878261,4334.00,0.01000000,0
1507315811,22878260,4334.00,1.40000000,0
1507315810,22878258,4334.00,0.00800000,0
1507315809,22878257,4334.00,0.42702853,0
1507315808,22878256,4333.97,2.50000000,0
1507315804,22878255,4333.97,0.01151200,0
1507315804,22878254,4333.97,0.03899500,0
1507315803,22878253,4334.00,0.03869100,0
1507315802,22878252,4333.98,4.47346342,1
1507315801,22878251,4333.98,0.13524036,0
1507315797,22878250,4333.98,0.02142857,0
1507315791,22878248,4333.99,0.00190000,0
1507315788,22878246,4334.00,0.00500000,0
1507315775,22878243,4334.00,0.10000000,0
1507315774,22878242,4332.92,0.02108460,0
1507315774,22878241,4334.30,0.50000000,1
1507315774,22878240,4334.32,3.73967039,1
1507315764,22878237,4343.13,0.03902930,0
1507315747,22878231,4343.36,0.02112880,1
1507315744,22878229,4343.14,0.02112866,0
1507315744,22878227,4343.14,0.02500000,0
1507315744,22878226,4343.14,0.00653600,0
1507315736,22878223,4340.01,0.00498276,1
1507315736,22878222,4343.15,0.09082619,0
1507315729,22878221,4343.22,0.02595309,0
1507315715,22878219,4347.35,3.32931786,1
1507315715,22878218,4344.64,0.05940000,0
1507315714,22878217,4344.34,0.30000000,0
1507315714,22878216,4340.03,0.25100000,0
1507315712,22878215,4340.00,0.65659092,0
1507315702,22878211,4340.00,0.02106614,0
1507315693,22878210,4340.00,0.05864787,0
1507315689,22878208,4340.00,0.13039741,0
1507315684,22878205,4340.00,10.00000000,0
1507315684,22878204,4340.00,1.00000000,0
1507315675,22878202,4340.00,0.09935753,0
1507315651,22878200,4340.00,0.02958024,0
1507315650,22878199,4340.00,1.00000000,0
1507315648,22878198,4340.00,1.00000000,0
1507315645,22878197,4340.00,1.00000000,0
1507315623,22878194,4340.00,0.00500000,0
