date,tid,price,amount,type
1507334438,22887228,260.00,0.01915385,0
1507334336,22887177,260.00,0.03843850,0
1507334331,22887174,260.00,2.64548683,0
1507334325,22887167,260.00,1.84749213,0
1507334247,22887150,259.99,1.66000000,0
1507334224,22887144,259.42,1.66216125,1
1507334222,22887143,260.00,1.00142308,0
1507334077,22887075,260.00,1.94961538,0
1507334069,22887068,260.00,1.00007691,0
1507334050,22887053,260.00,0.12164200,0
1507334029,22887045,260.00,1.41010000,0
1507334008,22887038,260.00,13.66757900,0
1507334004,22887037,260.00,0.96130769,0
1507334000,22887034,260.00,1.61739785,0
1507333996,22887031,260.00,1.77073000,0
1507333995,22887029,260.00,0.15193000,0
1507333994,22887027,260.00,1.77073000,0
1507333991,22887020,260.00,0.38442317,0
1507333988,22887014,260.00,0.26932000,0
1507333978,22886979,259.43,1.00000000,1
1507333874,22886947,260.00,10.00000000,0
1507333865,22886937,260.00,9.83372800,0
1507333864,22886936,260.00,50.00000000,0
1507333864,22886935,260.00,0.70000000,0
1507333864,22886934,260.00,0.52052100,0
1507333860,22886930,260.00,1.19947900,0
1507333858,22886929,260.00,0.05000000,0
1507333858,22886928,260.00,3.00000000,0
1507333858,22886927,260.00,0.50000000,0
1507333858,22886926,259.99,0.10000000,0
1507333858,22886925,259.96,1.00000000,0
1507333858,22886924,259.90,1.20000000,0
1507333858,22886923,259.89,0.00088267,0
1507333846,22886914,259.89,0.99911733,0
1507333846,22886913,259.85,0.15000000,0
1507333838,22886903,259.83,1.05000000,0
1507333838,22886901,259.80,0.15000000,0
1507333837,22886899,259.78,4.08678620,0
1507333837,22886898,259.78,1.69541700,0
1507333806,22886890,259.78,0.02407800,0
1507333792,22886882,259.78,0.57116100,0
1507333788,22886881,259.78,0.49741000,0
1507333730,22886811,259.78,0.54908670,0
1507333666,22886763,259.78,1.68327857,0
1507333603,22886749,259.78,0.31779601,0
1507333597,22886748,259.78,0.57498652,0
1507333597,22886747,259.75,0.15000000,0
1507333596,22886746,259.65,0.14998037,0
1507333596,22886745,259.60,0.15000000,0
1507333596,22886744,259.52,0.31982125,0
1507333594,22886742,259.50,0.00360324,0
1507333563,22886734,259.50,2.86863857,0
1507333528,22886712,259.50,0.42492000,0
1507333521,22886711,259.50,5.75017437,0
1507333481,22886677,259.50,2.95564651,0
1507333470,22886667,259.50,5.70927800,0
1507333454,22886661,259.50,0.02261400,0
1507333450,22886656,259.50,9.81318900,0
1507333414,22886634,259.50,3.85490151,0
1507333341,22886618,259.50,2.13293600,0
1507333325,22886613,259.50,0.16882466,0
1507333306,22886603,259.50,0.65339461,0
1507333292,22886596,259.50,0.69143806,0
1507333265,22886584,259.50,1.06492465,0
1507333246,22886566,259.50,0.61542264,0
1507333239,22886565,259.50,0.99759585,0
1507333220,22886546,259.50,0.04301213,0
1507333213,22886539,259.50,4.21768268,0
1507333207,22886538,259.50,0.89603004,0
1507333197,22886525,259.50,0.31801795,0
1507333192,22886520,259.50,0.78063490,0
1507333192,22886519,259.49,0.46000000,0
1507333192,22886518,259.43,0.03890840,0
1507333192,22886517,259.42,0.47670078,0
1507333192,22886516,259.42,1.07026322,0
1507333192,22886515,259.40,0.18040190,0
1507333186,22886503,259.40,0.13957385,0
1507333186,22886502,259.40,0.15000000,0
1507333186,22886501,259.37,0.03891750,0
1507333186,22886499,259.30,0.30000000,0
1507333186,22886498,259.30,0.03000000,0
1507333186,22886496,259.28,0.32419144,0
1507333186,22886495,259.28,1.11429649,0
1507333185,22886494,259.25,0.15000000,0
1507333185,22886493,259.24,0.22017391,0
1507333179,22886488,259.24,0.10000000,0
1507333179,22886487,259.20,1.54859372,0
1507333179,22886486,259.20,1.86394914,0
1507333179,22886485,259.20,1.21899463,0
1507333137,22886450,259.20,0.16846251,0
1507333137,22886449,259.20,0.15000000,0
1507333135,22886447,259.15,0.03856310,0
1507333128,22886445,259.16,0.31170003,0
1507333128,22886444,259.10,0.02565452,0
1507333128,22886443,259.10,0.02611296,0
1507333128,22886442,259.10,0.26858076,0
1507333128,22886441,259.10,1.78969730,0
1507333125,22886440,259.10,1.85719656,0
1507333124,22886436,259.10,1.85705130,0
1507333121,22886427,259.10,0.06495578,0
1507333118,22886421,259.10,0.55486880,0
1507333113,22886413,259.10,0.05323813,0
1507333110,22886411,259.01,0.50000000,0
1507333108,22886410,259.00,2.92375126,0
1507333106,22886406,259.00,2.07624874,0
1507333106,22886405,259.00,0.03480137,0
1507333106,22886404,259.00,3.64604041,0
1507333103,22886400,259.00,1.03029041,0
1507333102,22886396,259.00,0.19743400,0
1507333097,22886390,259.00,0.10671081,0
1507333095,22886389,259.00,0.20952437,0
1507333095,22886388,259.00,0.50000000,0
1507333095,22886387,259.00,0.50000000,0
1507333095,22886386,259.00,0.15000000,0
1507333094,22886383,259.00,0.15000000,0
1507333087,22886379,258.97,21.56535100,0
1507333087,22886378,258.97,5.63083200,0
1507333087,22886377,258.96,0.13000000,0
1507333081,22886365,258.97,2.19797268,0
1507333081,22886364,258.96,0.01154332,0
1507333081,22886363,258.95,1.67000000,0
1507333080,22886362,258.96,0.13845668,0
1507333078,22886359,258.95,0.13846202,1
1507333075,22886355,258.95,1.80879460,0
1507333075,22886354,258.95,0.31770858,0
1507333075,22886352,258.95,2.51543082,0
1507333074,22886351,258.95,0.25000000,0
1507333074,22886350,258.94,1.00000000,0
1507333074,22886349,258.93,0.58000000,0
1507333071,22886341,258.93,0.13011834,1
1507333068,22886329,258.89,0.13257560,1
1507333068,22886328,258.90,0.31869115,1
1507333067,22886319,258.90,1.02362299,0
1507333066,22886312,258.90,0.19740474,0
1507333066,22886311,258.90,0.32059064,0
1507333065,22886307,258.89,0.13252509,0
1507333064,22886306,258.89,0.18807800,0
1507333061,22886294,258.87,0.13280284,0
1507333060,22886292,258.87,0.04913421,0
1507333060,22886290,258.87,0.08363000,0
1507333058,22886287,258.85,5.99527095,0
1507333058,22886285,258.85,0.18478759,0
1507333058,22886283,258.85,0.13586984,0
1507333058,22886281,258.80,0.15000000,0
1507333055,22886270,258.79,0.03794771,0
1507333055,22886269,258.79,0.13721392,0
1507333047,22886258,258.78,0.23766610,0
1507333047,22886257,258.78,0.01976426,0
1507333046,22886256,258.76,0.03900860,0
1507333046,22886255,258.75,0.02153848,0
1507333041,22886252,258.75,0.29923416,0
1507333041,22886251,258.74,0.03901160,0
1507333040,22886250,258.70,0.64191337,0
1507333040,22886249,258.69,1.83000000,0
1507333035,22886246,258.70,0.90726063,0
1507333035,22886245,258.62,0.32093997,0
1507333035,22886244,258.59,0.24244740,0
1507333035,22886243,258.59,0.07852600,0
1507333034,22886242,258.59,0.32097743,0
1507333034,22886241,258.54,0.29900000,0
1507333034,22886240,258.50,1.56987444,0
1507333032,22886237,258.50,0.31894783,0
1507333028,22886235,258.50,0.48000000,0
1507333028,22886234,258.50,12.73117773,0
1507333028,22886233,258.50,0.15000000,0
1507333027,22886232,258.48,0.03905130,0
1507333027,22886230,258.48,0.32018567,0
1507333027,22886229,258.46,0.03905430,0
1507333027,22886228,258.45,0.10000000,0
1507332983,22886209,258.41,0.03906200,0
1507332982,22886208,258.41,1.50000000,0
1507332982,22886206,258.39,0.32122286,0
1507332982,22886204,258.38,1.33700865,0
1507332982,22886203,258.35,0.10000000,0
1507332981,22886202,258.34,1.00000000,0
1507332954,22886182,258.33,0.32129615,0
1507332954,22886181,258.31,0.03907720,0
1507332954,22886180,258.30,0.15000000,0
1507332954,22886179,258.30,0.03000000,0
1507332953,22886178,258.29,0.40000000,0
1507332953,22886177,258.25,0.10000000,0
1507332953,22886176,258.21,0.32144383,0
1507332951,22886175,258.15,0.03910170,0
1507332951,22886174,258.15,0.03910170,0
1507332951,22886173,258.15,0.10000000,0
1507332951,22886172,258.14,0.03910320,0
1507332951,22886171,258.10,0.32158924,0
1507332951,22886170,258.07,0.03911390,0
1507332925,22886163,258.04,3.87717122,0
1507332925,22886162,258.06,0.03911550,0
1507332925,22886161,258.06,0.10000000,0
1507332924,22886159,258.05,0.10000000,0
1507332924,22886157,258.05,0.05241817,0
1507332916,22886150,258.04,0.16731019,1
1507332911,22886147,258.05,1.04571100,0
1507332911,22886146,258.05,5.15040853,0
1507332909,22886145,258.05,5.53890324,0
1507332909,22886144,258.05,0.13967007,0
1507332909,22886143,258.00,0.04980009,0
1507332909,22886142,258.00,4.78000000,0
1507332909,22886141,258.00,2.55362660,0
1507332906,22886140,258.00,0.06100000,0
1507332899,22886136,258.00,0.06000061,0
1507332896,22886128,258.00,0.26489400,0
1507332894,22886127,258.00,0.16728682,0
1507332893,22886124,258.00,0.16728682,0
1507332891,22886120,258.00,1.04037300,0
1507332891,22886118,258.00,1.03856900,0
1507332866,22886111,258.00,24.46741700,0
1507332866,22886110,258.00,1.00000000,0
1507332865,22886109,258.00,1.00000000,0
1507332861,22886105,258.00,1.98190000,0
1507332859,22886104,258.00,1.98080000,0
1507332857,22886101,258.00,1.96561100,0
1507332851,22886099,258.00,2.81136987,0
1507332851,22886098,258.00,0.10000000,0
1507332851,22886097,258.00,1.46896613,0
1507332851,22886096,257.99,0.18000000,0
1507332843,22886092,257.99,0.71899461,0
1507332840,22886091,258.00,22.63300000,0
1507332839,22886090,257.99,3.01000000,0
1507332836,22886088,257.99,0.15150000,1
1507332835,22886087,258.00,10.76000000,0
1507332834,22886086,257.99,0.05850000,0
1507332833,22886084,257.99,0.15150000,0
1507332830,22886076,258.00,3.18299857,0
1507332830,22886075,258.00,3.87717122,0
1507332828,22886073,258.00,9.24825800,0
1507332828,22886072,258.00,0.14160000,0
1507332827,22886071,258.00,3.27170542,0
1507332826,22886068,258.00,5.76764691,0
1507332825,22886064,258.00,3.27019379,0
1507332824,22886058,258.00,3.26864341,0
1507332823,22886056,258.00,5.76478694,0
1507332822,22886051,258.00,3.26717054,0
1507332822,22886049,258.00,30.00000000,0
1507332821,22886047,258.00,1.98240000,0
1507332819,22886046,258.00,19.77002000,0
1507332819,22886045,257.99,0.25000000,0
1507332814,22886043,258.00,3.01000000,0
1507332813,22886042,258.00,9.75198700,0
1507332806,22886041,258.00,0.42474344,0
1507332806,22886040,257.99,0.30000000,0
1507332799,22886039,258.00,0.71966233,0
1507332796,22886037,258.00,0.13000000,0
1507332796,22886035,257.99,0.35000000,0
1507332774,22886022,258.00,0.35902698,0
1507332769,22886018,258.00,3.98001819,0
1507332768,22886017,258.00,0.70058445,0
1507332768,22886016,258.00,5.89929112,0
1507332768,22886015,257.99,0.42000000,0
1507332763,22886012,258.00,0.90000000,0
1507332755,22886001,258.00,2.12601217,0
1507332755,22886000,257.99,0.50000000,0
1507332749,22885996,258.00,4.52234700,0
1507332748,22885994,258.00,0.08540000,0
1507332740,22885985,258.00,21.49148300,0
1507332740,22885984,257.99,0.40341897,1
1507332740,22885983,257.99,0.18658103,1
1507332739,22885982,258.00,24.62404000,0
1507332736,22885979,258.00,0.05132100,0
1507332736,22885978,258.00,0.48000000,0
1507332735,22885976,258.00,0.12876400,0
1507332731,22885969,258.00,19.85458400,0
1507332727,22885963,258.00,25.83649000,0
1507332727,22885962,257.99,0.70000000,0
1507332721,22885958,258.00,24.36932700,0
1507332717,22885954,258.00,19.18002000,0
1507332717,22885953,257.99,0.84000000,0
1507332713,22885945,258.00,0.19738320,0
1507332710,22885941,258.00,10.01001000,0
1507332705,22885936,258.00,2.88732155,0
1507332705,22885935,257.99,0.99000000,0
1507332687,22885926,258.00,1.25164415,0
1507332687,22885925,257.99,0.46000000,0
1507332685,22885922,258.00,5.56390815,0
1507332683,22885919,258.00,1.03486289,0
1507332683,22885917,258.00,5.00002572,0
1507332682,22885913,258.00,4.88712689,0
1507332680,22885904,258.00,0.11287460,0
1507332674,22885897,258.00,3.71616278,0
1507332671,22885891,258.00,0.13608527,0
1507332670,22885890,258.00,5.00006798,0
1507332670,22885888,258.00,3.71608527,0
1507332669,22885884,258.00,1.38003875,0
1507332668,22885882,258.00,1.10000000,0
1507332667,22885881,258.00,7.12616400,0
1507332667,22885880,258.00,15.83000000,0
1507332666,22885879,258.00,1.80106200,0
1507332666,22885878,258.00,14.18521300,0
1507332666,22885877,258.00,11.71358000,0
1507332666,22885876,258.00,32.65020000,0
1507332664,22885865,258.00,1.41503875,0
1507332657,22885859,258.00,3.85174418,0
1507332656,22885857,258.00,0.21525954,0
1507332655,22885856,258.00,0.02467900,0
1507332654,22885850,258.00,0.21519379,0
1507332646,22885846,258.00,1.67016744,0
1507332645,22885845,258.00,1.98840000,0
1507332626,22885830,258.00,0.36000000,0
1507332608,22885824,258.00,5.50881400,0
1507332585,22885809,258.00,33.16572100,0
1507332584,22885808,258.00,3.00000000,0
1507332578,22885807,258.00,26.80040800,0
1507332568,22885803,258.00,4.31658900,0
1507332564,22885802,258.00,1.08536000,0
1507332559,22885798,258.00,15.77591500,0
1507332557,22885797,258.00,32.64790000,0
1507332545,22885792,258.00,3.87732155,0
1507332532,22885787,258.00,3.78864341,0
1507332529,22885784,258.00,5.59580000,0
1507332528,22885782,258.00,0.65937500,0
1507332528,22885780,258.00,3.78860465,0
1507332527,22885779,258.00,0.12848837,0
1507332526,22885777,258.00,3.78860465,0
1507332519,22885767,258.00,2.99786300,0
1507332518,22885766,258.00,0.65135800,0
1507332513,22885765,258.00,3.01000000,0
1507332500,22885755,258.00,3.00452700,0
1507332497,22885750,258.00,3.97329500,0
1507332496,22885749,258.00,2.15662800,0
1507332495,22885748,258.00,5.01500000,0
1507332493,22885747,258.00,0.14200100,0
1507332488,22885746,258.00,68.79177600,0
1507332488,22885745,258.00,15.54707300,0
1507332455,22885734,258.00,2.46302325,0
1507332448,22885730,258.00,0.12841085,0
1507332448,22885728,258.00,3.78860465,0
1507332409,22885722,258.00,0.23792561,0
1507332399,22885718,258.00,1.08321705,0
1507332398,22885716,258.00,0.12833333,0
1507332397,22885714,258.00,3.78860465,0
1507332393,22885712,258.00,0.12810077,0
1507332392,22885710,258.00,3.78860465,0
1507332313,22885703,258.00,3.04431000,0
1507332295,22885694,258.00,0.12806201,0
1507332295,22885693,258.00,3.78860465,0
1507332252,22885666,258.00,0.45000000,0
1507332235,22885659,258.00,0.47000000,0
1507332234,22885656,258.00,0.27007751,0
1507332160,22885620,258.00,0.20988978,0
1507332160,22885616,258.00,0.20980620,0
1507332157,22885613,258.00,0.22697674,0
1507332147,22885606,257.90,1.00000000,1
1507332129,22885602,258.00,2.34019379,0
1507332118,22885594,258.00,65.95455774,0
1507332062,22885578,258.00,5.20624087,0
1507332058,22885575,258.00,5.75815836,0
1507332056,22885572,258.00,31.45707400,0
1507332055,22885571,258.00,0.46470632,0
1507332053,22885568,258.00,0.12740310,0
1507332053,22885566,258.00,3.78860465,0
1507332052,22885564,258.00,5.75506417,0
1507332051,22885560,258.00,3.78748062,0
1507332050,22885558,258.00,0.12744186,0
1507332049,22885557,258.00,3.78748062,0
1507332018,22885537,258.00,0.19017522,0
1507332015,22885531,258.00,0.19017522,0
1507332015,22885528,258.00,0.19015503,0
1507331946,22885493,258.00,0.31741000,0
1507331935,22885484,258.00,0.03873640,0
1507331829,22885451,258.00,1.29511627,0
1507331803,22885436,258.00,1.17395348,0
1507331796,22885425,258.00,2.73918605,0
1507331795,22885421,258.00,1.17395348,0
1507331793,22885418,258.00,0.81511627,0
1507331793,22885417,258.00,0.62104651,0
1507331792,22885414,258.00,2.47693798,0
1507331783,22885400,258.00,0.22528000,0
1507331774,22885388,258.00,3.93752000,0
1507331774,22885387,258.00,20.19980000,0
1507331773,22885386,258.00,10.56506300,0
1507331773,22885384,258.00,12.50000000,0
1507331773,22885383,258.00,9.19193700,0
1507331772,22885382,258.00,12.50000000,0
1507331772,22885381,258.00,2.13390000,0
1507331772,22885380,258.00,5.10658900,0
1507331762,22885369,258.00,8.56419000,0
1507331738,22885345,258.00,18.58820319,0
1507331738,22885344,257.98,0.41112581,0
1507331725,22885326,257.98,0.05780400,0
1507331717,22885322,257.98,0.04958700,0
1507331714,22885320,257.98,9.99993800,0
1507331714,22885319,257.98,5.04565600,0
1507331714,22885318,257.98,5.54728500,0
1507331714,22885317,257.98,17.10613100,0
1507331660,22885260,257.98,11.70149700,0
1507331659,22885259,257.98,1.08097619,0
1507331659,22885258,257.98,7.61679681,0
1507331658,22885256,257.98,12.38320319,0
1507331658,22885255,257.98,9.83109381,0
1507331657,22885253,257.98,1.00500000,0
1507331648,22885244,257.98,0.74902900,0
1507331428,22885167,257.90,0.03866139,1
1507331362,22885148,257.98,2.05318242,0
1507331361,22885147,257.98,1.36169477,0
1507331361,22885146,257.98,0.49810056,0
1507331311,22885129,257.98,2.00000000,0
1507331160,22885107,257.98,0.72492446,0
1507331020,22885079,257.98,3.64453213,0
1507331019,22885078,257.97,0.10000000,0
1507330997,22885060,257.97,0.02000078,1
1507330984,22885032,257.97,0.13000000,1
1507330975,22885027,257.97,0.15000000,0
1507330964,22885021,257.97,0.18000000,0
1507330925,22885011,257.98,2.55106777,0
1507330925,22885010,257.97,0.21000000,0
1507330898,22885005,257.98,0.75195300,0
1507330898,22885004,257.97,0.25000000,0
1507330841,22884997,257.98,1.43385624,0
1507330841,22884996,257.97,0.27674148,0
1507330839,22884995,257.97,0.02325852,0
1507330804,22884982,257.97,0.05775100,0
1507330792,22884977,257.98,3.39556584,0
1507330792,22884976,257.98,1.44598007,0
1507330792,22884975,257.98,2.00000000,0
1507330792,22884974,257.97,0.37000000,0
1507330792,22884973,257.96,2.79735709,0
1507330791,22884971,257.96,4.27186100,0
1507330787,22884969,257.96,2.00000000,0
1507330766,22884964,257.96,1.31825700,0
1507330766,22884963,257.96,0.10000000,0
1507330763,22884961,257.95,4.79351157,0
1507330734,22884960,257.95,0.03874400,0
1507330665,22884939,257.95,6.88872800,0
1507330641,22884929,257.95,0.83042600,0
1507330638,22884927,257.95,4.35882200,0
1507330571,22884913,257.95,2.06024200,0
1507330554,22884910,257.95,0.07459400,0
1507330547,22884906,257.95,0.70166500,0
1507330545,22884905,257.95,0.77201008,0
1507330476,22884897,257.95,0.46000000,0
1507330475,22884896,257.95,0.27017969,0
1507330470,22884893,257.95,0.85151674,0
1507330221,22884824,257.95,1.56166636,0
1507330221,22884823,257.95,0.10000000,0
1507330021,22884719,257.90,20.00000000,0
1507330021,22884718,257.90,0.10000000,0
1507330021,22884717,257.90,0.50000000,0
1507329968,22884681,257.88,9.88580470,0
1507329917,22884665,257.88,0.03866139,0
1507329913,22884664,257.88,5.17553391,0
1507329913,22884663,257.86,0.10000000,0
1507329913,22884662,257.85,5.00000000,0
1507329913,22884661,257.85,0.10000000,0
1507329913,22884660,257.84,0.13064609,0
1507329906,22884659,257.84,0.05780300,0
1507329896,22884655,257.84,0.01155091,0
1507329896,22884654,257.83,0.43844909,0
1507329883,22884636,257.83,4.34137700,0
1507329858,22884629,257.83,0.22017391,0
1507329858,22884627,257.83,0.10000000,0
1507329852,22884626,257.82,4.00000000,0
1507329852,22884625,257.80,2.00000000,0
1507329852,22884624,257.80,0.10000000,0
1507329852,22884623,257.80,0.14279007,0
1507329852,22884622,257.79,3.43304323,0
1507329852,22884621,257.79,0.32196274,0
1507329852,22884620,257.76,3.00000000,0
1507329852,22884619,257.76,0.10000000,0
1507329852,22884618,257.75,0.07259661,0
1507329744,22884598,257.41,0.02136669,1
1507329743,22884597,257.41,0.36694882,1
1507329533,22884535,257.50,0.03881170,0
1507329517,22884529,257.50,1.13065600,0
1507329419,22884510,256.97,0.80000000,1
1507329417,22884509,257.02,0.20000000,1
1507329288,22884433,257.70,0.13864959,0
1507329239,22884412,257.75,2.76282400,0
1507329194,22884394,257.75,0.16457939,0
1507329194,22884393,257.75,0.03668061,0
1507329141,22884386,257.75,0.06331939,0
1507329140,22884385,257.73,0.10000000,0
1507329140,22884384,257.70,0.10000000,0
1507329140,22884383,257.66,0.10000000,0
1507329139,22884382,257.65,0.10000000,0
1507329139,22884381,257.63,0.10000000,0
1507329139,22884380,257.60,0.10000000,0
1507329139,22884379,257.56,0.10000000,0
1507329138,22884378,257.55,0.01950225,0
1507329138,22884377,257.55,0.01968995,0
1507329138,22884376,257.55,0.03919220,0
1507329138,22884375,257.55,0.10000000,0
1507329138,22884374,257.53,0.10000000,0
1507329137,22884373,257.52,0.03919680,0
1507329137,22884372,257.52,0.01415995,0
1507329137,22884371,257.50,0.10000000,0
1507329137,22884370,257.47,0.65403873,0
1507329137,22884369,257.47,0.03920450,0
1507329136,22884368,257.46,0.05213900,0
1507329136,22884367,257.45,0.10000000,0
1507329136,22884366,257.43,0.10000000,0
1507329136,22884362,257.40,0.10000000,0
1507329135,22884361,257.36,0.10000000,0
1507329135,22884360,257.35,0.10000000,0
1507329135,22884359,257.33,0.10000000,0
1507329135,22884358,257.30,0.10000000,0
1507329134,22884357,257.26,0.10000000,0
1507329134,22884356,257.25,0.03923830,0
1507329134,22884355,257.23,0.10000000,0
1507329132,22884354,257.21,0.14392695,0
1507329125,22884352,257.21,3.79538500,0
1507329125,22884351,257.20,0.10000000,0
1507329125,22884350,257.16,0.03632500,0
1507329125,22884349,257.16,0.06367500,0
1507329081,22884338,257.13,0.10000000,0
1507329081,22884337,257.13,0.03925680,0
1507329081,22884336,257.10,0.22230000,0
1507329081,22884335,257.10,0.10000000,0
1507329081,22884334,257.06,0.01158198,0
1507329081,22884333,257.06,0.05997001,0
1507329081,22884332,257.06,0.02844801,0
1507329080,22884331,257.03,0.10000000,0
1507329080,22884330,257.02,0.14644305,0
1507329050,22884319,257.02,0.19403159,0
1507328871,22884277,257.02,2.95875481,0
1507328871,22884276,257.00,0.19773130,0
1507328871,22884275,257.00,0.84351389,0
1507328832,22884270,257.00,0.33088200,0
1507328830,22884269,257.00,0.10707300,0
1507328829,22884268,257.00,0.07114800,0
1507328810,22884264,257.00,0.12138311,0
1507328810,22884263,257.00,1.44666000,0
1507328810,22884261,257.00,0.02178989,0
1507328776,22884250,257.00,0.07821011,0
1507328776,22884249,256.93,0.10000000,0
1507328776,22884248,256.93,0.05161197,0
1507328776,22884247,256.93,0.04838803,0
1507328774,22884246,256.90,0.30412399,0
1507328750,22884241,256.90,15.00000000,0
1507328733,22884240,256.90,4.69587601,0
1507328733,22884239,256.89,0.36000000,0
1507328708,22884233,256.89,0.08026000,0
1507328708,22884232,256.83,0.10000000,0
1507328635,22884158,256.80,0.43282841,0
1507328629,22884156,256.80,10.56978250,0
1507328629,22884155,256.79,0.20000000,0
1507328629,22884154,256.78,0.33682190,0
1507328518,22884095,256.80,0.36799172,0
1507328518,22884094,256.79,0.02141828,0
1507328517,22884093,256.80,5.39865585,0
1507328517,22884091,256.79,0.55398330,0
1507328333,22883987,256.80,0.03891750,0
1507328151,22883941,256.80,0.02500000,0
1507328150,22883940,256.80,1.16682402,0
1507328150,22883938,256.76,0.05997001,0
1507328150,22883936,256.69,0.10000000,0
1507328150,22883934,256.63,0.04449528,0
1507328149,22883933,256.61,0.29540500,0
1507328149,22883932,256.61,1.33894400,0
1507328148,22883929,256.55,1.49114317,0
1507328148,22883928,256.53,0.10000000,0
1507328148,22883927,256.30,1.84220483,0
1507328124,22883919,256.30,0.04571432,0
1507328124,22883918,256.00,0.02004551,0
1507328124,22883917,255.87,0.01100031,0
1507328095,22883908,255.87,0.08899969,0
1507328094,22883907,255.87,0.10000000,0
1507328094,22883906,255.86,0.10000000,0
1507328094,22883905,255.85,0.10000000,0
1507327946,22883837,255.87,0.10000000,1
1507327845,22883797,256.30,1.62119455,0
1507327833,22883796,256.30,9.53988630,0
1507327832,22883795,256.29,3.12000000,0
1507327729,22883768,256.19,3.07037672,0
1507327706,22883746,256.20,1.00000000,1
1507327659,22883740,256.07,0.26000000,0
1507327659,22883739,256.06,1.74000000,0
1507327579,22883730,256.06,2.00000000,0
1507327533,22883717,255.95,4.66986100,1
1507327435,22883690,255.95,2.33834733,0
1507327274,22883644,255.97,1.00126000,0
1507327171,22883622,255.88,2.69329334,0
1507327158,22883618,256.17,0.23850000,1
1507327158,22883617,256.17,1.00000000,0
1507327158,22883616,255.69,0.03888000,0
1507326943,22883536,255.53,8.86536300,0
1507326863,22883514,254.71,1.10430390,1
1507326761,22883485,255.60,1.65943400,0
1507326696,22883462,255.60,0.91497638,0
1507326687,22883461,254.62,0.15092000,1
1507326687,22883460,254.66,0.23850000,1
1507326686,22883459,254.67,0.10000000,1
1507326594,22883442,255.00,0.03888000,1
1507326424,22883369,254.92,1.74406069,1
1507326348,22883342,255.83,1.87564957,0
1507326342,22883341,255.84,0.80238767,0
1507326342,22883340,255.63,0.11069422,0
1507326339,22883339,255.63,1.33356271,0
1507326338,22883338,255.61,2.82087345,0
1507326335,22883337,254.50,1.97023013,0
1507326335,22883336,254.48,0.31300000,0
1507326328,22883332,254.50,1.14401614,0
1507326328,22883331,254.49,0.23860000,0
1507326325,22883326,254.20,2.67791570,1
1507326325,22883324,254.20,0.10000000,1
1507326324,22883322,254.20,0.31707930,0
1507326324,22883321,254.21,4.28000000,1
1507326324,22883320,254.25,2.62500500,1
1507326319,22883317,254.24,0.00011012,1
1507326319,22883316,254.26,1.38392000,1
1507326303,22883303,254.35,3.49183292,1
1507326303,22883302,254.35,1.18466008,1
1507326292,22883299,254.30,0.04449528,1
1507326291,22883297,254.33,1.00000000,1
1507326291,22883296,254.40,1.55785600,1
1507326291,22883295,254.75,1.25732610,1
1507326291,22883294,254.76,0.23860000,1
1507325931,22883177,255.58,0.03910170,0
1507325707,22883096,255.59,0.17218983,0
1507325493,22883041,254.75,2.92576421,1
1507325493,22883040,254.76,0.38764530,1
1507325493,22883039,255.00,0.10000000,1
1507325493,22883038,255.06,0.31300000,1
1507325482,22883037,255.25,4.67064700,1
1507325480,22883036,255.22,4.22090758,1
1507325436,22883016,255.24,8.37213244,1
1507325371,22883006,255.38,1.79892258,1
1507325243,22882990,255.46,3.48715501,1
1507325230,22882986,255.52,2.32027253,1
1507325208,22882978,255.31,1.28511143,0
1507325205,22882977,255.63,0.38942000,0
1507325204,22882976,255.58,2.32174526,1
1507325204,22882975,255.58,2.34776474,1
1507325008,22882916,256.79,12.69975466,0
1507325008,22882914,256.78,3.94000000,1
1507325008,22882912,256.78,3.61105397,1
1507325008,22882911,256.77,8.06700000,0
1507325007,22882910,256.76,10.76000000,1
1507325007,22882909,256.76,3.76453186,1
1507325007,22882908,256.73,0.10000000,0
1507325007,22882907,256.71,0.47000000,0
1507325006,22882906,256.71,4.66667900,1
1507325006,22882905,256.71,4.66667900,1
1507325006,22882903,256.70,0.90000000,0
1507325005,22882901,256.63,0.05550472,0
1507325005,22882900,256.34,0.04991401,0
1507325005,22882899,256.34,0.01958255,0
1507325005,22882898,256.34,3.76440571,1
1507325004,22882897,256.33,4.02575851,0
1507325004,22882896,256.24,0.79000000,0
1507325004,22882895,255.88,1.00000000,0
1507325004,22882894,255.87,0.84916470,0
1507325003,22882893,255.70,0.03910830,0
1507325003,22882892,255.58,1.55741500,0
1507325003,22882891,255.49,3.94000000,0
1507325001,22882890,255.47,8.14460097,0
1507324712,22882731,255.70,0.09617942,0
1507324406,22882643,255.36,0.19132926,0
1507324154,22882554,254.64,0.99493985,1
1507324132,22882540,255.24,3.92110732,0
1507323985,22882426,255.03,0.77871004,0
1507323823,22882341,255.07,2.69037824,0
1507323808,22882258,254.30,0.05550472,1
1507323808,22882257,254.40,0.10000000,1
1507323806,22882255,254.49,0.03964007,1
1507323678,22882211,255.31,0.17254365,0
1507323655,22882209,255.20,0.56627516,0
1507323572,22882161,255.14,0.00170169,0
1507323572,22882160,254.50,7.39101787,0
1507323567,22882155,254.50,0.23706381,0
1507323566,22882154,254.49,0.31300000,1
1507323566,22882150,254.49,0.23850000,1
1507323558,22882146,254.50,0.59191832,1
1507323529,22882122,254.50,0.03929270,1
1507323484,22882107,254.50,0.10000000,1
1507323364,22882052,254.50,0.26878898,1
1507323363,22882051,254.60,0.09121102,1
1507323289,22881955,254.60,0.40878898,1
1507323289,22881954,254.70,0.03923830,1
1507323289,22881953,254.70,0.48929296,1
1507323283,22881948,254.70,0.01070704,1
1507323283,22881947,254.80,9.01943802,1
1507323220,22881895,254.80,4.02956198,1
1507322976,22881800,254.81,3.71347390,1
1507322963,22881799,254.86,1.55695900,1
1507322963,22881798,254.87,0.23850000,1
1507322963,22881796,254.88,5.27328732,1
1507322943,22881787,255.66,1.71281031,0
1507322931,22881783,255.71,0.23790000,0
1507322911,22881775,254.81,2.00649989,1
1507322904,22881774,254.86,1.55667400,1
1507322898,22881773,254.89,7.80736862,1
1507322868,22881742,255.85,3.21367989,0
1507322867,22881741,254.88,0.24971501,1
1507322867,22881739,254.89,0.52085280,1
1507322867,22881738,255.18,0.37000000,1
1507322866,22881737,255.19,1.50898598,1
1507322847,22881652,255.69,3.47470000,0
1507322842,22881634,255.70,3.47832600,0
1507322454,22881421,255.58,5.85433132,0
1507322234,22881335,254.70,3.20776891,0
1507322234,22881334,254.70,4.67081600,0
1507322233,22881333,254.74,0.65405195,1
1507322233,22881332,254.82,6.40987095,0
1507322233,22881331,254.88,1.00000000,1
1507322232,22881330,254.90,1.05212414,1
1507322232,22881329,254.92,4.02575851,1
1507322232,22881328,254.94,5.18000000,1
1507322231,22881327,255.01,0.96052776,1
1507322231,22881326,255.01,0.06000848,0
1507322231,22881325,255.02,3.83984460,1
1507322231,22881322,255.11,0.29775391,1
1507322231,22881321,255.11,3.24499679,0
1507322230,22881319,255.31,4.66557800,1
1507322230,22881318,255.40,0.31300000,1
1507322230,22881317,255.40,0.23790000,1
1507322228,22881316,255.41,0.20000000,1
1507322194,22881293,256.33,0.00764639,1
1507322193,22881291,255.90,0.03907780,0
1507321752,22880986,255.26,0.00328808,1
1507321752,22880985,255.40,5.99527095,1
1507321178,22880791,255.85,7.82105135,0
1507321177,22880790,255.85,0.03906200,1
1507321134,22880776,255.89,1.35641600,0
1507321101,22880762,255.85,1.90660814,1
1507320873,22880689,255.84,1.23535790,0
1507320868,22880687,255.75,0.94504164,0
1507320868,22880686,255.68,0.09405509,0
1507320383,22880496,255.68,0.03899406,0
1507320267,22880454,255.68,0.01158685,0
1507320266,22880453,255.66,10.04691315,0
1507320017,22880263,255.75,0.78005865,0
1507319926,22880149,255.75,0.03907720,0
1507319844,22880110,255.75,2.76586220,0
1507319719,22880046,255.75,0.79913012,0
1507319690,22880025,255.74,0.27677696,1
1507319648,22879994,255.74,0.70000000,0
1507319582,22879975,255.27,2.00000000,1
1507319493,22879957,255.74,3.70126000,0
1507319343,22879909,255.77,1.89547633,0
1507319343,22879908,255.59,0.06171467,0
1507319183,22879827,255.03,1.00000000,1
1507319115,22879800,255.03,1.00000000,1
1507318733,22879632,255.84,1.23597561,1
1507318731,22879629,255.84,0.20000000,0
1507318631,22879582,255.90,1.53946854,0
1507318438,22879509,255.45,0.01961629,0
1507318336,22879488,255.01,0.03947224,1
1507318334,22879487,255.03,9.96052776,1
1507318091,22879381,255.29,0.20000000,1
1507317915,22879337,255.78,0.46510500,0
1507317914,22879336,255.29,0.03900500,0
1507317675,22879224,255.21,0.05000000,1
1507317611,22879195,255.75,0.39002932,1
1507317609,22879192,255.60,1.00000000,1
1507317483,22878942,256.18,0.03901160,1
1507317462,22878916,256.25,0.03900000,0
1507317316,22878842,256.18,2.80126000,0
1507317316,22878841,256.00,2.00000000,0
1507317315,22878840,255.91,0.20000000,0
1507317262,22878812,255.85,0.23799500,0
1507317136,22878761,255.61,5.06299558,0
1507317135,22878760,255.61,0.20000000,1
1507317135,22878759,255.62,0.23800000,1
1507316870,22878665,256.00,1.00000000,1
1507316868,22878664,256.01,1.00000000,1
1507316811,22878650,256.01,1.00000000,1
1507316810,22878649,256.27,0.03936080,0
1507316786,22878641,256.20,0.03900860,1
1507315920,22878342,256.20,0.39980009,1
1507315898,22878316,256.29,0.25126000,0
1507315883,22878304,256.20,0.20000000,1
1507315856,22878294,255.73,2.10113173,0
1507315506,22878088,256.26,0.18828533,0
1507315455,22878056,256.21,3.39561297,0
1507315443,22878050,255.35,0.43960436,1
1507315443,22878049,255.36,0.20000000,1
1507315432,22878046,255.80,1.81464417,1
1507315431,22878045,255.80,1.01366683,1
1507315431,22878044,255.84,0.04991401,1
1507315431,22878043,255.84,0.01958255,1
1507315431,22878042,255.85,0.20000000,1
1507315425,22878036,255.84,4.94843378,0
1507315405,22878015,256.61,0.80526870,0
1507315405,22878014,256.60,0.80752000,0
1507315302,22877938,255.66,3.00000000,1
1507315194,22877899,256.61,0.19473130,0
1507315189,22877898,256.61,9.06764815,1
1507315188,22877897,256.48,3.54056400,1
1507315188,22877896,256.02,0.33209076,0
1507315186,22877894,255.84,0.00000047,0
1507315123,22877861,255.84,0.03908643,0
1507315123,22877860,255.75,0.23551907,0
1507315123,22877859,255.50,3.44088450,0
1507315006,22877831,255.50,0.03911550,0
1507314826,22877739,255.50,0.50000000,0
1507314813,22877730,255.42,0.40114463,1
1507314783,22877725,255.13,0.51257812,1
1507314747,22877711,255.50,3.00000000,0
1507314690,22877683,255.48,0.08453498,1
1507314690,22877682,255.49,2.86546502,1
1507314690,22877680,255.49,0.17583189,0
1507314596,22877643,255.49,0.80555011,0
1507314596,22877641,255.49,0.80439978,0
1507314595,22877637,255.49,0.80555011,0
1507314587,22877630,255.49,10.00000000,0
1507314407,22877521,255.49,13.67172800,0
1507314407,22877520,255.49,4.66889200,1
1507314407,22877519,255.48,3.79000000,1
1507314362,22877513,255.00,14.98049775,1
1507314362,22877512,255.00,0.01950225,1
1507314255,22877467,255.00,0.01968995,1
1507314255,22877466,255.00,17.66813404,1
1507314255,22877465,255.10,3.00000000,1
1507314108,22877375,255.45,0.03679781,0
1507313728,22877159,255.50,0.62441999,0
1507313702,22877145,255.54,0.79786100,0
1507313702,22877144,255.50,1.00000000,0
1507313663,22877125,255.75,0.07648093,0
1507313661,22877124,255.50,0.00152487,0
1507313643,22877111,255.50,0.99847513,0
1507313551,22877070,255.84,4.31534100,0
1507313382,22876966,255.94,2.88894000,1
1507313201,22876842,255.30,5.49673396,0
1507313174,22876837,256.26,2.29648418,0
1507312906,22876732,255.18,5.29356475,1
1507312868,22876699,255.00,4.43495080,0
1507312868,22876698,255.12,2.99000000,1
1507312867,22876697,255.14,3.83649720,0
1507312867,22876696,255.48,0.31200000,1
1507312865,22876695,255.60,0.80655200,1
1507312858,22876688,255.60,0.56570000,1
1507312830,22876676,255.60,0.12774800,1
1507312801,22876632,255.95,0.02343750,0
1507312712,22876517,256.20,1.85000000,1
1507312693,22876500,256.47,0.77786876,0
1507312662,22876484,256.20,0.04994134,0
1507312662,22876483,256.20,0.01959327,0
1507312662,22876482,256.19,5.51066801,0
1507312600,22876414,256.19,0.21010722,0
1507312492,22876307,256.15,0.50072223,1
1507312492,22876306,255.90,1.00000000,0
1507312490,22876305,255.69,1.80000000,0
1507312490,22876304,255.69,1.65967245,0
1507312439,22876285,255.20,0.32863307,0
1507312266,22876202,255.00,8.34186596,0
1507312199,22876179,254.99,2.90000000,0
1507312160,22876173,254.99,2.39617240,0
1507312149,22876169,255.00,3.82451700,0
1507312129,22876163,255.00,0.50000000,0
1507312128,22876162,255.00,0.03909804,0
1507312125,22876160,255.00,10.59800000,0
1507312125,22876159,254.90,0.20000000,0
1507312089,22876126,255.00,2.85272100,0
1507312089,22876125,254.84,0.20000000,0
1507311939,22875921,254.50,6.41707891,0
1507311938,22875920,254.49,0.08377246,0
1507311938,22875919,254.49,0.22922754,1
1507311937,22875918,254.50,1.67000000,0
1507311936,22875916,254.49,1.67119443,0
1507311933,22875911,254.54,5.19000000,1
1507311933,22875910,254.54,0.20000000,1
1507311916,22875901,254.49,1.68200000,0
1507311916,22875900,254.83,0.31300000,1
1507311913,22875896,254.48,0.37165258,1
1507311913,22875895,254.50,0.10000000,1
1507311913,22875894,254.60,0.10000000,1
1507311913,22875893,254.70,0.10000000,1
1507311912,22875892,254.72,0.06013776,1
1507311912,22875891,254.74,1.55996626,1
1507311912,22875890,254.78,1.00000000,1
1507311912,22875889,254.80,0.10000000,1
1507311912,22875888,254.80,1.00000000,1
1507311912,22875887,254.90,0.10000000,1
1507311912,22875886,254.95,0.58823529,1
1507311912,22875885,255.00,3.04536382,1
1507311912,22875884,255.00,0.08110900,1
1507311912,22875883,255.00,1.00000000,1
1507311912,22875882,255.00,1.02402305,1
1507311911,22875881,255.00,0.10000000,1
1507311911,22875880,255.10,0.10000000,1
1507311865,22875851,255.15,1.06795900,0
1507311864,22875849,255.13,0.23730000,0
1507311841,22875793,255.20,0.10000000,1
1507311762,22875641,255.30,0.10000000,1
1507311762,22875639,255.40,0.10000000,1
1507311747,22875606,255.68,1.00000000,1
1507311744,22875598,255.69,4.40261443,0
1507311744,22875596,255.83,0.23730000,1
1507311742,22875586,255.84,1.21540270,1
1507311719,22875538,256.00,0.05996998,0
1507311719,22875536,255.80,0.09995002,0
1507311679,22875497,255.50,0.40404323,0
1507311678,22875496,255.50,4.66725200,0
1507311676,22875495,255.50,11.88308400,0
1507311552,22875450,255.50,1.00000000,0
1507311549,22875447,255.50,0.49631000,0
1507311546,22875445,255.50,0.39178082,0
1507311545,22875438,255.50,0.39663405,0
1507311545,22875437,255.50,0.39821900,0
1507311544,22875434,255.50,0.41053075,0
1507311543,22875431,255.50,0.46671771,0
1507311511,22875397,255.50,0.22839800,0
1507311498,22875381,255.50,0.74998000,0
1507311492,22875375,255.50,1.03800000,0
1507311486,22875372,255.50,0.10000000,1
1507311486,22875371,255.60,0.05161197,1
1507311486,22875370,255.70,0.04994134,1
1507311485,22875369,255.70,0.01959327,1
1507311437,22875308,255.60,0.04838803,1
1507311437,22875307,255.70,0.01158198,1
1507311434,22875297,255.70,0.05997001,1
1507311433,22875295,255.70,0.02844801,1
1507311430,22875292,255.80,0.03632500,1
1507311428,22875288,255.80,0.06367500,1
1507311428,22875287,255.81,0.20000000,1
1507311425,22875283,256.00,1.23115277,0
1507311425,22875280,255.90,0.10000000,1
1507311424,22875279,256.00,0.10000000,1
1507311397,22875221,256.10,0.05213900,1
1507311397,22875220,256.10,2.20085052,1
1507311396,22875215,256.10,1.61319700,1
1507311396,22875213,256.20,0.10000000,1
1507311395,22875210,256.25,1.00000000,1
1507311395,22875209,256.30,0.10000000,1
1507311394,22875207,256.40,0.10000000,1
1507311391,22875192,256.41,3.30834469,0
1507311391,22875190,256.50,0.10000000,1
1507311391,22875189,256.60,0.10000000,1
1507311391,22875188,256.70,0.10000000,1
1507311391,22875187,256.93,7.59260531,1
1507311390,22875184,256.93,0.31959000,1
1507311386,22875171,256.93,0.03922261,0
1507311280,22875074,256.90,0.09933690,0
1507311280,22875073,256.86,0.00066310,0
1507311247,22875054,256.86,0.52900000,0
1507311173,22875037,256.86,0.03890840,0
1507311133,22874969,256.86,0.08465419,0
1507311133,22874968,256.80,0.10000000,0
1507311133,22874967,256.70,0.10000000,0
1507311133,22874966,256.68,1.45347218,0
1507311133,22874965,256.60,0.10000000,0
1507311133,22874964,256.60,0.31311100,0
1507311133,22874963,256.50,0.96300890,0
1507311110,22874940,256.50,2.22699110,0
1507311110,22874939,256.50,0.10000000,0
1507311109,22874938,256.48,0.03935580,0
1507311109,22874937,256.45,1.42363428,0
1507311109,22874936,256.45,0.12989072,0
1507311108,22874935,256.40,0.10000000,0
1507311108,22874934,256.30,0.10000000,0
1507311108,22874933,256.23,0.30900000,0
1507311107,22874932,256.20,0.10000000,0
1507311107,22874931,256.20,3.04536382,0
1507311069,22874921,256.20,0.08110900,0
1507310991,22874900,256.20,1.00000000,0
1507310949,22874893,256.20,1.02402305,0
1507310939,22874891,256.10,0.10000000,0
1507310925,22874874,256.00,10.57442371,0
1507310920,22874868,256.00,0.43508000,0
1507310912,22874856,256.00,5.35049600,0
1507310911,22874852,256.00,18.90860900,0
1507310911,22874851,256.00,5.35049600,0
1507310910,22874845,256.00,8.24300000,0
1507310910,22874842,256.00,2.32150000,0
1507310910,22874840,256.00,10.81450000,0
1507310910,22874837,256.00,9.08600000,0
1507310908,22874828,256.00,4.10000000,0
1507310908,22874827,256.00,4.25000000,0
1507310907,22874825,256.00,4.01000000,0
1507310907,22874824,256.00,4.00000000,0
1507310836,22874799,256.00,3.91542678,0
1507310760,22874770,256.00,3.91542678,0
1507310486,22874680,256.00,0.38082299,0
1507310300,22874544,256.00,3.97457031,0
1507310178,22874517,255.99,0.11000000,0
1507310055,22874480,255.99,0.13000000,0
1507310004,22874466,255.99,0.14936951,0
1507310004,22874465,255.90,0.99055866,0
1507309972,22874448,255.90,0.03905430,0
1507309948,22874446,255.90,1.94900352,0
1507309934,22874439,255.90,0.15000000,0
1507309902,22874420,256.00,0.36964843,0
1507309902,22874419,256.00,0.10000000,0
1507309901,22874418,255.99,0.22000000,0
1507309901,22874417,255.99,1.00000000,0
1507309901,22874416,255.90,0.10000000,0
1507309901,22874415,255.80,0.10000000,0
1507309899,22874413,255.70,0.05880816,0
1507309891,22874397,255.70,0.04119184,0
1507309891,22874396,255.66,0.03949553,0
1507309891,22874395,255.63,0.10000000,0
1507309891,22874394,255.60,0.10000000,0
1507309891,22874393,255.59,0.43000000,0
1507309878,22874386,255.59,1.00000000,0
1507309861,22874368,255.59,2.32063694,0
1507309800,22874346,255.59,1.60212675,1
1507309799,22874339,255.59,1.60893900,0
1507309737,22874321,255.59,0.97566415,0
1507309702,22874290,255.60,0.16807511,1
1507309702,22874289,255.53,0.10000000,0
1507309701,22874288,255.50,8.00000000,0
1507309701,22874287,255.50,0.10000000,0
1507309700,22874286,255.49,3.24604815,0
1507309695,22874283,255.49,0.80155357,0
1507309695,22874282,255.43,0.10000000,0
1507309694,22874264,255.40,0.09970643,0
1507309676,22874228,255.40,3.80248555,0
1507309676,22874227,255.38,17.63838001,0
1507309675,22874226,255.38,0.39021000,0
1507309670,22874225,255.38,0.42253346,0
1507309585,22874189,255.38,1.07412483,0
1507309569,22874182,255.38,2.99616258,0
1507309490,22874153,255.38,2.03128671,0
1507309430,22874135,255.38,0.78080000,0
1507309393,22874122,255.38,0.66650241,0
1507309281,22874090,254.87,0.00105210,0
1507309281,22874087,255.00,1.07560817,1
1507309058,22873967,255.40,0.39791577,0
1507309058,22873966,255.40,0.10000000,0
1507309058,22873965,255.33,0.10000000,0
1507309044,22873958,255.30,0.10000000,0
1507309044,22873957,255.25,0.10000000,0
1507309044,22873956,255.23,0.10000000,0
1507309044,22873955,255.20,0.10000000,0
1507309043,22873954,255.16,0.39521918,0
1507309019,22873947,255.16,0.60000000,0
1507309019,22873946,255.15,0.10000000,0
1507309019,22873945,255.13,0.06415589,0
1507309019,22873944,255.13,0.03584411,0
1507309019,22873943,255.10,0.10000000,0
1507309019,22873942,255.05,0.10000000,0
1507308973,22873926,255.00,0.37888013,1
1507308951,22873881,255.00,0.00000574,0
1507308950,22873875,255.00,0.24552434,0
1507308950,22873874,255.00,3.17330966,0
1507308915,22873850,255.00,2.00126000,0
1507308897,22873843,254.93,0.43192249,0
1507308869,22873833,254.93,1.56807751,1
1507308771,22873779,254.97,0.03919680,0
1507308730,22873764,254.97,4.02290616,0
1507308683,22873742,254.93,3.12861648,0
1507308646,22873732,254.94,0.03910724,0
1507308628,22873723,254.74,2.27681482,1
1507308628,22873722,254.74,1.55987500,0
1507308534,22873682,254.40,1.44666000,1
1507308436,22873604,254.82,1.56155300,0
1507308226,22873453,254.83,1.52689160,0
1507308192,22873400,254.57,0.83470378,0
1507308142,22873381,254.26,0.22327366,0
1507308123,22873371,254.26,0.22327365,0
1507308057,22873353,254.26,0.21487319,0
1507308057,22873352,254.07,0.03886895,0
1507308057,22873351,254.07,0.01975786,0
1507308047,22873343,254.05,2.31224398,0
1507308023,22873320,254.05,13.08840900,0
1507308022,22873319,254.05,0.00000018,0
1507308022,22873318,254.00,56.19811482,0
1507308022,22873317,254.00,49.40270800,0
1507308022,22873316,253.99,0.54000000,0
1507308016,22873310,254.00,0.48000000,0
1507307985,22873286,254.00,3.29886876,0
1507307985,22873285,253.99,0.64000000,0
1507307955,22873268,254.00,0.82920500,0
1507307955,22873267,253.99,0.77000000,0
1507307940,22873258,253.99,0.91000000,0
1507307929,22873253,254.00,1.22533700,0
1507307927,22873251,254.00,0.74768800,0
1507307927,22873250,253.99,1.08000000,0
1507307853,22873218,254.05,3.28144108,0
1507307849,22873214,254.05,1.19661484,0
1507307839,22873202,253.97,1.05300000,0
1507307838,22873200,253.97,0.94700000,0
1507307833,22873188,253.94,1.39858278,1
1507307832,22873183,253.87,1.56302700,0
1507307832,22873182,253.50,14.29944022,0
1507307828,22873175,253.50,3.00000000,0
1507307823,22873172,253.50,1.56324100,0
1507307822,22873166,253.50,51.73960600,0
1507307818,22873161,253.50,0.47000000,0
1507307811,22873157,253.50,3.84518600,0
1507307792,22873147,253.50,3.94882325,0
1507307791,22873146,253.50,3.71505100,0
1507307791,22873144,253.50,2.26645500,0
1507307790,22873143,253.50,15.01749500,0
1507307790,22873141,253.50,0.13470253,0
1507307790,22873140,253.50,7.96419247,0
1507307781,22873135,253.48,0.50000000,1
1507307766,22873108,253.50,2.26636200,0
1507307765,22873107,253.50,23.11578000,0
1507307761,22873099,253.50,1.49129200,0
1507307761,22873098,253.50,12.93677649,0
1507307761,22873097,253.48,0.70512351,0
1507307759,22873086,253.48,1.03452400,0
1507307758,22873084,253.48,1.18798600,0
1507307741,22873073,253.50,16.86071300,0
1507307739,22873072,253.50,24.56846310,0
1507307739,22873071,253.49,4.89999990,0
1507307734,22873070,253.50,10.79642094,0
1507307734,22873069,253.50,8.72704206,0
1507307733,22873068,253.50,14.85165300,0
1507307712,22873051,253.50,11.49594700,0
1507307712,22873050,253.50,64.92535794,0
1507307712,22873049,253.50,1.89464200,0
1507307712,22873048,253.50,0.00000006,0
1507307712,22873047,253.47,10.88000000,0
1507307706,22873044,253.50,10.58973800,0
1507307706,22873043,253.50,27.77813300,0
1507307692,22873025,253.50,0.74588694,0
1507307683,22873018,253.50,3.75147000,0
1507307683,22873012,253.50,43.56094300,0
1507307681,22873011,253.50,1.56347300,0
1507307679,22873003,253.50,10.12760300,0
1507307679,22873001,253.49,1.53000000,0
1507307660,22872933,253.50,1.88275300,0
1507307660,22872932,253.50,20.77112000,0
1507307660,22872931,253.44,0.83857000,0
1507307660,22872930,253.44,0.20331000,0
1507307659,22872928,253.44,3.64871200,0
1507307659,22872927,253.44,0.31500000,0
1507307634,22872886,253.50,21.81759000,0
1507307634,22872883,253.50,2.15371200,0
1507307633,22872881,253.49,1.81000000,0
1507307632,22872878,253.50,55.25757800,0
1507307591,22872698,254.00,0.06877952,0
1507307590,22872697,253.99,0.24010000,0
1507307587,22872695,253.00,17.43545911,0
1507307586,22872694,253.00,5.00000000,1
1507307586,22872693,253.00,0.28225297,1
1507307586,22872692,253.03,0.31500000,1
1507307586,22872691,253.03,1.37000000,1
1507307586,22872690,253.04,1.64809900,1
1507307586,22872689,253.05,0.24010000,1
1507307586,22872688,253.06,71.87200000,1
1507307586,22872687,253.07,1.83708892,1
1507307583,22872683,254.00,4.00358697,0
1507307583,22872682,254.00,0.31633000,0
1507307583,22872681,253.90,0.53184300,0
1507307576,22872678,253.88,1.83708892,1
1507307576,22872676,253.86,1.56321800,0
1507307576,22872674,253.70,0.01978673,0
1507307569,22872672,253.66,0.08071093,0
1507307569,22872671,253.66,0.66928907,0
1507307569,22872670,253.00,5.65904982,0
1507307569,22872669,253.00,2.50993000,0
1507307568,22872667,253.00,0.60774703,0
1507307568,22872666,253.00,11.25046958,0
1507307566,22872661,253.00,11.64003400,0
1507307559,22872658,253.00,24.44818000,0
1507307556,22872650,253.00,1.36247408,0
1507307555,22872648,253.00,0.20125420,0
1507307554,22872646,252.99,0.89000000,1
1507307554,22872645,253.00,10.00000000,0
1507307542,22872633,253.00,0.99574877,0
1507307542,22872631,253.00,0.56777990,0
1507307542,22872629,252.99,1.01664810,0
1507307541,22872626,252.99,0.03335190,0
1507307539,22872620,253.00,0.43264786,0
1507307538,22872607,253.00,1.49754940,0
1507307537,22872602,253.00,1.07090909,0
1507307536,22872597,253.00,1.49758893,0
1507307535,22872594,253.00,0.17074703,0
1507307535,22872591,253.00,2.78471000,0
1507307534,22872589,253.00,0.50059288,0
1507307533,22872587,253.00,1.03156200,0
1507307532,22872585,253.00,10.12812300,0
1507307532,22872584,253.00,11.64290243,0
1507307532,22872583,253.00,1.55584757,0
1507307531,22872582,253.00,2.23343000,0
1507307528,22872580,253.00,1.66000000,0
1507307524,22872574,253.00,34.37934300,0
1507307524,22872570,253.00,30.46410000,0
1507307523,22872567,253.00,0.06020973,0
1507307521,22872555,253.00,1.49597737,0
1507307520,22872552,253.00,0.01978673,0
1507307519,22872551,253.00,1.00000000,1
1507307519,22872549,253.00,0.87169960,1
1507307519,22872547,253.00,3.20100708,1
1507307519,22872545,253.00,1.69600791,1
1507307519,22872543,253.01,10.88000000,1
1507307519,22872542,253.16,1.56246000,1
1507307519,22872541,253.20,0.46000000,1
1507307518,22872540,253.45,0.47000000,1
1507307518,22872539,253.78,4.04986544,1
1507307518,22872538,253.79,3.94026557,1
1507307506,22872525,253.90,4.54715800,0
1507307499,22872519,253.90,8.01553000,0
1507307499,22872518,253.89,0.58000000,0
1507307490,22872504,253.89,1.20820821,0
1507307481,22872484,253.90,0.45000000,0
1507307429,22872399,253.79,3.74115034,0
1507307429,22872398,253.71,0.21016940,0
1507307371,22872368,253.64,0.49522100,0
1507307345,22872348,253.49,2.22734102,0
1507307344,22872347,253.49,1.96785600,0
1507307344,22872346,253.49,0.49522098,0
1507307315,22872333,253.70,1.45546900,0
1507307312,22872324,253.69,1.49000000,0
1507307312,22872322,253.68,0.20000000,0
1507307311,22872321,253.49,1.73793100,0
1507307311,22872320,253.49,2.95265800,0
1507307310,22872316,253.50,0.34567350,0
1507307310,22872315,253.50,4.10400000,0
1507307310,22872314,253.30,0.20000000,0
1507307292,22872305,253.31,0.69512390,1
1507307237,22872264,253.01,1.77000000,1
1507307235,22872261,253.00,27.32350100,0
1507307235,22872259,253.00,0.87166007,0
1507307234,22872256,253.00,1.69577075,0
1507307234,22872255,253.00,0.87169960,0
1507307233,22872253,253.00,0.38381006,0
1507307224,22872246,253.00,4.33145810,0
1507307224,22872245,252.99,2.10000000,0
1507307224,22872244,252.98,0.56854190,0
1507307210,22872228,253.00,27.72342400,0
1507307208,22872225,253.00,10.36281700,0
1507307203,22872222,253.00,1.95068400,0
1507307202,22872218,253.00,11.40389942,0
1507307202,22872217,252.99,2.49000000,0
1507307202,22872216,252.99,0.88202658,0
1507307201,22872214,252.86,1.57019805,1
1507307201,22872213,252.90,0.31633000,1
1507307201,22872212,252.90,0.06415589,1
1507307200,22872210,252.94,0.03949553,1
1507307199,22872205,252.99,0.05307522,0
1507307189,22872181,253.00,13.08127600,0
1507307179,22872171,253.54,2.96000000,0
1507307178,22872168,253.27,0.31500000,0
1507307178,22872167,253.00,6.14121677,0
1507307178,22872166,253.00,0.87165733,0
1507307175,22872163,253.00,1.75667984,0
1507307174,22872162,253.00,0.23565217,0
1507307174,22872161,253.00,1.42282095,0
1507307174,22872160,252.98,2.52834267,0
1507307173,22872158,252.98,0.87165733,0
1507307172,22872155,253.00,1.15648984,0
1507307172,22872154,252.99,0.24000000,0
1507307166,22872147,253.00,3.83979800,0
1507307166,22872143,253.00,52.07073200,0
1507307165,22872141,253.00,1.05134388,0
1507307165,22872139,253.00,23.61165700,0
1507307164,22872137,253.00,0.23569169,0
1507307161,22872131,253.00,0.20000000,0
1507307161,22872130,253.00,3.23606192,0
1507307161,22872129,253.00,1.31993500,1
1507307160,22872128,253.00,1.28698361,1
1507307160,22872127,253.04,1.56328000,1
1507307152,22872126,253.61,4.97980408,0
1507307147,22872121,253.64,0.17144400,0
1507307141,22872120,253.65,0.92243174,0
1507307141,22872119,253.65,2.31363018,0
1507307140,22872117,253.00,1.31994000,0
1507307131,22872109,253.00,1.00000000,0
1507307130,22872107,252.99,2.31994000,0
1507307114,22872091,253.00,1.04000000,0
1507307113,22872090,252.99,0.43245910,0
1507307111,22872089,252.99,0.43705284,1
1507307111,22872088,252.99,0.17225977,1
1507307109,22872086,253.00,1.56287000,0
1507307109,22872085,253.00,0.12019000,1
1507307109,22872084,253.00,15.00000000,1
1507307109,22872083,253.01,0.24000000,1
1507307109,22872082,253.01,0.31500000,1
1507307109,22872080,253.01,1.58000000,1
1507307108,22872078,253.02,0.20000000,1
1507307108,22872076,253.02,77.62200000,1
1507307098,22872059,253.00,18.82442455,0
1507307097,22872058,253.00,61.85923700,0
1507307096,22872055,253.00,0.06010338,0
1507307093,22872048,253.00,0.96000000,0
1507307093,22872043,253.05,1.56275800,1
1507307093,22872039,253.08,14.78917586,1
1507307093,22872038,253.80,1.94430121,1
1507307023,22871990,254.01,0.17125014,1
1507306978,22871975,254.03,0.78534031,0
1507306961,22871965,254.03,0.05349138,0
1507306960,22871958,254.04,0.05350391,1
1507306954,22871943,254.05,6.19399197,0
1507306954,22871942,254.01,4.32721532,0
1507306949,22871936,254.01,0.36014468,0
1507306949,22871935,253.80,1.94177532,0
1507306926,22871908,253.80,9.24269400,0
1507306925,22871907,253.80,0.57460496,0
1507306925,22871906,253.77,5.00000000,0
1507306924,22871905,253.70,3.00000000,0
1507306924,22871904,253.70,0.36296396,0
1507306924,22871903,253.69,0.13996408,0
1507306924,22871902,253.69,0.06003592,0
1507306920,22871895,253.70,0.06010569,0
1507306849,22871844,253.70,0.50729207,0
1507306848,22871843,253.69,0.31500000,0
1507306847,22871842,253.69,0.20000000,0
1507306843,22871836,253.70,2.21612588,0
1507306843,22871835,253.68,14.78917586,0
1507306843,22871834,253.00,0.01911926,0
1507306838,22871824,253.00,0.46000000,0
1507306830,22871821,253.00,0.56466727,0
1507306828,22871819,253.00,0.56234926,0
1507306827,22871814,253.00,1.01179193,0
1507306820,22871804,253.00,2.56026386,0
1507306815,22871799,253.00,1.18269380,0
1507306814,22871798,253.00,1.30709300,0
1507306813,22871791,253.00,1.94705000,0
1507306806,22871786,253.00,3.24482777,0
1507306799,22871780,252.90,0.03584411,1
1507306797,22871775,252.98,0.24863253,1
1507306797,22871774,252.98,0.92062614,1
1507306797,22871773,253.00,2.78379000,0
1507306785,22871760,253.00,2.42351000,0
1507306782,22871759,253.00,0.26600083,0
1507306782,22871756,253.00,1.86402600,0
1507306780,22871753,253.00,0.46098306,0
1507306780,22871751,253.00,2.15336100,0
1507306779,22871750,253.00,0.26600083,0
1507306776,22871747,253.00,3.14648760,0
1507306776,22871746,253.00,0.56333228,0
1507306775,22871744,253.00,1.10921226,0
1507306774,22871742,253.00,5.31817700,0
1507306774,22871740,253.00,0.36630551,0
1507306772,22871737,253.00,0.56303753,0
1507306772,22871733,253.00,0.49476251,0
1507306771,22871732,253.00,53.13410200,0
1507306771,22871730,253.00,1.21035760,0
1507306770,22871726,253.00,0.21477989,0
1507306768,22871724,253.00,1.68083100,1
1507306768,22871723,253.00,0.80608695,1
1507306768,22871722,253.00,5.00000000,1
1507306768,22871721,253.02,0.31500000,1
1507306768,22871720,253.03,3.00000000,1
1507306753,22871689,253.78,3.00000000,0
1507306748,22871677,253.00,1.68651834,0
1507306748,22871676,252.99,0.31500000,0
1507306748,22871674,253.00,0.56285521,0
1507306747,22871671,253.00,2.37711472,0
1507306746,22871663,253.00,41.62877000,0
1507306745,22871662,253.00,1.56248900,0
1507306745,22871661,253.00,0.20000000,0
1507306745,22871660,253.00,0.56235443,1
1507306744,22871659,253.01,1.00244130,1
1507306744,22871658,253.05,1.56228100,1
1507306744,22871657,253.08,8.16900000,1
1507306744,22871656,253.11,11.23700000,1
1507306744,22871655,253.13,24.89900000,1
1507306744,22871654,253.14,4.55017600,1
1507306734,22871648,253.82,3.20000000,0
1507306715,22871631,253.00,24.90400000,0
1507306714,22871630,253.05,1.36000000,1
1507306714,22871629,253.06,71.40600000,1
1507306714,22871628,253.07,2.13000000,1
1507306714,22871627,253.07,0.20000000,1
1507306708,22871626,253.78,0.93339000,0
1507306683,22871557,253.88,5.00000000,0
1507306683,22871554,253.48,0.01980394,0
1507306682,22871550,252.98,0.48746936,1
1507306682,22871549,252.98,0.01980394,1
1507306682,22871548,253.00,0.04667646,1
1507306681,22871547,253.87,1.35017600,0
1507306679,22871543,252.99,0.04670080,0
1507306679,22871542,253.00,0.00000364,1
1507306679,22871540,253.00,27.76240636,0
1507306678,22871539,253.00,14.78917586,0
1507306678,22871538,253.00,0.80612648,1
1507306677,22871537,253.00,0.10000000,1
1507306677,22871536,253.10,0.10000000,1
1507306677,22871535,253.19,1.56221600,1
1507306677,22871534,253.20,0.10000000,1
1507306677,22871533,253.30,0.10000000,1
1507306677,22871532,253.38,0.31500000,1
1507306677,22871531,253.39,1.96807530,1
1507306677,22871530,253.40,0.10000000,1
1507306676,22871529,253.41,1.50000000,1
1507306676,22871528,253.42,24.54900000,1
1507306676,22871527,253.48,0.47000000,1
1507306676,22871526,253.50,25.77800000,1
1507306651,22871513,253.86,12.05228986,0
1507306632,22871492,253.70,2.73688600,0
1507306631,22871491,253.72,1.95999990,0
1507306631,22871490,253.50,0.02913834,0
1507306631,22871489,253.50,0.01980237,0
1507306631,22871488,253.49,0.31500000,0
1507306631,22871487,253.48,0.20000000,0
1507306622,22871479,253.00,9.34213552,0
1507306613,22871460,253.00,0.46000000,0
1507306600,22871448,253.00,1.50984400,0
1507306597,22871441,253.00,77.05770700,0
1507306596,22871437,253.00,0.17473659,0
1507306595,22871434,253.00,1.39930000,0
1507306592,22871431,253.00,2.37211500,0
1507306591,22871430,253.00,6.45530100,0
1507306591,22871429,252.99,1.26000000,0
1507306590,22871428,253.00,1.22513834,0
1507306590,22871427,253.00,0.00372255,0
1507306590,22871426,253.00,0.45627745,0
1507306583,22871422,253.00,0.75661160,0
1507306581,22871420,253.00,0.56248772,0
1507306580,22871418,253.00,3.07141777,0
1507306580,22871417,253.00,1.43106719,0
1507306576,22871413,253.00,0.56221154,0
1507306573,22871409,253.00,0.56191663,0
1507306570,22871404,253.00,1.73938000,0
1507306568,22871402,253.00,0.56162175,0
1507306564,22871396,253.00,0.56158896,0
1507306559,22871392,253.00,0.56129397,0
1507306555,22871384,253.00,2.19266962,0
1507306555,22871383,253.00,5.00000000,0
1507306554,22871382,253.00,0.56099906,0
1507306549,22871378,253.00,4.68469718,0
1507306549,22871377,253.00,5.27921088,0
1507306549,22871376,253.00,3.77704057,0
1507306547,22871368,253.00,0.40498023,0
1507306547,22871367,253.00,3.07137825,0
1507306547,22871364,253.00,0.72940711,0
1507306546,22871360,253.00,0.29675889,0
1507306545,22871359,253.00,2.43885375,0
1507306543,22871354,252.99,0.23970000,1
1507306540,22871349,252.99,0.72944195,0
1507306539,22871348,252.99,0.56055805,0
1507306535,22871343,253.00,3.69871021,0
1507306535,22871337,253.00,1.69674400,0
1507306535,22871335,252.99,7.77679000,0
1507306534,22871333,252.99,3.10321000,0
1507306533,22871332,253.00,1.56159400,0
1507306532,22871329,253.00,0.02913834,0
1507306532,22871328,253.00,0.01980237,0
1507306531,22871325,253.00,0.20000000,0
1507306530,22871322,253.13,18.96300000,1
1507306530,22871321,253.15,0.31500000,1
1507306530,22871320,253.18,1.59000000,1
1507306530,22871319,253.19,4.55496800,1
1507306530,22871318,253.21,2.20029710,1
1507306530,22871317,253.21,0.23970000,1
1507306530,22871316,253.23,10.88000000,1
1507306530,22871315,253.24,14.78917586,1
1507306514,22871304,254.05,0.82446074,0
1507306513,22871303,253.56,0.04869201,0
1507306513,22871301,253.56,0.01979768,0
1507306513,22871300,253.49,0.02336061,0
1507306513,22871299,253.00,6.55590473,0
1507306510,22871298,253.00,2.68402306,0
1507306510,22871297,252.98,0.31597694,0
1507306498,22871271,252.99,0.26631000,0
1507306497,22871270,252.99,0.02336061,0
1507306496,22871268,252.99,0.17025694,0
1507306495,22871266,252.99,0.17184600,0
1507306494,22871265,252.84,0.05740521,0
1507306494,22871264,252.86,0.14620738,1
1507306493,22871262,252.98,0.18993653,0
1507306493,22871261,252.98,0.17455745,0
1507306493,22871257,252.98,0.15669222,1
1507306493,22871255,252.98,0.27520121,1
1507306491,22871250,253.00,5.26383800,0
1507306491,22871248,253.00,13.65182200,0
1507306490,22871246,253.00,4.33510600,0
1507306490,22871245,253.00,14.36194700,0
1507306490,22871243,253.00,1.40731000,0
1507306489,22871239,253.00,0.26654471,0
1507306488,22871237,253.00,0.25833992,0
1507306488,22871236,253.00,1.24195086,0
1507306488,22871235,253.00,1.00452313,0
1507306488,22871231,253.00,0.03886895,0
1507306488,22871230,253.00,0.01975786,0
1507306487,22871229,253.00,0.36000000,0
1507306487,22871227,253.00,1.79000000,0
1507306486,22871226,253.01,2.86314550,1
1507306486,22871225,253.06,0.04869201,1
1507306486,22871224,253.06,0.01979768,1
1507306486,22871223,253.53,1.55879800,1
1507306486,22871222,253.57,0.03757000,1
1507306486,22871221,254.37,0.31400000,1
1507306485,22871219,254.55,3.71920000,1
1507306485,22871218,254.55,3.71920000,1
1507306485,22871217,254.55,3.71920000,1
1507306485,22871216,254.55,3.71920000,1
1507306485,22871215,254.55,3.71920000,1
1507306485,22871214,254.55,3.71920000,1
1507306485,22871213,254.56,3.71900000,1
1507306485,22871212,254.56,3.71900000,1
1507306484,22871211,254.56,3.71900000,1
1507306484,22871210,254.56,1.97145459,1
1507306484,22871209,254.57,3.71890000,1
1507306484,22871208,254.57,2.75550600,1
1507306474,22871186,254.57,0.96339400,1
1507306474,22871185,254.57,3.71890000,1
1507306473,22871179,254.48,1.74754541,0
1507306472,22871177,254.48,2.93448859,0
1507306472,22871176,254.47,0.72454140,0
1507306472,22871175,254.05,0.05997001,0
1507306414,22871135,254.09,1.53668300,1
1507306413,22871133,254.06,1.00000000,0
1507306412,22871131,254.05,1.52720103,0
1507306412,22871130,254.05,1.00000000,0
1507306329,22871088,254.09,0.11961835,0
1507306329,22871087,254.09,1.03000000,0
1507306329,22871086,254.06,0.39074238,0
1507306323,22871083,254.06,0.80093762,0
1507306323,22871082,254.05,0.20000000,0
1507306309,22871072,253.05,0.00197694,1
1507306309,22871071,253.05,1.77430930,1
1507306309,22871070,253.05,1.47068749,1
1507306309,22871068,253.06,0.20000000,1
1507306298,22871064,254.17,1.76741506,0
1507306288,22871060,253.02,0.10000000,1
1507306285,22871057,254.18,4.68539900,0
1507306275,22871047,254.19,9.46674500,0
1507306266,22871040,254.70,0.86368158,0
1507306266,22871039,254.70,2.47721509,0
1507306266,22871038,254.70,1.33548533,0
1507306265,22871037,254.69,1.20882635,0
1507306265,22871036,254.69,0.20000000,0
1507306259,22871025,253.95,0.13319708,1
1507306259,22871024,253.95,0.43164402,1
1507306259,22871022,253.95,1.19515880,1
1507306259,22871021,253.96,0.20000000,1
1507306257,22871018,254.92,0.25000000,0
1507306257,22871017,254.92,1.27000000,0
1507306254,22871012,253.95,0.40410081,0
1507306254,22871011,253.95,0.88052056,0
1507306253,22871006,253.95,0.34597870,0
1507306253,22871004,253.95,0.77756341,0
1507306253,22871002,253.95,2.27671452,0
1507306251,22871001,253.94,2.24000000,1
1507306250,22870996,253.94,4.68487800,0
1507306246,22870988,254.93,1.12781477,0
1507306244,22870985,252.42,0.20000000,1
1507306243,22870984,252.42,0.31500000,1
1507306242,22870979,254.95,1.03790000,0
1507306242,22870978,254.95,0.24110000,1
1507306242,22870976,254.95,2.20302572,0
1507306242,22870975,254.75,0.10000000,0
1507306242,22870974,254.65,0.10000000,0
1507306242,22870973,254.55,0.10000000,0
1507306241,22870972,254.45,0.10000000,0
1507306241,22870971,254.35,0.10000000,0
1507306241,22870970,254.25,0.10000000,0
1507306241,22870969,254.15,0.10000000,0
1507306241,22870968,254.00,0.10000000,0
1507306241,22870967,254.00,0.31683100,0
1507306241,22870966,254.00,1.79658782,0
1507306241,22870965,253.90,0.10000000,0
1507306241,22870964,253.80,0.10000000,0
1507306240,22870963,253.72,1.56457600,0
1507306240,22870961,253.00,9.52687108,0
1507306240,22870960,252.96,0.03931408,0
1507306240,22870959,252.95,0.22000000,0
1507306240,22870958,252.89,0.04094457,0
1507306240,22870957,252.89,0.01985023,0
1507306240,22870956,252.84,1.10000000,0
1507306240,22870955,252.34,0.01989358,0
1507306240,22870954,252.33,0.03282373,0
1507306239,22870952,252.00,2.54607024,1
1507306238,22870950,251.40,5.93861932,0
1507306238,22870948,251.40,2.60654761,0
1507306238,22870947,251.40,0.62205400,0
1507306238,22870946,251.40,1.74982210,0
1507306238,22870945,251.45,2.00000000,1
1507306237,22870944,251.50,0.10000000,1
1507306237,22870942,251.59,0.24553008,1
1507306237,22870939,251.60,0.10000000,1
1507306237,22870937,251.60,4.00000000,1
1507306236,22870935,251.60,0.62205400,0
1507306236,22870930,251.66,4.04760172,1
1507306236,22870926,251.68,0.66162259,1
1507306236,22870924,251.68,3.92000000,0
1507306235,22870923,251.68,2.15411900,0
1507306235,22870922,251.68,7.77770900,0
1507306235,22870920,251.68,11.23115300,0
1507306235,22870917,251.68,1.69001700,0
1507306235,22870913,251.68,32.23098000,0
1507306235,22870911,251.68,0.17668700,0
1507306234,22870901,251.70,0.10000000,1
1507306234,22870897,251.70,12.38653307,1
1507306234,22870895,251.70,0.03282373,0
1507306234,22870893,251.70,0.01989358,0
1507306234,22870891,251.70,33.77808500,0
1507306233,22870887,251.70,9.59000000,0
1507306233,22870885,251.70,4.05440400,0
1507306233,22870884,251.70,1.15853175,0
1507306233,22870883,251.70,1.07087600,0
1507306232,22870878,251.75,0.44000000,0
1507306232,22870877,251.77,1.56357500,1
1507306232,22870876,251.77,0.05392323,0
1507306232,22870873,251.80,0.10000000,1
1507306231,22870872,251.80,8.52294920,1
1507306231,22870869,251.83,1.19053528,1
1507306231,22870867,251.84,0.43000000,1
1507306231,22870866,251.84,0.39662708,0
1507306231,22870862,251.90,1.45347218,1
1507306230,22870859,251.90,0.10000000,1
1507306230,22870858,251.90,0.24110000,0
1507306230,22870854,251.91,0.40028953,1
1507306230,22870850,252.00,27.71887784,0
1507306229,22870847,252.00,1.36550376,0
1507306228,22870846,252.00,5.61786540,0
1507306228,22870844,252.00,1.00000000,1
1507306228,22870842,252.00,0.56932648,1
1507306228,22870841,252.00,3.19000000,1
1507306228,22870840,252.00,1.38029147,1
1507306228,22870839,252.01,0.20000000,1
1507306227,22870837,252.87,3.95272540,0
1507306225,22870835,252.00,18.61970853,1
1507306225,22870834,252.00,0.10000000,1
1507306225,22870833,252.00,0.09303705,1
1507306225,22870832,252.01,0.82502748,1
1507306225,22870831,252.02,2.17000000,0
1507306224,22870830,252.02,1.02309213,0
1507306224,22870829,252.05,0.10000000,1
1507306224,22870828,252.10,0.10000000,1
1507306223,22870826,252.15,0.10000000,1
1507306223,22870825,252.20,0.10000000,1
1507306223,22870824,252.25,0.10000000,1
1507306223,22870823,252.25,0.04094457,0
1507306223,22870822,252.25,0.01985023,0
1507306222,22870821,252.30,0.10000000,1
1507306222,22870820,252.32,0.47000000,1
1507306222,22870819,252.33,0.38021638,1
1507306221,22870818,252.35,0.10000000,1
1507306221,22870815,252.39,1.05289782,1
1507306221,22870813,252.46,0.03931408,1
1507306220,22870812,252.69,1.56265100,1
1507306220,22870811,252.90,1.46781336,1
1507306220,22870810,252.92,1.63454099,1
1507306220,22870809,252.94,0.58065153,1
1507306219,22870808,252.98,0.20479879,1
1507306219,22870807,252.98,0.19262422,1
1507306219,22870806,252.98,0.49090837,1
1507306218,22870805,252.98,0.33192347,1
1507306215,22870802,253.00,1.07723320,0
1507306213,22870800,253.00,3.96000000,0
1507306212,22870799,252.99,3.95272540,1
1507306212,22870796,253.00,4.08745196,0
1507306211,22870794,253.00,10.87000000,0
1507306210,22870791,253.00,9.03078786,0
1507306209,22870788,253.00,1.04744641,0
1507306205,22870784,253.00,0.83847206,0
1507306204,22870781,253.00,2.43951156,0
1507306191,22870763,253.00,2.39808267,0
1507306190,22870758,253.00,15.00000000,0
1507306185,22870750,253.00,1.90676000,0
1507306182,22870746,253.00,0.12000339,0
1507306181,22870742,252.99,10.88000000,1
1507306180,22870738,253.00,10.88000000,0
1507306179,22870733,252.99,10.89000000,1
1507306178,22870724,253.00,1.74000000,0
1507306175,22870718,253.00,1.07715415,0
1507306174,22870716,252.99,0.48000000,0
1507306161,22870701,253.00,3.52984693,0
1507306160,22870700,252.99,0.43070596,0
1507306156,22870698,252.99,0.13929404,0
1507306152,22870688,252.99,0.34813392,0
1507306142,22870680,252.99,0.33186608,0
1507306142,22870678,253.00,0.33185770,0
1507306138,22870670,252.98,1.13465932,0
1507306138,22870669,252.99,0.13507583,1
1507306137,22870668,252.99,0.19683452,0
1507306137,22870667,252.99,0.46808174,0
1507306135,22870657,252.99,0.13508374,0
1507306126,22870653,252.99,0.47258784,1
1507306126,22870652,253.00,3.43000000,0
1507306121,22870650,253.00,0.48735177,0
1507306118,22870646,252.99,0.96000000,0
1507306107,22870637,252.99,0.58056133,0
1507306102,22870633,252.99,0.68943867,1
1507306099,22870630,252.99,0.68943788,0
1507306099,22870629,252.98,0.48735177,0
1507306097,22870625,252.92,2.43596290,1
1507306097,22870624,252.94,0.71384518,1
1507306089,22870620,252.99,0.41456184,1
1507306089,22870619,252.99,0.26600028,1
1507306078,22870602,253.00,2.59391304,0
1507306078,22870601,252.99,1.04916996,0
1507306078,22870600,252.99,0.58083004,0
1507306075,22870596,253.00,3.64272727,0
1507306075,22870595,253.00,0.58083005,0
1507306068,22870590,252.99,0.06501977,0
1507306068,22870589,252.99,0.65430830,0
1507306068,22870588,252.99,0.53067193,0
1507306063,22870582,252.98,1.01035574,0
1507306062,22870580,253.00,6.26000000,0
1507306061,22870579,252.99,1.93288610,1
1507306061,22870578,252.99,0.39711390,0
1507306059,22870574,252.93,1.66514000,0
1507306050,22870572,252.99,1.01288610,0
1507306047,22870568,252.99,0.47964426,0
1507306044,22870563,252.98,0.84827776,0
1507306034,22870558,253.00,0.20142292,0
1507306032,22870557,252.99,1.77000000,0
1507305993,22870550,252.98,2.00000000,0
1507305924,22870494,253.00,0.15992096,0
1507305924,22870493,252.99,2.13268775,0
1507305924,22870492,252.99,0.19731225,0
1507305923,22870490,252.98,2.13676856,0
1507305923,22870489,252.98,0.20000000,0
1507305920,22870481,252.97,1.27051507,1
1507305919,22870478,252.96,0.01977647,0
1507305919,22870476,252.96,0.01984473,0
1507305919,22870473,252.91,3.95272540,0
1507305912,22870466,252.46,0.01977647,1
1507305912,22870465,252.46,0.01984473,1
1507305909,22870463,252.39,0.92689536,1
1507305908,22870462,252.40,0.10000000,1
1507305908,22870461,252.42,1.56294200,1
1507305908,22870460,252.45,0.10000000,1
1507305907,22870459,252.46,0.44000000,1
1507305907,22870458,252.60,3.24000000,0
1507305907,22870457,252.60,3.14980808,1
1507305906,22870456,252.98,0.48035456,1
1507305893,22870450,252.99,1.18272540,1
1507305891,22870449,252.99,2.77000000,1
1507305888,22870448,253.00,0.80311000,0
1507305886,22870446,253.00,0.22122529,1
1507305886,22870445,253.00,0.75747035,1
1507305886,22870444,253.00,1.00054938,1
1507305881,22870434,253.00,2.99399607,0
1507305880,22870430,253.00,0.47582181,0
1507305879,22870427,253.00,1.62272727,0
1507305879,22870426,253.00,1.00569169,0
1507305879,22870425,253.00,0.89102200,0
1507305877,22870417,253.00,1.62268259,0
1507305877,22870416,253.00,5.78039525,0
1507305877,22870415,253.00,0.47533873,0
1507305875,22870408,253.00,6.64201581,0
1507305874,22870406,253.00,0.47479058,0
1507305872,22870399,253.00,0.28224717,0
1507305872,22870397,253.00,0.47569169,0
1507305871,22870393,253.00,0.47432343,0
1507305870,22870381,253.00,0.89050800,0
1507305868,22870366,253.00,0.26009635,0
1507305865,22870362,253.00,0.47358925,0
1507305862,22870358,253.00,1.00000000,0
1507305861,22870356,253.00,0.47312209,0
1507305858,22870352,253.00,0.47263913,0
1507305856,22870348,253.00,0.89051383,0
1507305855,22870347,253.00,0.06003223,0
1507305852,22870343,253.00,4.43146229,0
1507305850,22870341,253.00,1.17276679,0
1507305848,22870338,253.00,0.89758893,0
1507305848,22870337,253.00,3.27114752,0
1507305847,22870335,253.00,4.42718490,0
1507305846,22870329,253.00,3.47624505,0
1507305845,22870327,253.00,1.76698572,0
1507305844,22870324,253.00,3.25115967,0
1507305840,22870315,253.00,3.24954234,0
1507305840,22870311,253.00,1.00142292,0
1507305837,22870310,253.00,1.17616033,0
1507305835,22870306,253.00,3.39273920,0
1507305835,22870305,252.99,0.81963000,0
1507305835,22870302,252.99,1.24000000,1
1507305834,22870296,253.00,2.82000000,0
1507305833,22870291,253.00,0.10104300,0
1507305832,22870281,253.00,1.02375494,0
1507305832,22870277,253.00,0.03615105,0
1507305831,22870273,253.00,0.19227900,0
1507305829,22870270,253.00,2.21933973,0
1507305826,22870262,253.00,0.20290495,0
1507305826,22870259,253.00,0.48106719,0
1507305824,22870254,253.00,1.58237853,0
1507305823,22870250,252.99,0.48031620,0
1507305820,22870247,252.99,2.21542839,0
1507305815,22870243,252.99,0.06008517,1
1507305813,22870236,252.99,0.06008517,0
1507305809,22870233,253.00,4.22000000,0
1507305809,22870231,253.00,2.55300395,1
1507305809,22870230,253.00,2.58940711,1
1507305809,22870229,253.02,1.29420570,1
1507305809,22870228,253.04,1.56169400,1
1507305808,22870227,253.04,3.95194436,1
1507305808,22870226,253.05,1.13000000,1
1507305808,22870224,253.08,14.78917586,1
1507305799,22870204,253.48,0.06000613,0
1507305796,22870201,253.50,0.06002899,0
1507305771,22870182,253.63,0.85576854,0
1507305770,22870180,253.00,1.06310019,0
1507305770,22870178,253.00,2.22046692,0
1507305769,22870176,252.99,2.59318036,0
1507305769,22870175,252.99,2.55395256,0
1507305767,22870172,253.00,2.21936190,0
1507305766,22870170,253.00,1.12197100,0
1507305766,22870166,252.99,0.02080433,1
1507305765,22870164,253.00,4.02275566,0
1507305765,22870163,253.00,0.81000000,0
1507305763,22870159,253.00,2.21825683,0
1507305762,22870155,253.00,5.14240600,0
1507305762,22870153,253.00,5.00000000,0
1507305761,22870150,253.00,0.66606317,0
1507305758,22870142,253.00,2.21295751,0
1507305755,22870140,253.00,2.21189381,0
1507305752,22870127,253.00,2.21079069,0
1507305751,22870125,253.00,2.98378000,0
1507305749,22870122,253.00,2.20968760,0
1507305748,22870118,253.00,0.76375700,0
1507305745,22870114,253.00,2.20169148,0
1507305745,22870111,253.00,0.76375700,0
1507305741,22870102,253.00,2.21116346,0
1507305741,22870100,253.00,5.84189200,0
1507305728,22870086,253.00,1.57446100,0
1507305727,22870083,253.00,4.26492973,0
1507305726,22870079,253.00,1.32272727,0
1507305724,22870073,253.00,5.83643700,0
1507305722,22870068,253.00,0.36185200,0
1507305720,22870058,253.00,1.42359100,0
1507305717,22870050,253.00,2.31869000,0
1507305714,22870045,253.00,0.38744793,0
1507305709,22870040,253.00,0.38697548,0
1507305706,22870036,253.00,0.38656225,0
1507305703,22870032,253.00,0.38616197,0
1507305699,22870025,253.00,0.38580788,0
1507305697,22870023,253.00,5.83315700,0
1507305695,22870018,253.00,0.38539473,0
1507305695,22870015,253.00,2.36430300,0
1507305693,22870010,252.99,3.46526231,0
1507305693,22870009,252.99,1.40712500,0
1507305692,22870008,252.99,0.33490900,0
1507305692,22870007,252.99,0.85101516,0
1507305691,22870005,252.99,0.20538898,0
1507305687,22870001,252.99,0.38506625,0
1507305684,22869995,252.99,0.05388194,0
1507305683,22869992,252.99,0.33490118,0
1507305681,22869985,252.99,0.05356000,0
1507305678,22869980,252.99,1.40707509,0
1507305677,22869979,252.99,0.38476812,0
1507305675,22869976,252.99,0.24071963,1
1507305674,22869975,253.00,2.25199961,0
1507305674,22869973,253.00,0.10019000,0
1507305671,22869970,253.00,0.23011857,0
1507305670,22869969,253.00,2.59296391,0
1507305670,22869966,253.00,2.25059446,0
1507305665,22869961,253.00,2.00895679,0
1507305664,22869960,252.99,0.24030000,0
1507305660,22869953,253.00,2.24150355,0
1507305660,22869951,252.99,0.81249720,1
1507305659,22869950,253.00,1.21310883,0
1507305658,22869948,253.00,1.56120800,1
1507305658,22869947,253.00,2.23980582,1
1507305658,22869945,253.01,6.84000000,1
1507305658,22869944,253.11,0.31500000,1
1507305658,22869943,253.13,0.24030000,1
1507305657,22869942,253.15,0.20000000,1
1507305656,22869941,254.00,5.99090551,0
1507305656,22869939,253.93,1.95999990,0
1507305654,22869938,253.80,0.31683100,0
1507305654,22869937,253.79,4.87561298,0
1507305637,22869923,253.96,1.42505376,0
1507305637,22869922,253.96,5.39205255,0
1507305637,22869921,253.00,4.25152372,0
1507305636,22869919,253.00,3.44912040,0
1507305634,22869913,253.00,1.20852100,0
1507305634,22869912,252.99,0.31500000,1
1507305633,22869911,253.00,1.43607370,0
1507305631,22869904,253.00,0.10609568,0
1507305631,22869901,253.00,3.94664141,0
1507305630,22869898,253.00,2.89930082,0
1507305628,22869896,252.99,0.31846885,0
1507305628,22869895,252.99,1.05153115,0
1507305627,22869890,253.00,51.47612600,0
1507305626,22869883,253.00,16.16187000,0
1507305625,22869881,253.00,0.88891127,1
1507305624,22869879,253.02,1.43000000,1
1507305624,22869878,253.03,10.87000000,1
1507305624,22869877,253.34,1.56081600,1
1507305624,22869876,253.38,0.31500000,1
1507305573,22869848,253.98,0.08326000,0
1507305556,22869817,253.96,0.02872455,0
1507305556,22869816,253.95,9.83030288,0
1507305556,22869815,253.00,0.88697984,0
1507305556,22869811,253.00,1.85404420,0
1507305555,22869809,253.00,2.27470355,0
1507305555,22869806,253.00,4.01747035,0
1507305555,22869803,253.00,2.26151598,0
1507305552,22869790,253.00,0.97956700,0
1507305552,22869786,253.00,3.36017125,0
1507305551,22869778,253.00,1.15494071,0
1507305550,22869777,253.00,0.97956700,0
1507305550,22869775,253.00,1.20685597,0
1507305550,22869772,253.00,4.64387298,0
1507305550,22869771,252.99,0.31500000,0
1507305549,22869767,253.00,28.72742500,0
1507305549,22869766,253.00,4.64115600,0
1507305549,22869765,253.00,1.31615800,0
1507305549,22869764,253.00,1.30000000,0
1507305548,22869758,253.00,3.35840557,0
1507305548,22869756,253.00,0.67140126,0
1507305547,22869749,253.00,11.17949700,0
1507305547,22869748,253.00,4.75101500,0
1507305547,22869746,253.00,18.36230000,0
1507305547,22869745,253.00,1.16362995,0
1507305546,22869743,253.00,0.02559054,0
1507305544,22869738,253.41,0.31500000,1
1507305544,22869737,253.49,0.56873285,1
1507305537,22869728,253.97,4.95887298,0
1507305524,22869716,253.96,0.08000000,0
1507305519,22869709,253.49,0.31500000,1
1507305517,22869708,253.99,6.73251228,0
1507305516,22869706,253.50,0.05895652,0
1507305516,22869705,253.50,0.01980237,0
1507305515,22869703,253.49,4.10383700,0
1507305512,22869701,253.00,8.09002309,0
1507305512,22869700,253.00,0.05895652,0
1507305512,22869698,253.00,0.01980237,0
1507305512,22869697,253.00,50.72100000,0
1507305511,22869694,253.00,1.30916296,0
1507305511,22869693,253.00,2.14000000,0
1507305510,22869692,253.00,1.56062000,0
1507305510,22869690,253.00,15.00000000,1
1507305510,22869687,253.21,0.45000000,1
1507305510,22869686,253.31,3.87622130,1
1507305510,22869685,253.34,1.57000000,1
1507305510,22869684,253.36,14.78917586,1
1507305510,22869683,253.67,0.31500000,1
1507305510,22869682,253.98,0.10003790,1
1507305499,22869673,253.99,0.14386200,0
1507305471,22869656,253.99,1.39113700,0
1507305458,22869649,254.00,4.63195599,0
1507305439,22869636,254.00,13.91230200,0
1507305429,22869634,253.99,0.61032091,1
1507305423,22869632,254.00,0.08362400,0
1507305392,22869600,254.00,0.62621487,0
1507305389,22869597,254.00,0.84444881,0
1507305388,22869593,254.00,1.00000000,0
1507305386,22869589,254.00,1.24822900,0
1507305382,22869580,254.00,3.34840367,0
1507305380,22869575,254.00,0.23031496,0
1507305353,22869567,254.00,0.70339897,0
1507305353,22869566,254.00,0.64309457,0
1507305353,22869565,253.99,0.56585000,0
1507305351,22869564,253.99,0.50415000,0
1507305345,22869560,253.99,0.11779991,0
1507305336,22869555,253.99,0.09166448,1
1507305332,22869554,254.00,2.40151786,0
1507305330,22869550,254.00,0.38350882,0
1507305329,22869546,254.00,2.40151786,0
1507305324,22869532,254.00,0.23005170,0
1507305321,22869521,254.00,1.40735647,0
1507305320,22869517,254.00,4.08519100,0
1507305316,22869510,254.00,1.40595733,0
1507305313,22869507,254.00,10.85000000,0
1507305312,22869501,254.00,1.40447807,0
1507305310,22869499,253.99,1.31000000,1
1507305309,22869495,254.00,0.18532000,0
1507305308,22869490,254.00,1.40296560,0
1507305308,22869488,254.00,0.79255400,0
1507305305,22869482,253.99,2.16217661,0
1507305305,22869481,253.99,0.61027559,0
1507305305,22869478,253.99,1.40171510,0
1507305303,22869473,253.99,0.20000000,0
1507305302,22869469,253.99,1.40023594,0
1507305301,22869465,253.99,2.52547244,0
1507305301,22869464,253.99,0.61023086,0
1507305300,22869462,253.99,0.25296300,0
1507305298,22869460,253.99,0.44897039,0
1507305298,22869459,253.99,0.94985787,0
1507305297,22869456,253.99,0.61014213,1
1507305294,22869450,254.00,1.39738256,0
1507305293,22869446,254.00,3.74480314,0
1507305293,22869445,254.00,0.61019181,0
1507305290,22869437,254.00,3.74342519,0
1507305290,22869436,254.00,0.61015239,0
1507305290,22869434,254.00,0.10002002,0
1507305288,22869430,254.00,4.35208661,0
1507305286,22869423,254.00,0.10003002,0
1507305282,22869416,254.00,0.57086000,0
1507305282,22869415,253.98,0.50731603,0
1507305282,22869414,253.97,0.20000000,0
1507305280,22869413,253.98,0.21722537,1
1507305279,22869412,253.99,0.10004395,0
1507305276,22869400,253.99,1.59442921,0
1507305275,22869399,253.99,0.33631245,0
1507305275,22869397,253.99,0.61007874,0
1507305273,22869390,253.98,0.31400000,1
1507305272,22869389,253.99,0.94535433,0
1507305272,22869388,253.99,1.59091725,0
1507305270,22869382,254.00,1.58984905,0
1507305267,22869379,254.00,0.94472440,1
1507305267,22869378,254.00,4.92340007,1
1507305267,22869377,254.18,0.31400000,1
1507305267,22869376,254.20,0.20000000,1
1507305267,22869375,254.23,14.78917586,1
1507305218,22869354,254.82,3.62182430,0
1507305213,22869351,254.00,0.80056987,0
1507305212,22869345,254.00,0.70720472,0
1507305211,22869343,254.00,0.23590551,0
1507305210,22869342,254.00,5.06359190,0
1507305210,22869337,254.00,0.21673228,0
1507305209,22869336,254.00,0.23590551,0
1507305209,22869335,254.00,0.25334645,0
1507305208,22869325,254.00,11.77971000,0
1507305207,22869324,254.00,4.79494996,0
1507305205,22869316,254.00,0.21641733,0
1507305196,22869268,254.00,2.87811200,0
1507305195,22869267,254.00,0.66066929,0
1507305191,22869259,254.00,6.78971700,0
1507305165,22869248,254.00,2.17498848,0
1507305165,22869247,254.00,0.34956692,0
1507305161,22869237,254.00,5.50979785,0
1507305160,22869230,254.00,2.10877952,0
1507305160,22869223,254.00,0.88212598,0
1507305159,22869220,254.00,0.21629422,0
1507305158,22869218,254.00,0.23822834,0
1507305157,22869214,254.00,5.50080499,0
1507305156,22869212,254.00,0.12196850,0
1507305155,22869209,254.00,1.74547244,0
1507305155,22869206,254.00,0.23811023,0
1507305155,22869202,254.00,4.79670530,0
1507305153,22869198,254.00,9.84996000,0
1507305152,22869197,254.00,0.12181102,0
1507305152,22869196,253.99,0.58187498,1
1507305152,22869195,253.99,1.26812502,1
1507305151,22869192,254.00,0.12172158,0
1507305149,22869184,254.00,0.12169291,0
1507305148,22869180,253.99,0.73000000,1
1507305148,22869175,254.00,0.12172158,0
1507305144,22869173,254.00,0.21629961,0
1507305144,22869171,253.99,0.40580900,0
1507305143,22869167,253.99,1.79419100,0
1507305141,22869161,253.98,0.20000000,1
1507305137,22869154,254.00,4.39562361,0
1507305136,22869153,253.99,0.20000000,0
1507305136,22869152,253.23,1.11715441,0
1507305136,22869148,253.23,0.20000000,1
1507305133,22869138,254.00,0.12100161,0
1507305132,22869136,253.99,0.97541164,0
1507305132,22869132,253.99,0.21626836,1
1507305130,22869128,254.00,4.57343008,0
1507305130,22869127,254.00,0.34086614,0
1507305129,22869124,254.00,1.53861317,0
1507305129,22869122,254.00,1.31893700,0
1507305128,22869116,253.99,0.63892279,1
1507305128,22869114,253.99,1.16362603,1
1507305128,22869112,253.99,3.10221716,1
1507305127,22869110,254.00,0.23775869,0
1507305126,22869107,253.99,2.61000000,0
1507305126,22869103,253.98,0.47075082,1
1507305125,22869097,253.98,0.31400000,1
1507305125,22869095,254.00,9.96963000,0
1507305125,22869094,254.00,0.21582064,0
1507305124,22869093,253.99,0.87527067,0
1507305124,22869090,253.99,0.26842487,0
1507305123,22869085,253.99,1.21305806,0
1507305122,22869082,253.99,3.76913200,0
1507305121,22869079,253.99,0.93672321,0
1507305120,22869073,253.99,0.93956535,0
1507305119,22869069,253.99,1.18474108,0
1507305117,22869067,254.00,0.40679813,0
1507305117,22869065,254.37,1.55817600,1
1507305117,22869063,254.40,0.31400000,1
1507305117,22869062,254.45,0.21603458,1
1507305117,22869061,254.45,0.87294163,1
1507305117,22869060,254.45,0.23776031,1
1507305116,22869059,254.54,4.14104262,1
1507305116,22869058,254.55,0.47268450,1
1507305070,22869018,254.55,0.23776459,0
1507305068,22869013,254.55,1.72223531,0
1507305068,22869012,254.55,2.62637989,0
1507305067,22869003,254.55,0.47362011,0
1507305064,22868993,254.54,3.10020837,0
1507305059,22868981,254.55,0.78301523,0
1507305056,22868971,254.57,0.36162400,0
1507305040,22868962,254.52,0.72557357,0
1507305000,22868942,254.76,4.63898800,0
1507304998,22868941,254.77,0.09011000,0
1507304972,22868924,254.18,3.40101264,1
1507304972,22868923,254.98,3.85374707,1
1507304972,22868922,254.98,2.74524029,1
1507304971,22868920,254.98,0.92918322,0
1507304971,22868918,254.95,0.10000000,0
1507304971,22868917,254.85,0.10000000,0
1507304971,22868916,254.20,0.08496650,0
1507304971,22868915,254.20,0.02834844,0
1507304970,22868912,252.45,0.85490000,0
1507304970,22868910,252.45,0.34260936,0
1507304970,22868909,252.45,0.06711207,0
1507304970,22868908,252.45,0.27584478,0
1507304970,22868907,252.45,0.39505939,0
1507304969,22868902,252.50,0.91937440,1
1507304969,22868900,252.50,0.08062560,1
1507304969,22868899,252.50,0.10000000,1
1507304969,22868897,252.50,0.81937440,1
1507304969,22868893,253.00,0.17000000,0
1507304968,22868891,252.50,0.17584478,1
1507304968,22868890,252.50,0.10000000,1
1507304968,22868889,252.55,0.10000000,1
1507304968,22868888,252.55,0.86000000,0
1507304968,22868887,252.55,0.91026378,0
1507304967,22868885,252.60,0.10000000,1
1507304967,22868883,252.65,1.00000000,1
1507304967,22868882,252.65,0.10000000,1
1507304966,22868879,252.70,0.10000000,1
1507304966,22868878,252.75,0.10000000,1
1507304966,22868877,252.80,0.10000000,1
1507304965,22868873,252.85,0.10000000,1
1507304965,22868872,252.85,1.55907500,0
1507304965,22868871,252.90,0.10000000,1
1507304964,22868869,252.95,0.10000000,1
1507304964,22868865,253.00,1.47400000,1
1507304964,22868864,253.00,0.01081644,1
1507304964,22868863,253.00,0.50000000,1
1507304964,22868862,253.00,1.47209366,1
1507304964,22868860,253.00,15.00000000,1
1507304964,22868859,253.00,0.10000000,1
1507304963,22868858,253.00,1.00000000,1
1507304963,22868857,253.00,2.09790634,0
1507304963,22868856,253.00,1.65471975,0
1507304963,22868855,253.10,0.10000000,1
1507304963,22868854,253.17,1.44598007,1
1507304963,22868853,253.17,1.08801571,0
1507304962,22868852,253.20,0.10000000,1
1507304962,22868851,253.30,0.10000000,1
1507304962,22868850,253.40,0.10000000,1
1507304961,22868848,253.41,0.22000000,0
1507304961,22868847,253.41,0.08496650,0
1507304961,22868846,253.41,0.02834844,0
1507304961,22868845,253.50,0.10000000,1
1507304960,22868844,253.60,0.10000000,1
1507304960,22868843,253.60,0.47000000,0
1507304960,22868840,253.61,1.09000000,0
1507304960,22868838,253.70,0.10000000,1
1507304960,22868837,253.70,25.09290000,1
1507304959,22868836,253.80,0.10000000,1
1507304959,22868835,253.90,0.10000000,1
1507304959,22868834,253.94,0.03935580,1
1507304959,22868833,253.97,0.24000000,1
1507304958,22868831,254.00,18.00000000,1
1507304958,22868830,254.00,4.00000000,1
1507304958,22868829,254.00,0.10000000,1
1507304958,22868828,254.00,3.00000000,1
1507304958,22868826,254.10,0.10000000,1
1507304957,22868825,254.13,0.45000000,1
1507304957,22868822,254.14,0.65348545,1
1507304957,22868821,254.19,0.54018366,1
1507304956,22868819,254.20,0.10000000,1
1507304956,22868818,254.30,0.10000000,1
1507304956,22868817,254.30,1.55802000,0
1507304956,22868816,254.30,9.63191000,0
1507304955,22868815,254.31,6.11254404,1
1507304955,22868814,254.40,0.10000000,1
1507304955,22868813,254.45,0.01965023,1
1507304954,22868810,254.47,5.17456966,1
1507304954,22868806,254.49,1.55800600,1
1507304954,22868804,254.49,0.31378436,1
1507304953,22868802,254.50,2.36181143,1
1507304953,22868801,254.50,0.21630112,1
1507304953,22868799,254.50,12.59807465,1
1507304953,22868798,254.50,0.95737313,1
1507304946,22868797,254.98,0.07081678,0
1507304879,22868775,254.98,1.00000000,0
1507304814,22868723,254.99,0.17245403,0
1507304783,22868709,254.99,1.58181736,0
1507304686,22868656,254.99,0.34954410,0
1507304634,22868632,255.00,5.56482945,0
1507304621,22868629,255.00,1.21155953,0
1507304621,22868627,255.00,5.67552949,0
1507304620,22868619,255.00,1.21152178,0
1507304619,22868615,255.00,1.21150678,0
1507304619,22868611,255.00,5.67271266,0
1507304618,22868606,255.00,1.21160670,0
1507304617,22868602,255.00,1.22712712,0
1507304616,22868599,255.00,4.83168491,0
1507304602,22868583,255.55,1.14165865,0
1507304602,22868582,255.55,0.34753688,0
1507304593,22868574,254.50,4.72362287,0
1507304592,22868563,254.50,12.78172888,0
1507304592,22868562,254.50,0.69592400,0
1507304592,22868561,254.50,0.21585160,0
1507304591,22868557,254.50,1.20988369,0
1507304591,22868553,254.50,1.16094555,0
1507304590,22868547,254.50,1.21576211,0
1507304589,22868545,254.50,0.62190195,0
1507304589,22868542,254.50,2.42885352,0
1507304589,22868540,254.50,1.46859400,0
1507304588,22868539,254.50,12.42514700,0
1507304588,22868537,254.50,19.25359500,0
1507304588,22868536,254.50,4.10782100,0
1507304588,22868534,254.50,1.33965800,0
1507304587,22868533,254.50,5.67801690,0
1507304587,22868532,254.50,1.46995800,0
1507304587,22868529,254.50,3.60000000,0
1507304587,22868528,254.49,0.31300000,0
1507304586,22868524,254.50,1.16224167,0
1507304586,22868521,254.50,3.62670817,0
1507304586,22868520,254.50,9.60030000,0
1507304585,22868519,254.50,0.03925680,0
1507304584,22868512,254.58,1.55709000,1
1507304584,22868510,254.99,0.21580669,1
1507304584,22868509,254.99,1.98133260,1
1507304584,22868508,255.00,7.42000000,1
1507304539,22868484,255.00,0.00258633,1
1507304538,22868480,255.00,5.16231847,0
1507304537,22868475,254.99,2.62214707,0
1507304534,22868470,254.99,0.20011465,0
1507304532,22868465,254.99,0.20000000,0
1507304531,22868463,254.99,0.23748778,0
1507304531,22868461,254.99,1.09797556,0
1507304527,22868457,254.47,5.16231847,1
1507304527,22868456,254.50,20.00000000,1
1507304527,22868455,254.50,0.10000000,1
1507304527,22868454,254.50,0.06010906,1
1507304527,22868453,254.55,0.01991750,1
1507304526,22868452,254.55,4.30010775,1
1507304526,22868451,254.60,0.10000000,1
1507304526,22868450,254.61,4.53000000,1
1507304526,22868449,254.70,0.03922261,1
1507304526,22868448,254.70,0.10000000,1
1507304526,22868447,254.79,0.48000000,1
1507304526,22868446,254.82,30.00000000,1
1507304526,22868445,254.83,10.00000000,1
1507304526,22868444,254.84,0.26773085,1
1507304525,22868443,254.90,1.00000000,1
1507304525,22868442,255.00,1.55631500,1
1507304525,22868441,255.00,20.00000000,1
1507304525,22868440,255.00,0.49485288,1
1507304525,22868439,255.00,0.21576471,1
1507304525,22868438,255.00,0.49485708,1
1507304525,22868437,255.00,0.27580409,1
1507304525,22868436,255.11,0.31300000,1
1507304525,22868435,255.12,0.49000000,1
1507304405,22868308,255.59,3.25652800,0
1507304397,22868301,255.50,13.46812549,0
1507304396,22868300,255.50,5.98502351,0
1507304393,22868299,255.50,0.54685100,0
1507304393,22868298,255.49,0.27464800,0
1507304390,22868296,255.49,4.72535200,0
1507304213,22868185,255.44,0.54838000,0
1507304209,22868180,255.00,0.00247041,0
1507304208,22868177,255.00,0.49161078,0
1507304191,22868164,255.00,10.97180000,0
1507304179,22868159,255.00,1.00000000,0
1507304169,22868152,255.00,1.08896500,0
1507304169,22868151,255.00,10.77703500,0
1507304164,22868147,255.00,3.28015686,0
1507304159,22868135,255.00,0.47000000,0
1507304158,22868133,255.00,13.74366700,0
1507304153,22868129,255.00,0.12124900,0
1507304151,22868128,255.00,0.33011764,0
1507304147,22868127,255.00,1.74788235,0
1507304146,22868126,255.00,1.53207843,0
1507304136,22868119,255.00,1.16521800,0
1507304116,22868114,255.00,3.27774953,0
1507304116,22868113,255.00,1.67725047,0
1507304108,22868108,255.00,0.70000000,0
1507304102,22868102,255.00,2.88338800,0
1507304101,22868100,255.00,0.70000000,0
1507304096,22868097,255.00,0.42654900,0
1507304092,22868095,255.00,0.70000000,0
1507304085,22868093,255.00,0.70000000,0
1507304081,22868091,255.00,0.72051300,0
1507304067,22868084,255.00,0.70000000,0
1507304055,22868080,255.00,1.25958400,0
1507304038,22868068,255.00,5.00000000,0
1507304035,22868067,255.00,11.90505000,0
1507304031,22868066,255.00,0.50742500,0
1507304030,22868065,255.00,0.50000000,0
1507304027,22868063,255.00,0.38694684,0
1507303993,22868053,255.00,0.18711309,0
1507303983,22868049,255.00,10.30238501,0
1507303979,22868048,255.00,3.18274300,0
1507303970,22868044,255.00,0.69362161,0
1507303968,22868042,255.00,0.03047600,0
1507303951,22868038,255.00,2.31458824,0
1507303948,22868036,255.00,6.71859400,0
1507303940,22868031,255.00,0.23365000,0
1507303939,22868030,254.99,0.23800000,0
1507303939,22868029,254.98,0.26485000,0
1507303937,22868028,254.98,0.04715000,0
1507303932,22868025,255.00,0.19069140,0
1507303930,22868023,255.00,1.55608000,1
1507303930,22868022,255.00,26.26305989,1
1507303930,22868021,255.00,3.92387679,1
1507303930,22868020,255.01,5.31000000,1
1507303930,22868019,255.01,8.08841466,1
1507303930,22868018,255.02,0.23800000,1
1507303930,22868017,255.03,2.00000000,1
1507303798,22867955,255.98,0.32995449,0
1507303798,22867954,255.50,11.04201551,0
1507303735,22867929,255.01,2.29906043,1
1507303735,22867928,255.02,2.67506611,1
1507303734,22867927,255.02,0.30000000,1
1507303734,22867926,255.10,6.00000000,1
1507303734,22867925,255.21,0.33172967,1
1507303734,22867924,255.22,4.66914700,1
1507303734,22867923,255.22,3.24499679,1
1507303734,22867922,255.24,0.48000000,1
1507303710,22867907,255.31,4.66911200,1
1507303708,22867904,255.50,11.73786692,0
1507303665,22867850,255.50,5.26063090,0
1507303665,22867849,255.50,0.31311100,1
1507303665,22867848,255.50,5.15049587,1
1507303665,22867847,255.53,2.92000200,1
1507303664,22867846,255.53,0.18787780,1
1507303664,22867845,255.72,6.18000000,1
1507303664,22867844,255.73,6.69600000,1
1507303664,22867843,255.75,0.31200000,1
1507303664,22867841,255.78,0.20000000,1
1507303658,22867838,256.40,2.27294175,0
1507303655,22867836,256.39,1.55314067,0
1507303655,22867835,256.30,0.20000000,0
1507303577,22867804,256.52,3.70749023,0
1507303400,22867736,255.50,5.70200202,0
1507303399,22867735,255.50,6.86880000,0
1507303397,22867734,255.50,0.21694716,0
1507303397,22867733,255.50,0.08240500,0
1507303397,22867732,255.50,7.62000000,0
1507303396,22867731,255.50,11.13134286,0
1507303396,22867730,255.50,3.29842200,0
1507303396,22867729,255.75,0.30000000,1
1507303396,22867728,256.00,0.39035156,1
1507303396,22867727,256.08,7.62000000,1
1507303395,22867726,256.09,1.90000000,1
1507303395,22867725,256.10,4.78732440,1
1507303395,22867724,256.15,0.08240500,1
1507303247,22867667,256.10,0.80000000,0
1507303245,22867663,256.26,0.20000000,0
1507303138,22867615,256.16,2.85783300,0
1507303137,22867614,256.16,0.08216700,1
1507303137,22867613,256.16,0.20000000,1
1507302967,22867511,257.02,0.09512900,0
1507302949,22867501,257.02,0.03888410,0
1507302939,22867496,257.02,0.16675745,0
1507302794,22867373,256.99,0.05042998,0
1507302671,22867279,256.16,3.51000000,1
1507302639,22867265,256.88,1.00000000,0
1507302610,22867242,257.34,6.14771658,1
1507302610,22867241,257.34,1.31144250,1
1507302609,22867237,257.25,0.10000000,0
1507302609,22867236,257.25,1.83360400,1
1507302609,22867234,257.25,4.66160600,1
1507302608,22867232,257.21,0.19990004,0
1507302608,22867231,257.03,4.11761799,0
1507302608,22867230,256.92,0.47000000,0
1507302608,22867229,256.92,6.29700000,1
1507302607,22867228,256.82,0.33198943,0
1507302607,22867227,256.77,0.30000000,0
1507302607,22867226,256.75,0.11708098,0
1507302607,22867225,256.75,0.03911024,0
1507302606,22867224,256.74,10.38747509,0
1507302606,22867223,256.70,8.28940073,0
1507302606,22867222,256.60,1.00000000,0
1507302606,22867221,256.60,0.03917033,0
1507302606,22867220,256.60,0.19569471,1
1507302605,22867218,256.37,2.90884700,0
1507302605,22867216,256.17,0.01965023,0
1507302605,22867215,256.05,0.30000000,0
1507302604,22867213,256.02,4.66400800,0
1507302604,22867210,256.00,17.50000000,0
1507302604,22867209,256.00,4.00000000,0
1507302604,22867208,256.00,11.59274082,0
1507302602,22867194,255.98,6.52658476,0
1507302591,22867192,255.99,0.03894531,0
1507302574,22867180,255.99,4.24977538,1
1507302573,22867179,255.86,0.26773085,0
1507302573,22867178,255.84,0.82844442,0
1507302573,22867177,255.83,2.25043975,0
1507302571,22867176,255.67,0.20000000,0
1507302541,22867146,255.83,1.74956025,0
1507302539,22867144,255.79,0.20000000,0
1507302393,22867040,255.22,0.47009248,1
1507302392,22867039,255.26,0.20000000,1
1507302386,22867033,255.70,8.95723467,1
1507302386,22867031,255.22,1.22063994,1
1507302386,22867030,255.70,0.60000000,1
1507302353,22866964,255.70,0.20000000,1
1507302306,22866937,255.22,1.38876216,0
1507302306,22866934,255.23,0.20000000,1
1507302293,22866925,255.27,0.20000000,1
1507302137,22866811,255.83,3.00126000,0
1507302099,22866794,255.83,0.06000275,0
1507301989,22866749,255.83,1.01438455,0
1507301912,22866669,255.60,1.31278367,1
1507301840,22866649,255.84,0.51257812,0
1507301813,22866621,255.84,3.80786898,0
1507301813,22866620,255.84,1.47000000,1
1507301811,22866617,255.60,8.37764186,0
1507301807,22866612,255.60,1.31211643,0
1507301804,22866599,255.60,1.42550000,0
1507301804,22866597,255.60,1.42550000,0
1507301804,22866595,255.60,1.42550000,0
1507301803,22866585,255.60,0.47000000,0
1507301799,22866584,255.60,2.08935837,0
1507301797,22866583,255.15,1.89989830,1
1507301795,22866582,255.59,0.03910170,1
1507301770,22866575,255.60,0.82683763,0
1507301768,22866573,255.60,1.21280118,0
1507301766,22866568,255.60,1.31359077,0
1507301766,22866565,255.60,1.20907277,0
1507301751,22866546,255.60,0.17409910,0
1507301373,22866396,255.59,0.09753903,0
1507301292,22866367,255.59,0.26714875,0
1507301052,22866171,255.60,4.95540841,0
1507301052,22866169,255.60,1.88299093,0
1507300990,22866078,255.59,3.41831426,0
1507300990,22866077,255.59,1.88045286,0
1507300990,22866076,255.59,1.71954714,0
1507300947,22866049,255.58,0.39028875,0
1507300897,22866032,255.57,2.02958094,0
1507300853,22866018,255.57,0.97092773,0
1507300851,22866017,255.56,0.20000000,0
1507300847,22866013,255.59,0.44446291,0
1507300847,22866012,255.59,0.20000000,0
1507300831,22865978,255.02,0.21357600,1
1507300831,22865977,255.07,0.20000000,1
1507300829,22865972,255.60,1.46692746,0
1507300828,22865969,255.06,0.41357600,1
1507300828,22865968,255.06,0.19990004,0
1507300827,22865967,255.06,0.19999212,0
1507300826,22865965,255.02,0.20014000,1
1507300826,22865963,255.05,0.06643867,1
1507300825,22865955,255.05,0.61041000,1
1507300824,22865944,255.05,0.32315133,1
1507300824,22865942,255.06,0.01224018,1
1507300823,22865937,255.06,0.18775982,1
1507300762,22865874,255.60,0.09622027,0
1507300761,22865872,255.60,0.19118054,0
1507300573,22865730,255.60,3.01887221,0
1507300565,22865727,255.60,2.02543036,0
1507300550,22865724,255.58,0.03910320,1
1507300549,22865723,255.59,2.31545740,0
1507300500,22865710,255.58,0.56032874,0
1507300486,22865693,255.50,2.99000000,0
1507300485,22865692,255.49,0.31300000,0
1507300445,22865645,255.57,0.76560184,0
1507300348,22865542,255.00,2.31545740,0
1507300344,22865540,255.00,4.81194200,0
1507300344,22865539,255.00,11.83947000,0
1507300340,22865535,255.00,1.00923133,0
1507300338,22865531,255.00,1.06550227,0
1507300336,22865530,255.00,1.30571600,0
1507300326,22865519,255.01,2.99000000,1
1507300326,22865518,255.06,4.66268100,1
1507300229,22865408,255.60,0.06979656,0
1507300221,22865406,255.00,4.26414806,0
1507300221,22865405,255.00,26.21742652,1
1507300221,22865404,255.00,1.91687623,1
1507300221,22865403,255.11,0.31300000,1
1507300220,22865402,255.12,6.28854919,1
1507300220,22865401,255.26,1.00000000,1
1507300037,22865318,255.60,0.30046948,0
1507299957,22865268,255.60,1.00000000,0
1507299957,22865267,255.60,11.71344541,0
1507299942,22865262,255.60,4.68078040,0
1507299857,22865152,255.57,0.91724705,0
1507299827,22865139,255.11,0.61629828,0
1507299809,22865127,255.59,0.15839000,1
1507299808,22865126,255.59,0.40000000,0
1507299734,22865070,255.05,0.31264300,0
1507299734,22865067,255.50,0.10000000,1
1507299668,22864946,255.60,0.06722000,0
1507299611,22864899,255.60,0.19118415,0
1507299546,22864856,255.60,0.37686000,0
1507299434,22864790,255.60,1.33493409,0
1507299434,22864789,255.57,0.09241697,0
1507299432,22864785,255.56,0.57000000,0
1507299412,22864759,255.00,0.22578783,0
1507299412,22864758,255.00,0.34139502,0
1507299403,22864752,255.00,19.17400125,0
1507299393,22864745,255.00,2.00500000,0
1507299361,22864719,255.00,0.03400000,0
1507299347,22864709,255.00,0.03919220,0
1507299331,22864692,255.00,4.07000000,0
1507299274,22864668,255.00,0.78196565,0
1507299243,22864658,255.00,0.43035388,0
1507299143,22864514,255.00,3.12409200,0
1507299003,22864418,255.40,1.90482587,0
1507298908,22864306,255.57,0.78060805,0
1507298878,22864274,255.31,8.22742668,0
1507298875,22864272,255.31,1.80000000,0
1507298874,22864271,255.29,0.20000000,0
1507298866,22864265,254.78,2.57777777,1
1507298866,22864264,254.79,0.20000000,1
1507298535,22864121,255.60,1.58368814,1
1507298437,22864038,255.91,0.01945997,0
1507298409,22864012,255.80,2.06673182,0
1507298385,22863944,255.60,0.96583600,1
1507298326,22863916,255.60,29.13747586,1
1507298320,22863913,255.60,30.00000000,1
1507298282,22863899,255.60,30.00000000,1
1507298281,22863897,255.91,0.10126000,1
1507298280,22863895,255.91,3.72332209,0
1507298267,22863884,255.60,0.31300000,1
1507298264,22863881,255.60,0.20000000,1
1507298264,22863880,255.52,7.80000000,0
1507298239,22863873,255.60,0.20000000,1
1507298232,22863870,254.83,3.33011780,1
1507298230,22863868,255.07,0.31300000,1
1507298177,22863847,255.14,7.80000000,1
1507298175,22863846,255.17,0.20000000,1
1507298098,22863822,256.00,8.40725918,0
1507298098,22863821,256.00,0.20000000,1
1507298098,22863820,256.00,1.55598300,1
1507298097,22863819,255.99,0.50000000,0
1507298097,22863818,255.98,0.03917033,0
1507298096,22863817,255.90,2.05870154,0
1507298096,22863816,255.84,1.80000000,0
1507298096,22863815,255.80,4.09080704,0
1507298096,22863814,255.61,1.55661500,0
1507298095,22863813,255.53,2.48000000,0
1507298095,22863812,255.53,1.19168000,0
1507298095,22863811,255.10,1.99979960,0
1507298095,22863810,255.00,4.65196926,0
1507298093,22863808,254.99,8.51000000,0
1507297944,22863733,255.00,15.34803074,0
1507297944,22863732,255.00,4.21291044,0
1507297882,22863684,254.80,2.00000000,1
1507297879,22863683,255.00,0.03917033,0
1507297852,22863676,255.00,0.03917186,0
1507297816,22863669,255.00,3.70190013,0
1507297814,22863667,254.94,0.10296300,0
