date,tid,price,amount,type
1507334398,22887184,307.52,2.68706900,0
1507334330,22887173,307.46,6.52182691,1
1507334330,22887172,307.47,1.27817309,1
1507334327,22887171,307.78,0.06000000,1
1507334326,22887170,308.08,0.06000000,1
1507334326,22887169,308.08,0.26784180,1
1507334326,22887168,308.33,0.06000000,1
1507334270,22887153,308.40,0.00000025,1
1507334230,22887146,308.40,1.30968927,1
1507334230,22887145,308.53,0.02000773,1
1507334194,22887139,308.53,0.03999227,1
1507334194,22887138,308.68,0.06000000,1
1507334192,22887137,308.78,0.00000773,1
1507334069,22887067,308.78,0.99999227,1
1507334027,22887044,308.80,3.00000000,0
1507334025,22887043,308.78,2.00000000,0
1507334000,22887035,308.79,1.27840748,0
1507333991,22887021,308.40,0.38442317,1
1507333989,22887017,308.40,0.00018731,1
1507333989,22887016,308.70,0.26737569,1
1507333954,22886978,308.80,10.00000000,0
1507333944,22886970,308.79,0.58138343,0
1507333926,22886967,308.80,0.03069398,0
1507333921,22886966,308.80,1.24771350,0
1507333914,22886963,308.79,0.03069398,0
1507333895,22886961,308.80,0.91028834,0
1507333895,22886960,308.73,0.04000000,0
1507333895,22886959,308.73,0.02240000,0
1507333895,22886958,308.68,0.07116328,0
1507333895,22886957,308.66,0.19129902,0
1507333895,22886956,308.66,0.04325684,0
1507333882,22886952,308.66,0.03435422,0
1507333882,22886951,308.66,0.06227296,0
1507333882,22886950,308.51,1.16291830,0
1507333882,22886949,308.39,0.01886200,0
1507333871,22886940,308.30,0.28234763,1
1507333842,22886910,308.30,0.26778153,0
1507333839,22886909,308.30,0.06000000,0
1507333838,22886907,308.30,0.03922239,0
1507333838,22886905,308.30,0.23000000,0
1507333838,22886904,308.25,1.00000000,0
1507333838,22886902,308.25,0.05000000,0
1507333838,22886900,308.22,0.45373685,0
1507333800,22886885,307.81,0.10000000,0
1507333794,22886883,307.53,1.26937221,1
1507333780,22886854,307.81,5.00000000,1
1507333768,22886833,308.22,0.54626315,0
1507333768,22886832,308.19,0.41530764,0
1507333756,22886823,308.19,0.26785567,0
1507333747,22886820,308.19,0.31683669,0
1507333747,22886819,308.18,0.00001655,0
1507333747,22886818,308.18,0.21499925,0
1507333747,22886817,308.18,0.05430751,0
1507333747,22886816,308.17,0.69224748,0
1507333742,22886815,308.17,0.26788377,0
1507333737,22886814,308.17,0.03986875,0
1507333737,22886813,308.16,1.00000000,0
1507333737,22886812,308.16,0.23853873,0
1507333712,22886809,308.16,0.03080464,0
1507333712,22886808,308.13,1.00000000,0
1507333712,22886807,308.12,0.23142625,0
1507333638,22886760,308.02,0.21662805,1
1507333637,22886759,308.11,1.00000000,0
1507333616,22886753,308.02,0.05137545,0
1507333614,22886752,308.02,0.04862455,0
1507333614,22886751,308.01,0.26947437,0
1507333614,22886750,308.00,0.96030856,0
1507333591,22886740,307.43,0.86815291,1
1507333563,22886733,307.43,1.97410092,1
1507333532,22886716,307.42,0.96030856,1
1507333532,22886715,307.43,5.00000000,1
1507333532,22886714,307.54,0.00000265,1
1507333513,22886695,307.54,0.05999735,1
1507333513,22886694,307.74,0.06000000,1
1507333513,22886693,307.89,0.06000000,1
1507333513,22886692,308.00,0.24426265,1
1507333459,22886663,308.00,0.39800493,0
1507333459,22886662,308.00,3.35773242,0
1507333442,22886649,308.00,3.00000000,0
1507333440,22886646,308.00,1.27840748,0
1507333421,22886639,308.00,0.01386010,0
1507333421,22886638,308.00,0.13000000,0
1507333421,22886637,308.00,1.13454738,0
1507333395,22886633,307.99,1.27840748,1
1507333367,22886630,308.00,8.86545262,0
1507333367,22886629,308.00,0.05000000,0
1507333367,22886628,308.00,0.13000000,0
1507333367,22886627,307.99,2.56558960,0
1507333355,22886622,307.40,1.30570000,1
1507333344,22886620,307.99,1.48105732,0
1507333325,22886615,307.99,0.86344064,0
1507333325,22886614,307.99,4.18812974,0
1507333325,22886612,307.98,0.51877130,0
1507333310,22886607,307.34,0.51877130,1
1507333310,22886606,307.37,0.78692870,1
1507333307,22886604,307.99,0.26794413,0
1507333273,22886585,307.99,1.00000000,0
1507333265,22886583,307.99,0.69421144,0
1507333259,22886582,307.99,1.52089519,0
1507333258,22886581,307.99,0.41873194,0
1507333258,22886580,307.99,0.21127964,0
1507333257,22886579,307.99,1.27840748,0
1507333246,22886567,307.99,0.73868460,0
1507333227,22886550,307.99,0.63656115,0
1507333216,22886544,307.99,0.06472701,0
1507333206,22886536,307.99,0.08826315,0
1507333202,22886528,307.99,0.05000000,0
1507333186,22886497,307.99,1.27840748,0
1507333176,22886482,307.99,0.29284176,0
1507333176,22886481,307.98,0.04865824,0
1507333172,22886473,307.98,0.26794176,0
1507333165,22886464,307.28,0.31660000,1
1507333162,22886463,307.99,0.36082773,0
1507333162,22886462,307.99,0.26899489,0
1507333162,22886461,307.98,0.64858486,0
1507333147,22886453,307.70,0.76041214,0
1507333147,22886452,307.70,0.51799534,0
1507333124,22886439,307.70,1.33905592,1
1507333124,22886438,307.70,0.51799538,1
1507333122,22886433,307.98,0.78211769,0
1507333122,22886432,307.98,0.04506950,0
1507333122,22886431,307.90,0.10000000,0
1507333122,22886430,307.87,0.02250000,0
1507333122,22886429,307.76,0.32872029,0
1507333121,22886425,307.70,0.06493647,1
1507333117,22886418,307.70,0.55449785,1
1507333117,22886417,307.70,0.06514021,1
1507333114,22886415,307.50,0.06763469,0
1507333114,22886414,307.40,2.39073948,0
1507333108,22886409,307.41,1.45112660,1
1507333107,22886407,307.40,0.49376773,0
1507333106,22886402,307.40,5.26170000,1
1507333103,22886401,307.40,0.13830000,1
1507333102,22886399,307.40,0.89170000,1
1507333099,22886391,307.40,0.13830000,0
1507333091,22886381,307.50,0.06236531,0
1507333085,22886375,307.50,0.13835127,0
1507333083,22886370,307.05,0.06514021,1
1507333079,22886360,307.50,0.00000001,1
1507333077,22886357,307.50,0.13835128,1
1507333074,22886344,307.50,0.13004632,1
1507333074,22886343,307.51,0.13835128,1
1507333072,22886342,307.51,0.13000000,0
1507333070,22886339,307.76,1.17305692,1
1507333070,22886338,307.73,0.26972409,0
1507333070,22886337,307.63,0.00002610,0
1507333070,22886336,307.63,0.20978291,0
1507333070,22886335,307.63,0.06000000,0
1507333069,22886334,307.62,5.50000000,0
1507333069,22886333,307.57,0.26986086,0
1507333069,22886332,307.53,0.00000446,0
1507333068,22886331,307.53,0.19003489,0
1507333068,22886330,307.53,0.07985345,0
1507333068,22886327,307.51,1.00000000,0
1507333068,22886325,307.50,1.32199710,1
1507333067,22886324,307.46,0.09311283,0
1507333067,22886321,307.38,0.02479400,0
1507333067,22886318,307.35,0.08002012,0
1507333067,22886317,307.35,0.19003487,0
1507333067,22886316,307.34,0.44805451,1
1507333066,22886313,307.34,0.13252508,1
1507333065,22886309,307.34,0.22695803,0
1507333065,22886308,307.34,0.04310786,0
1507333063,22886303,307.02,1.32199710,1
1507333063,22886302,307.30,0.51800290,1
1507333063,22886299,307.30,0.32063321,1
1507333063,22886297,307.30,0.11449449,1
1507333062,22886296,307.32,0.01831651,1
1507333060,22886293,307.30,0.13278198,1
1507333059,22886289,307.30,0.13274342,1
1507333058,22886288,307.32,0.02026197,0
1507333058,22886286,307.31,0.03948927,0
1507333058,22886282,307.30,0.26825584,0
1507333058,22886279,307.30,0.00184499,0
1507333057,22886278,307.24,0.06271910,0
1507333057,22886277,307.23,0.00000002,0
1507333057,22886276,307.23,0.27016393,0
1507333057,22886275,307.17,0.26319634,0
1507333057,22886273,307.17,0.00701820,0
1507333057,22886272,307.11,0.27026232,0
1507333057,22886271,307.04,0.07519550,0
1507333055,22886268,307.00,1.84000000,1
1507333053,22886267,307.00,1.84000000,1
1507333051,22886265,307.04,0.02480450,0
1507333051,22886264,307.01,0.02250000,0
1507333050,22886263,307.00,0.03269550,0
1507333047,22886261,307.00,0.27000000,0
1507333034,22886239,307.00,6.99261000,0
1507333031,22886236,307.00,1.27840748,0
1507333027,22886231,307.00,2.54240000,0
1507333025,22886226,306.48,1.84000000,1
1507333003,22886223,306.37,1.84000000,1
1507332994,22886213,307.00,4.90626600,0
1507332989,22886212,307.00,3.97762102,0
1507332989,22886211,307.00,0.02000000,0
1507332989,22886210,307.00,0.90870098,0
1507332977,22886201,307.00,0.19129902,0
1507332976,22886200,307.00,0.07761106,0
1507332973,22886199,307.00,0.02238894,0
1507332973,22886198,307.00,0.84000000,0
1507332973,22886197,306.90,0.27045039,0
1507332973,22886196,306.86,0.27048444,0
1507332973,22886195,306.86,0.06000000,0
1507332972,22886194,306.67,0.27064980,0
1507332972,22886193,306.66,0.00000043,0
1507332925,22886160,306.64,1.95669170,0
1507332924,22886158,306.63,10.29000000,0
1507332924,22886155,306.24,0.16727430,0
1507332911,22886148,306.24,0.16727433,0
1507332898,22886134,306.13,0.06000000,1
1507332894,22886125,306.24,0.16727433,1
1507332892,22886122,306.24,0.16727433,1
1507332891,22886121,306.66,1.96452186,0
1507332891,22886119,306.24,0.16729614,0
1507332865,22886108,306.24,3.01452600,0
1507332829,22886074,306.24,3.18171771,1
1507332827,22886069,306.24,5.76546651,1
1507332826,22886066,306.24,3.27020925,1
1507332825,22886062,306.24,3.26866781,1
1507332823,22886057,306.24,3.26712034,1
1507332823,22886054,306.24,5.76260761,1
1507332821,22886048,306.24,3.26565021,1
1507332797,22886038,306.66,0.32640700,0
1507332784,22886031,306.66,0.14180000,0
1507332774,22886020,306.65,0.14190000,0
1507332741,22885986,306.66,0.91091111,0
1507332737,22885981,306.65,0.03922239,1
1507332737,22885980,306.65,0.23000000,0
1507332732,22885974,306.66,1.15635960,0
1507332731,22885973,306.63,0.43000000,0
1507332731,22885972,306.62,0.17069385,0
1507332731,22885971,306.62,0.10000000,0
1507332731,22885970,306.50,0.12734655,0
1507332730,22885968,306.50,0.14170000,0
1507332729,22885964,305.88,0.18657288,1
1507332725,22885961,306.50,0.14170000,0
1507332723,22885960,306.50,2.19283657,0
1507332723,22885959,306.49,2.80716343,0
1507332720,22885956,306.49,1.09104419,0
1507332720,22885955,305.87,0.18736329,0
1507332717,22885952,305.87,0.14180000,0
1507332706,22885938,305.85,0.95001200,1
1507332705,22885937,305.86,0.04000000,1
1507332703,22885932,305.87,3.63597382,0
1507332703,22885931,305.86,1.03486289,0
1507332703,22885930,305.86,1.03486289,0
1507332703,22885929,305.86,1.71164415,0
1507332703,22885928,305.86,0.24392225,0
1507332702,22885927,305.86,1.27840748,0
1507332686,22885924,305.86,0.18931442,1
1507332685,22885921,305.86,3.85226400,1
1507332682,22885916,305.87,1.03486289,1
1507332682,22885911,305.87,3.85226400,1
1507332680,22885902,305.87,0.11287311,1
1507332674,22885896,305.86,2.33609185,1
1507332673,22885895,306.50,0.26934337,0
1507332671,22885894,305.86,1.33356148,1
1507332671,22885893,305.89,0.04644536,1
1507332671,22885892,305.87,3.85176226,0
1507332670,22885886,305.87,1.14823774,1
1507332669,22885885,305.87,3.85176226,1
1507332666,22885875,306.50,0.12707351,0
1507332665,22885874,306.49,0.01670000,0
1507332665,22885873,306.46,0.26922192,0
1507332665,22885872,306.46,0.00161827,0
1507332665,22885871,306.41,0.03123972,0
1507332665,22885870,306.34,0.27094534,0
1507332665,22885869,306.34,0.02499000,0
1507332665,22885868,306.21,0.21499924,0
1507332665,22885867,305.86,1.38000684,1
1507332658,22885862,305.85,0.26947437,0
1507332657,22885861,305.85,1.14558623,1
1507332656,22885858,305.85,3.85441377,1
1507332655,22885853,306.21,0.00001655,1
1507332654,22885849,306.21,0.21499925,1
1507332642,22885844,306.21,0.21675696,0
1507332642,22885843,306.19,0.04994940,0
1507332642,22885842,306.16,0.02260000,0
1507332642,22885841,306.13,0.27112753,0
1507332642,22885840,306.07,0.06000000,0
1507332641,22885839,306.06,0.05426606,0
1507332641,22885837,306.06,0.10000000,0
1507332641,22885836,306.06,0.11672161,0
1507332641,22885835,306.05,0.27120061,0
1507332641,22885834,306.01,0.11578531,0
1507332617,22885827,306.01,0.36421469,0
1507332617,22885826,306.00,0.91419279,0
1507332592,22885813,306.00,1.27840748,0
1507332542,22885791,306.00,1.27840748,0
1507332531,22885786,305.60,3.85151931,1
1507332527,22885778,305.59,3.78856956,1
1507332525,22885774,305.59,3.91700468,1
1507332523,22885771,306.00,1.27840748,0
1507332522,22885770,306.00,0.25058477,0
1507332522,22885769,306.00,0.07634523,0
1507332512,22885763,306.00,0.92365477,0
1507332512,22885762,306.00,1.62164523,0
1507332502,22885757,306.00,1.25889532,0
1507332502,22885756,305.99,0.01951216,0
1507332463,22885741,305.99,0.98048784,0
1507332463,22885739,305.89,0.06000000,0
1507332463,22885738,305.61,0.23791964,0
1507332452,22885731,305.59,2.46304600,0
1507332447,22885726,305.59,3.91692729,1
1507332399,22885717,305.59,1.08321124,0
1507332397,22885713,305.59,3.91674100,1
1507332392,22885709,305.58,3.91664661,1
1507332294,22885691,305.59,3.91647973,1
1507332284,22885686,306.00,6.57780000,0
1507332282,22885685,306.00,0.57193536,0
1507332243,22885661,305.99,0.18707900,0
1507332237,22885660,306.00,0.26972409,0
1507332230,22885652,306.00,0.13000000,0
1507332230,22885651,305.90,0.26984728,0
1507332230,22885650,305.90,0.04506950,0
1507332230,22885649,305.90,0.06000000,0
1507332230,22885648,305.90,0.06000000,0
1507332230,22885647,305.90,0.00147045,0
1507332219,22885643,305.87,0.06000000,0
1507332219,22885642,305.86,0.27136896,0
1507332219,22885641,305.85,0.25386106,0
1507332219,22885640,305.85,0.01752070,0
1507332219,22885639,305.77,2.29000000,0
1507332219,22885638,305.72,0.20978290,0
1507332163,22885622,305.44,0.20552169,1
1507332161,22885621,305.45,0.90220400,1
1507332160,22885618,305.72,0.00002610,1
1507332159,22885615,305.72,0.20978291,1
1507332157,22885612,305.72,0.06000000,0
1507332153,22885610,305.68,0.22695803,1
1507332147,22885608,305.68,0.22842027,0
1507332147,22885607,305.62,0.27157973,0
1507332133,22885603,305.42,0.37437169,1
1507332129,22885600,305.61,2.33997792,0
1507332127,22885598,305.61,0.06000000,0
1507332116,22885593,305.60,5.00000000,0
1507332101,22885587,305.60,1.27840748,0
1507332077,22885582,305.59,1.27840748,0
1507332062,22885576,305.41,5.20524620,1
1507332058,22885573,305.41,5.75705827,1
1507332055,22885569,305.41,0.46460575,1
1507332052,22885565,305.41,3.91492011,1
1507332051,22885562,305.41,5.75396465,1
1507332050,22885559,305.41,3.78749855,1
1507332049,22885555,305.41,3.91377051,1
1507332047,22885554,305.60,1.16838827,0
1507332047,22885553,305.57,0.11001921,0
1507332018,22885535,305.57,0.08002012,1
1507332016,22885533,305.57,0.19003487,0
1507332015,22885529,305.57,0.00000446,1
1507332014,22885527,305.57,0.19003489,1
1507332003,22885517,305.57,0.19177796,0
1507332003,22885516,305.56,0.27163430,0
1507332003,22885515,305.54,0.27165859,0
1507332002,22885514,305.53,0.27166753,0
1507332002,22885513,305.52,0.27166910,0
1507331829,22885450,305.51,0.00004004,1
1507331828,22885449,305.44,1.29462196,0
1507331823,22885447,305.51,0.48949300,0
1507331816,22885445,305.51,0.27008099,0
1507331812,22885444,305.50,0.10000000,0
1507331812,22885443,305.49,0.17170330,0
1507331811,22885442,305.49,0.10000000,0
1507331811,22885441,305.48,1.00133400,0
1507331799,22885431,305.47,0.01273934,0
1507331799,22885429,305.33,1.17395966,0
1507331798,22885427,305.32,0.06000000,1
1507331796,22885423,305.48,3.70203800,0
1507331795,22885420,305.33,3.91308175,1
1507331791,22885413,305.33,3.91299340,1
1507331631,22885237,305.43,1.00000000,0
1507331630,22885236,305.36,2.76337464,0
1507331630,22885235,305.35,3.91000000,0
1507331360,22885144,305.32,3.91258008,1
1507331172,22885119,305.42,1.14259069,0
1507331172,22885118,305.40,0.06000000,0
1507331172,22885117,305.40,0.06000000,0
1507331172,22885116,305.40,0.67948165,0
1507331172,22885115,305.31,0.05792766,0
1507331162,22885114,304.72,3.52848152,1
1507331162,22885113,304.76,0.39085061,1
1507331162,22885112,304.80,0.26922192,1
1507331161,22885111,304.85,0.06000000,1
1507331161,22885110,304.87,3.90596533,1
1507331161,22885109,305.05,0.06000000,1
1507331161,22885108,305.20,0.06000000,1
1507330977,22885028,305.31,0.09207234,1
1507330974,22885025,305.31,0.15000000,1
1507330963,22885019,305.31,0.18000000,1
1507330961,22885017,305.31,0.44608057,0
1507330818,22884991,305.31,0.40535848,0
1507330817,22884990,305.30,2.34241698,0
1507330698,22884955,304.83,0.86299305,1
1507330638,22884928,304.83,2.34241698,1
1507330638,22884926,304.94,0.27045039,1
1507330638,22884925,304.99,0.06000000,1
1507330638,22884924,305.09,0.26825584,1
1507330638,22884923,305.14,0.06000000,1
1507330489,22884899,305.30,0.00000002,1
1507330475,22884894,305.30,0.27016393,1
1507330468,22884891,305.39,6.96538851,0
1507330468,22884890,305.34,0.05000000,0
1507330467,22884889,305.34,0.22183077,0
1507330467,22884888,305.31,0.27186332,0
1507330467,22884887,305.30,0.02508800,0
1507330467,22884886,305.30,0.02270000,0
1507330467,22884885,305.29,0.46000000,0
1507330466,22884884,305.28,0.43000000,0
1507330466,22884883,305.25,2.05683110,0
1507330454,22884882,305.24,0.86299305,0
1507330369,22884844,305.24,2.08271861,1
1507330359,22884843,305.24,10.25728139,0
1507330237,22884833,305.25,0.27026232,0
1507330234,22884832,305.25,2.51290658,0
1507330234,22884831,305.24,0.00000531,0
1507330234,22884830,305.24,0.27191485,0
1507330234,22884829,305.23,0.27176590,0
1507330234,22884828,305.17,0.06000000,0
1507330223,22884827,305.07,0.27198571,0
1507330223,22884826,305.00,13.69812105,0
1507330223,22884825,305.00,1.22889975,0
1507330213,22884822,305.00,1.14657815,0
1507330213,22884821,305.00,1.05075327,0
1507330198,22884819,305.00,0.84110015,0
1507330197,22884818,305.00,2.03454763,0
1507330197,22884817,305.00,0.10000000,0
1507330197,22884816,305.00,0.22061522,0
1507330197,22884815,305.00,1.64122907,0
1507330083,22884747,305.00,4.34460478,0
1507330080,22884746,305.00,0.12403600,0
1507330065,22884745,305.00,0.14220000,0
1507330062,22884743,305.00,1.27840748,0
1507330061,22884742,305.00,3.02761076,0
1507330053,22884736,305.00,0.12420600,0
1507330046,22884733,305.00,0.64099307,0
1507330046,22884732,304.99,0.51000000,0
1507330044,22884731,305.00,0.12741441,0
1507330038,22884730,305.00,1.66420000,0
1507330038,22884729,304.99,0.32580000,0
1507330037,22884728,304.99,0.14210000,0
1507330035,22884727,304.99,0.14210000,0
1507330032,22884726,305.00,2.43932700,0
1507330030,22884725,305.00,1.51151200,0
1507330030,22884724,304.99,0.44580000,0
1507330026,22884720,304.99,0.14210000,0
1507330020,22884716,304.99,0.14210000,0
1507330017,22884715,305.00,1.27840748,0
1507330017,22884714,305.00,0.41412880,0
1507330017,22884713,304.99,0.86000000,0
1507330006,22884706,305.00,1.99769727,0
1507330006,22884705,305.00,0.13804208,0
1507330006,22884704,305.00,3.05741531,0
1507330006,22884703,305.00,0.27402137,0
1507330006,22884702,305.00,1.08626659,0
1507330005,22884701,305.00,0.14180000,0
1507330003,22884699,305.00,2.31180000,0
1507330002,22884698,305.00,5.58261600,0
1507330002,22884697,305.00,0.30000000,0
1507330002,22884696,304.99,1.03000000,0
1507329969,22884682,304.99,1.22000000,0
1507329892,22884651,304.99,0.27064980,0
1507329889,22884650,304.99,0.96693301,1
1507329888,22884649,304.99,0.27205501,0
1507329888,22884648,304.97,0.45000000,0
1507329888,22884647,304.96,0.10000000,0
1507329887,22884646,304.95,0.06000000,0
1507329887,22884645,304.94,0.10148827,0
1507329887,22884644,304.87,0.27225500,0
1507329886,22884643,304.85,0.27226938,0
1507329886,22884642,304.83,0.27228347,0
1507329886,22884641,304.82,0.24492408,0
1507329883,22884639,304.82,0.02737220,0
1507329883,22884637,304.81,0.00173180,0
1507329858,22884628,304.77,0.12643837,0
1507329845,22884616,304.77,0.10636500,0
1507329842,22884614,304.77,0.03953600,0
1507329842,22884613,304.74,0.06000000,0
1507329627,22884582,304.70,0.27094534,0
1507329620,22884580,304.70,0.17410567,0
1507329620,22884579,304.67,0.06000000,0
1507329619,22884578,304.63,0.27246676,0
1507329619,22884577,304.63,0.27246676,0
1507329619,22884576,304.61,0.06000000,0
1507329619,22884575,304.57,0.27168541,0
1507329618,22884574,304.55,0.06000000,0
1507329618,22884573,304.55,0.06000000,0
1507329618,22884572,304.55,0.02914067,0
1507329618,22884571,304.55,0.24340000,0
1507329618,22884570,304.53,0.27255658,0
1507329617,22884569,304.45,0.06000000,0
1507329617,22884568,304.44,5.00000000,0
1507329617,22884567,304.41,0.06000000,0
1507329616,22884566,304.30,0.27276015,0
1507329616,22884564,304.26,0.06000000,0
1507329616,22884563,304.24,0.06000000,0
1507329614,22884560,304.22,0.06000000,0
1507329590,22884551,304.20,0.06000000,0
1507329590,22884550,304.20,0.06000000,0
1507329590,22884549,304.20,3.64813177,0
1507329589,22884548,304.20,2.32811100,0
1507329574,22884547,304.20,0.02360289,0
1507329572,22884546,304.20,3.51480945,0
1507329555,22884543,304.20,1.47338272,0
1507329554,22884542,304.20,3.00000000,0
1507329554,22884541,304.20,0.26252435,0
1507329551,22884540,304.20,1.77890238,0
1507329534,22884536,304.20,3.51480945,0
1507329530,22884533,304.20,1.00000000,0
1507329447,22884515,304.20,0.08310260,0
1507329444,22884514,304.20,2.10859904,0
1507329409,22884500,304.20,1.73323900,0
1507329391,22884497,304.20,0.25920900,0
1507329390,22884496,304.20,3.51480945,0
1507329373,22884489,304.20,3.51480945,0
1507329356,22884481,304.19,0.65236900,0
1507329343,22884479,304.20,1.13568754,0
1507329342,22884478,304.20,0.87912191,0
1507329342,22884477,304.19,1.50000000,0
1507329341,22884476,304.19,0.30000000,0
1507329314,22884453,304.20,4.72780600,0
1507329312,22884452,304.20,1.49934200,0
1507329307,22884450,304.19,2.14000000,0
1507329305,22884449,304.14,0.04506950,0
1507329305,22884448,304.09,0.27295005,0
1507329305,22884447,304.06,0.02925018,0
1507329305,22884446,304.06,0.16197794,0
1507329305,22884445,304.06,0.08174544,0
1507329256,22884421,304.00,0.00000032,0
1507329251,22884419,304.00,1.43904800,0
1507329217,22884405,303.88,2.09575693,0
1507329046,22884318,303.96,3.51191100,0
1507329003,22884312,303.84,3.15825065,1
1507329003,22884311,303.83,0.23000000,0
1507329002,22884310,303.83,0.12655880,0
1507328971,22884302,303.89,0.01653629,0
1507328937,22884298,303.47,0.01653629,0
1507328931,22884296,303.34,3.51480945,0
1507328927,22884295,303.34,0.17959000,0
1507328713,22884236,302.55,8.76766118,1
1507328699,22884229,302.97,0.01653629,1
1507328693,22884225,302.62,0.06000000,1
1507328693,22884224,302.82,0.06000000,1
1507328693,22884223,302.97,0.06000000,1
1507328689,22884217,303.86,0.27166910,0
1507328685,22884215,304.00,0.56095168,0
1507328685,22884214,304.00,0.06000000,0
1507328685,22884213,304.00,0.70000000,0
1507328685,22884212,304.00,0.50000000,0
1507328684,22884211,303.95,0.27307868,0
1507328684,22884210,303.90,2.00000000,0
1507328684,22884209,303.90,0.06000000,0
1507328684,22884208,303.90,0.06000000,0
1507328684,22884207,303.89,0.27312869,0
1507328684,22884206,303.88,41.32200000,0
1507328684,22884205,303.87,2.55000000,0
1507328684,22884204,303.82,0.06000000,0
1507328684,22884203,303.79,0.06000000,0
1507328684,22884202,303.73,0.06000000,0
1507328683,22884201,303.70,2.00000000,0
1507328683,22884200,303.68,1.16450210,0
1507328683,22884199,303.65,0.06000000,0
1507328683,22884198,303.65,0.06000000,0
1507328683,22884197,303.62,0.27337676,0
1507328683,22884196,303.61,0.30718160,0
1507328683,22884195,303.61,0.12111033,0
1507328683,22884194,303.61,0.06000000,0
1507328683,22884193,303.60,0.06000000,0
1507328683,22884192,303.55,1.37000000,0
1507328682,22884191,303.50,3.00000000,0
1507328682,22884190,303.50,2.00000000,0
1507328682,22884189,303.47,0.06000000,0
1507328682,22884188,303.45,0.06000000,0
1507328682,22884187,303.45,0.06000000,0
1507328682,22884186,303.44,0.06000000,0
1507328682,22884185,303.41,0.20000000,0
1507328682,22884184,303.39,0.06000000,0
1507328682,22884183,303.36,0.06000000,0
1507328682,22884180,303.36,0.03595217,0
1507328682,22884179,303.35,0.06000000,0
1507328681,22884178,303.35,0.10000000,0
1507328681,22884177,303.31,0.19244807,0
1507328681,22884176,303.31,0.08120000,0
1507328681,22884175,303.30,0.06000000,0
1507328681,22884174,303.30,0.06000000,0
1507328681,22884173,303.30,1.00000000,0
1507328681,22884172,303.25,0.06000000,0
1507328681,22884171,303.23,0.06000000,0
1507328681,22884170,303.21,0.10926992,0
1507328681,22884169,303.17,0.06000000,0
1507328569,22884125,303.08,5.76934156,0
1507328569,22884124,303.06,0.23000000,0
1507328521,22884100,303.08,6.46414520,0
1507328521,22884098,303.04,0.06000000,0
1507328521,22884097,303.00,2.09207080,0
1507328473,22884068,303.00,0.46801200,0
1507328472,22884067,303.00,0.06102300,0
1507328406,22884038,303.00,0.37889420,0
1507328406,22884035,303.00,0.06000000,0
1507328406,22884034,302.99,3.02000000,0
1507328405,22884033,302.98,2.01692980,0
1507328405,22884031,302.92,0.06000000,0
1507328405,22884030,302.86,0.06000000,0
1507328405,22884029,302.85,0.06000000,0
1507328405,22884027,302.79,0.60417600,0
1507328395,22884023,302.79,2.39582400,0
1507328395,22884022,302.78,0.06000000,0
1507328375,22884019,302.74,0.04506950,0
1507328374,22884018,302.74,0.06000000,0
1507328374,22884017,302.72,0.06000000,0
1507328374,22884016,302.70,0.06000000,0
1507328374,22884015,302.62,0.06000000,0
1507328374,22884014,302.60,0.06000000,0
1507328374,22884013,302.60,0.09955320,0
1507328374,22884012,302.57,0.09955320,0
1507328374,22884011,302.57,0.06000000,0
1507328349,22883999,302.56,0.06000000,0
1507328349,22883998,302.54,0.09955320,0
1507328349,22883997,302.51,0.09955320,0
1507328349,22883996,302.49,0.06000000,0
1507328349,22883995,302.45,0.06000000,0
1507328349,22883994,302.40,0.06000000,0
1507328205,22883967,302.37,10.49590162,0
1507328185,22883964,302.37,0.70006020,0
1507328185,22883963,302.38,1.43465716,1
1507328185,22883962,302.38,0.06000000,0
1507328184,22883961,302.37,0.06000000,0
1507328184,22883959,302.26,0.06000000,0
1507328184,22883958,302.25,0.06000000,0
1507328184,22883957,302.25,0.06000000,0
1507328184,22883956,302.24,0.50846990,0
1507328175,22883955,302.24,0.02443798,0
1507328162,22883949,302.24,0.14320000,0
1507328155,22883946,302.22,2.05119200,0
1507328146,22883924,302.11,0.06000000,0
1507328146,22883923,302.10,0.06000000,0
1507328120,22883914,302.08,0.02500000,0
1507328106,22883912,302.07,0.64913138,0
1507328106,22883911,302.01,0.06000000,0
1507328094,22883904,301.97,0.06658585,0
1507328088,22883897,301.97,3.22782605,0
1507328083,22883891,302.00,1.49957458,0
1507328083,22883890,302.00,0.17152318,0
1507328083,22883889,302.00,1.91890224,0
1507328080,22883886,301.98,0.08236488,0
1507328080,22883885,301.67,0.01663512,0
1507328077,22883883,301.15,0.00000922,0
1507328076,22883881,301.15,2.95700000,0
1507328073,22883875,301.15,14.24391203,0
1507328072,22883871,301.15,12.54225000,0
1507328072,22883870,301.15,64.29128500,0
1507328072,22883869,301.15,4.66587800,0
1507328072,22883868,301.15,5.16582000,0
1507328072,22883867,301.15,5.00000000,0
1507328070,22883866,301.15,0.01663512,0
1507328070,22883865,301.15,5.00000000,0
1507328069,22883864,301.17,6.13000000,1
1507328069,22883863,301.58,3.94354328,1
1507328069,22883862,301.99,0.04366735,1
1507328024,22883850,301.99,0.44561390,0
1507328024,22883849,301.99,0.08586200,0
1507328024,22883848,301.99,0.27332700,0
1507328024,22883847,301.99,1.62135600,0
1507328024,22883846,301.99,1.22457320,0
1507327893,22883828,301.56,0.47505929,1
1507327752,22883778,301.99,2.13375680,0
1507327752,22883777,301.99,1.46571000,0
1507327752,22883776,301.99,0.35161652,0
1507327752,22883775,301.99,0.80776248,0
1507327752,22883774,301.99,1.18267198,0
1507327751,22883773,301.99,1.24348702,0
1507327751,22883772,301.99,1.29339300,0
1507327751,22883771,301.99,0.34986848,0
1507327741,22883769,301.98,1.26118994,0
1507327724,22883766,301.97,1.11073370,0
1507327714,22883762,301.99,1.17263607,0
1507327714,22883761,301.94,0.09977114,0
1507327714,22883760,301.91,0.09977114,0
1507327714,22883759,301.88,0.09979100,0
1507327714,22883758,301.88,0.09977114,0
1507327714,22883757,301.85,0.09980093,0
1507327714,22883756,301.85,0.09979100,0
1507327714,22883755,301.85,0.09977114,0
1507327713,22883754,301.82,0.09980093,0
1507327713,22883753,301.82,0.09979100,0
1507327713,22883752,301.81,0.06000000,0
1507327713,22883751,301.79,0.09980093,0
1507327713,22883750,301.76,0.09980093,0
1507327713,22883749,301.75,2.11288832,0
1507327694,22883745,301.74,1.97784381,0
1507327677,22883744,301.65,1.12000363,0
1507327674,22883743,301.66,0.14370000,0
1507327666,22883742,301.68,0.71145942,0
1507327666,22883741,301.67,1.27000000,0
1507327563,22883725,301.61,1.75794434,0
1507327192,22883627,300.80,3.96610358,1
1507326902,22883528,300.93,1.11102887,1
1507326890,22883527,301.11,1.98591747,1
1507326890,22883526,301.12,3.94168489,1
1507326821,22883509,300.91,4.42445681,1
1507326679,22883455,301.73,0.06000000,0
1507326636,22883452,301.71,1.98866461,0
1507326636,22883451,301.70,5.58485463,0
1507326289,22883290,300.85,0.81991825,1
1507326019,22883200,301.71,0.16376900,0
1507325705,22883092,301.71,6.09594206,0
1507325705,22883091,301.41,0.01664950,0
1507325120,22882951,301.40,3.94146947,0
1507325084,22882944,300.93,1.27255113,0
1507325082,22882941,300.94,0.30432551,1
1507325067,22882938,300.91,0.01664950,0
1507325067,22882937,300.91,5.00000000,0
1507325066,22882935,300.91,3.94413595,0
1507325057,22882934,301.20,0.29880950,1
1507325038,22882924,301.65,3.61105397,1
1507325037,22882923,301.65,3.77394331,1
1507325037,22882922,301.66,0.37154063,1
1507325037,22882921,301.66,1.61822435,1
1507325012,22882918,301.66,0.00002999,0
1507325010,22882917,301.66,0.05997001,0
1507325006,22882902,301.65,3.76452842,0
1507324683,22882726,301.64,2.83376331,1
1507324673,22882716,301.63,0.18770644,1
1507324672,22882715,301.63,1.99123855,1
1507324672,22882714,301.61,0.09988046,0
1507324672,22882713,301.58,0.09988046,0
1507324672,22882712,301.55,0.09988046,0
1507324672,22882711,301.52,0.09988046,0
1507324672,22882710,301.48,0.67096236,0
1507324671,22882709,301.46,6.22531400,0
1507324671,22882708,301.40,3.49841313,0
1507324671,22882707,301.35,0.06000000,0
1507324671,22882706,301.10,0.06000000,0
1507324671,22882705,301.09,3.95308037,0
1507324671,22882704,300.90,0.06000000,0
1507324671,22882703,300.75,0.06000000,0
1507324155,22882558,300.45,2.85409959,1
1507324122,22882530,300.41,0.04674944,1
1507324122,22882527,300.41,2.07475292,1
1507324122,22882526,300.47,0.61445665,1
1507324115,22882522,300.51,3.00143138,1
1507324004,22882430,300.44,3.33862372,1
1507323997,22882428,300.80,5.00000000,1
1507323963,22882408,300.70,2.32777666,0
1507323963,22882406,300.69,3.94350966,0
1507323839,22882360,300.40,0.50549972,1
1507323826,22882348,300.70,0.36200000,0
1507323825,22882345,300.38,0.21517100,1
1507323824,22882344,300.39,4.35582632,1
1507323824,22882343,300.39,0.15207360,1
1507323824,22882342,300.40,3.07779273,1
1507323823,22882340,300.39,0.49210008,1
1507323823,22882339,300.56,0.09988046,1
1507323822,22882337,300.59,0.09988046,1
1507323822,22882336,300.65,0.06000000,1
1507323816,22882295,300.67,0.00012600,1
1507323816,22882294,300.90,0.06000000,1
1507323816,22882291,301.10,0.06000000,1
1507323816,22882289,301.25,0.06000000,1
1507323566,22882152,301.36,0.70284780,0
1507323566,22882151,301.13,2.18000000,0
1507323559,22882147,300.64,0.45355507,1
1507323548,22882141,300.62,0.09988046,1
1507323548,22882140,300.65,0.09988046,1
1507323548,22882139,300.67,5.00000000,1
1507323482,22882102,301.16,8.27451938,0
1507323431,22882073,301.06,0.07729356,0
1507323413,22882065,301.08,2.82850000,0
1507323355,22882043,300.30,2.84957995,1
1507323346,22882036,300.89,0.01667832,0
1507323345,22882035,300.27,1.99074297,1
1507323345,22882034,300.39,0.01667832,1
1507323345,22882033,300.75,0.26500000,1
1507323338,22882025,300.26,2.02819446,0
1507323338,22882024,300.27,10.26000000,0
1507323338,22882023,300.27,3.94350966,0
1507323337,22882022,300.39,0.06000000,1
1507323337,22882021,300.69,0.06000000,1
1507323337,22882020,300.80,0.09980093,1
1507323336,22882019,300.83,0.09980093,1
1507323336,22882018,300.86,0.09980093,1
1507323336,22882016,300.89,0.09980093,1
1507323335,22882015,300.94,0.06000000,1
1507323335,22882014,300.97,5.00000000,0
1507323335,22882013,301.14,0.06000000,1
1507323333,22882011,301.29,0.77913289,0
1507323333,22882010,301.29,0.06000000,1
1507323314,22881972,301.40,1.98900000,0
1507323202,22881881,301.40,4.32279362,0
1507323200,22881879,301.39,0.64155073,0
1507323191,22881873,301.39,1.17767313,0
1507322963,22881797,300.92,0.10078846,1
1507322962,22881794,300.93,2.32792044,1
1507322943,22881788,300.94,1.71843540,0
1507322931,22881782,300.94,0.73059264,1
1507322893,22881765,301.40,0.18979325,0
1507322893,22881764,301.39,1.99077607,0
1507322892,22881763,301.39,3.92846389,0
1507322892,22881762,301.24,0.06000000,0
1507322892,22881761,301.09,0.06000000,0
1507322478,22881426,300.79,1.64000000,0
1507322476,22881425,300.90,0.06000000,1
1507322231,22881323,301.05,0.06000000,1
1507322069,22881170,301.16,0.06000000,0
1507321922,22881083,300.88,0.00000008,0
1507321889,22881066,300.88,1.11284800,0
1507321709,22880974,300.77,0.33341224,1
1507321507,22880909,300.86,0.06630991,0
1507321478,22880881,300.85,4.69401800,1
1507321431,22880865,300.85,5.24598200,1
1507321431,22880864,300.86,0.09979100,1
1507321431,22880863,300.89,0.09979100,1
1507321431,22880862,300.92,0.09979100,1
1507321427,22880859,301.18,2.73464500,0
1507321314,22880819,301.32,0.06000000,1
1507320757,22880639,301.43,8.27451938,0
1507320603,22880585,301.43,3.90352268,0
1507320583,22880584,300.81,3.25493771,1
1507320583,22880583,300.82,0.67096236,1
1507320554,22880563,300.83,6.26433400,0
1507320533,22880555,300.83,4.64218062,0
1507320478,22880544,301.69,0.39781000,0
1507320474,22880543,300.84,6.89590000,0
1507320471,22880542,300.83,0.19000000,0
1507320469,22880541,301.09,0.06000000,1
1507320442,22880525,301.10,0.18740000,0
1507320431,22880518,301.27,0.06000000,0
1507320430,22880517,301.27,0.06000000,0
1507320430,22880516,301.27,0.06000000,0
1507320429,22880515,301.27,5.33018533,0
1507320429,22880514,301.27,6.50000000,1
1507320380,22880495,301.80,4.84860000,0
1507320349,22880485,301.75,0.48158533,0
1507320275,22880457,300.89,0.75045103,1
1507320264,22880452,300.85,3.92634865,0
1507320263,22880451,300.85,2.52633541,1
1507320262,22880450,300.85,1.78074072,1
1507320262,22880449,300.85,0.69292387,1
1507320252,22880406,300.82,0.53735155,1
1507320252,22880405,300.89,0.09977114,1
1507320252,22880404,300.92,0.09977114,1
1507320252,22880402,300.95,0.09977114,1
1507320252,22880401,300.98,0.09977114,1
1507320252,22880400,301.02,0.06000000,1
1507320251,22880397,301.22,0.06000000,1
1507320251,22880395,301.30,3.92846389,1
1507320251,22880394,301.31,5.00000000,1
1507320251,22880393,301.37,0.06000000,1
1507320024,22880275,301.98,1.18249552,0
1507320024,22880273,301.97,0.47000000,0
1507320023,22880272,301.94,0.66934083,0
1507320023,22880271,301.93,4.89804900,0
1507320022,22880270,301.75,0.06000000,0
1507320022,22880269,301.55,0.06000000,0
1507320022,22880268,301.50,2.70299126,0
1507320022,22880267,301.50,0.09991696,0
1507320020,22880266,301.49,0.23422279,0
1507319930,22880152,301.46,2.60492663,1
1507319927,22880150,301.46,0.08000000,1
1507319917,22880145,301.46,1.49625000,1
1507319862,22880126,301.49,0.24570059,0
1507319813,22880083,301.48,3.45000000,1
1507319809,22880081,301.49,3.04989082,0
1507319748,22880058,301.49,0.40000000,0
1507319735,22880055,301.47,0.09991696,0
1507319732,22880054,301.44,0.09991696,0
1507319722,22880050,301.41,0.09991696,0
1507319716,22880041,301.40,0.06000000,0
1507319716,22880040,301.40,0.06000000,0
1507319716,22880039,301.38,1.98985700,0
1507319716,22880038,301.25,4.00959163,0
1507319715,22880037,301.10,0.06000000,0
1507319715,22880036,301.08,3.00000000,0
1507319715,22880035,301.00,0.24250499,0
1507319436,22879935,301.00,0.59149501,0
1507319436,22879934,300.85,0.06000000,0
1507319434,22879933,300.65,0.01134500,0
1507319381,22879916,300.65,0.04865500,0
1507319197,22879838,300.50,0.06000000,0
1507319121,22879805,300.20,1.07035894,0
1507319121,22879804,300.20,1.86945500,0
1507319120,22879803,300.20,1.31654200,0
1507319113,22879798,300.20,2.00000000,0
1507319094,22879783,300.20,3.50639000,0
1507319093,22879782,300.20,1.45452300,0
1507319093,22879781,300.20,2.20065600,0
1507319093,22879780,300.20,4.65746000,0
1507319089,22879777,300.20,0.34508648,0
1507319086,22879776,300.20,2.44918200,0
1507319086,22879775,300.20,2.16368800,0
1507319074,22879769,300.20,1.64348600,0
1507319072,22879766,300.20,0.77088608,0
1507319067,22879765,300.20,7.20838400,0
1507319062,22879759,300.20,1.44112300,0
1507319060,22879757,300.20,14.38383400,0
1507319057,22879756,300.20,9.44944600,0
1507319053,22879753,300.20,0.93047090,0
1507319039,22879750,300.20,29.99999988,0
1507319038,22879749,300.20,0.07127500,0
1507319037,22879747,300.20,0.81760400,0
1507319029,22879745,300.20,29.99999988,0
1507319020,22879743,300.20,11.78964061,0
1507319020,22879742,300.19,0.17938739,0
1507318930,22879719,300.20,28.43000000,0
1507318925,22879716,300.20,0.50000000,0
1507318874,22879703,300.20,1.57000000,0
1507318870,22879702,300.20,10.00000000,0
1507318858,22879696,300.20,8.29016849,0
1507318850,22879693,300.20,9.60506461,0
1507318809,22879677,300.20,8.65000000,0
1507318805,22879676,300.20,8.12039800,0
1507318805,22879674,300.20,1.52848100,0
1507318765,22879664,300.20,7.83948000,0
1507318750,22879654,300.20,0.02000000,0
1507318746,22879653,300.11,7.98760000,1
1507318746,22879652,300.12,2.01240000,1
1507318743,22879647,300.20,1.23804000,0
1507318735,22879637,300.20,1.23535790,0
1507318734,22879635,300.20,1.22615308,0
1507318733,22879633,300.20,1.22607820,0
1507318732,22879631,300.20,20.00000000,0
1507318731,22879630,300.20,20.00000000,0
1507318721,22879626,300.20,1.78035971,0
1507318704,22879614,300.20,0.50095900,0
1507318650,22879602,300.19,2.00000000,0
1507318640,22879600,300.20,1.79123041,0
1507318640,22879599,300.19,0.20240000,0
1507318640,22879598,300.19,3.58000000,0
1507318593,22879575,300.12,2.98760000,1
1507318576,22879573,300.01,1.60138298,1
1507318576,22879572,300.02,4.00959163,1
1507318576,22879571,300.04,0.06000000,1
1507318576,22879570,300.07,25.00000000,1
1507318575,22879569,300.08,5.00000000,1
1507318561,22879566,300.20,0.50000000,0
1507318560,22879565,300.20,10.52702439,0
1507318560,22879564,300.34,0.06000000,1
1507318560,22879563,300.35,6.01014300,1
1507318302,22879476,300.35,1.98985700,1
1507318301,22879475,300.45,0.09991696,1
1507318301,22879474,300.48,0.09991696,1
1507318301,22879473,300.51,0.09991696,1
1507318301,22879472,300.54,0.09991696,1
1507318301,22879471,300.56,0.20240000,1
1507318301,22879470,300.59,0.06000000,1
1507318301,22879469,300.61,0.07739965,1
1507318300,22879468,300.79,0.06000000,1
1507318300,22879466,300.94,0.06000000,1
1507318271,22879446,301.07,1.01391703,0
1507318038,22879373,301.05,0.07109162,1
1507318033,22879372,301.06,1.01395071,0
1507317996,22879367,301.05,2.41108300,1
1507317961,22879349,301.02,0.21642538,0
1507317960,22879348,301.02,0.50000000,0
1507317960,22879347,301.02,2.69860000,1
1507317934,22879342,301.08,0.00048288,1
1507317802,22879288,301.08,0.80432002,1
1507317724,22879244,301.08,3.16519710,1
1507317724,22879243,301.10,0.44561390,1
1507317716,22879236,301.10,0.08586200,1
1507317715,22879235,301.10,0.27332700,1
1507317712,22879233,301.10,1.62135600,1
1507317636,22879206,301.10,3.35833000,1
1507317636,22879205,301.10,1.46571000,1
1507317636,22879204,301.10,1.15937900,1
1507317632,22879201,301.10,2.42615900,1
1507317606,22879189,301.10,1.29339300,1
1507317588,22879150,301.10,1.52250455,1
1507317588,22879148,301.28,0.67610788,1
1507317588,22879146,301.28,0.66934083,1
1507317588,22879144,301.33,0.21969174,1
1507317587,22879138,301.33,1.01531400,1
1507317586,22879126,301.33,0.11044346,1
1507317570,22879049,301.33,3.16903900,1
1507317562,22879020,301.33,1.34544900,1
1507317549,22879005,301.33,5.61836900,1
1507317546,22879002,301.33,7.20538600,1
1507317542,22878999,301.30,6.31630780,0
1507317541,22878996,301.30,3.47369220,1
1507317536,22878985,301.77,1.32215521,0
1507317444,22878914,301.31,0.18000000,1
1507317400,22878880,301.28,1.88098057,0
1507317399,22878879,301.35,0.06000000,1
1507317399,22878878,301.55,0.06000000,1
1507317399,22878877,301.70,0.06000000,1
1507317399,22878876,301.78,0.26359143,1
1507317390,22878875,301.96,2.32457200,1
1507317368,22878863,301.96,1.20189400,1
1507317368,22878862,301.99,3.29560400,1
1507317355,22878859,301.99,2.32457200,1
1507317330,22878845,301.99,8.34150100,1
1507317281,22878830,301.99,3.20463800,1
1507317274,22878821,301.99,1.80449000,1
1507317262,22878813,301.99,0.23799500,1
1507317248,22878798,301.96,1.37813400,1
1507317243,22878789,301.93,0.55598500,1
1507317243,22878788,301.96,1.51083900,1
1507317242,22878786,301.96,1.44262300,1
1507317226,22878779,301.96,0.88663800,1
1507317132,22878758,301.93,3.28185400,1
1507317127,22878756,301.93,1.44262300,1
1507317089,22878753,301.90,0.24000000,1
1507317087,22878752,301.90,0.03304000,1
1507317065,22878714,301.84,9.31190000,1
1507317013,22878706,301.81,0.15359868,1
1507316956,22878681,302.00,0.06622297,0
1507316762,22878637,301.78,0.23584525,1
1507316762,22878636,301.84,0.05734433,1
1507316760,22878635,301.95,0.02463262,1
1507316574,22878581,301.84,0.00265567,1
1507316574,22878580,301.95,3.79857686,1
1507316471,22878549,301.95,3.12082314,1
1507316471,22878548,301.95,2.76920000,1
1507316467,22878547,301.92,6.78940000,1
1507316464,22878545,301.95,1.97480000,1
1507316310,22878471,301.83,0.02572200,1
1507316254,22878458,301.80,0.53784109,0
1507316253,22878457,301.80,1.42020000,1
1507316230,22878448,301.77,1.12630000,1
1507316203,22878442,301.77,0.20000000,1
1507316073,22878411,301.67,0.27612200,1
1507316050,22878402,302.35,0.03365800,0
1507316037,22878397,302.31,6.94659752,0
1507316037,22878396,302.06,3.92129248,0
1507316037,22878395,302.00,0.20170000,0
1507316037,22878394,301.99,0.26500000,0
1507315949,22878362,301.44,0.80615324,1
1507315936,22878357,301.65,0.06000000,1
1507315935,22878356,301.90,0.06000000,1
1507315935,22878355,302.10,0.06000000,1
1507315935,22878354,302.25,0.06000000,1
1507315923,22878349,301.23,0.26500000,1
1507315923,22878347,301.23,5.04762500,1
1507315920,22878344,301.22,1.72036325,1
1507315920,22878343,301.23,0.39980009,1
1507315917,22878340,301.23,1.00616966,0
1507315917,22878339,301.23,1.94222886,0
1507315913,22878336,301.22,0.76616973,1
1507315913,22878335,301.23,0.24000000,1
1507315913,22878334,301.52,0.91920890,1
1507315913,22878333,301.75,0.20170000,1
1507315913,22878332,301.78,3.92129248,1
1507315842,22878283,302.36,15.95766957,1
1507315840,22878280,302.36,3.92233043,0
1507315840,22878279,302.17,0.06000000,0
1507315840,22878278,302.02,0.06000000,0
1507315224,22877917,301.72,1.47245900,0
1507315224,22877916,301.40,5.30447195,1
1507315224,22877915,301.53,0.06000000,1
1507315223,22877914,301.55,0.09955320,1
1507315223,22877913,301.58,0.09955320,1
1507315223,22877912,301.61,0.09955320,1
1507315223,22877911,301.64,0.09955320,1
1507315223,22877910,301.70,2.00000000,1
1507315223,22877909,301.72,1.86742085,1
1507315223,22877908,301.78,0.06000000,1
1507315223,22877907,301.98,0.06000000,1
1507315223,22877906,302.13,0.06000000,1
1507315128,22877864,302.14,3.71475000,1
1507315110,22877855,302.14,1.13630807,0
1507314835,22877741,302.15,1.00000000,0
1507314815,22877735,302.15,0.48300000,0
1507314777,22877723,302.24,1.07673750,1
1507314774,22877719,302.24,1.86463800,1
1507314769,22877717,302.24,0.12000000,0
1507314767,22877716,302.03,0.06000000,0
1507314709,22877697,302.02,0.24000000,1
1507314696,22877689,302.02,7.30977879,1
1507314696,22877688,302.02,13.42337021,1
1507314670,22877668,302.02,0.49193300,1
1507314659,22877660,301.80,0.63413696,0
1507314659,22877659,301.80,9.17596864,0
1507314647,22877654,301.80,1.98537215,0
1507314632,22877653,301.80,1.57453850,0
1507314627,22877652,301.80,0.26412071,0
1507314627,22877651,301.78,0.67587929,0
1507314627,22877650,301.73,0.06000000,0
1507314596,22877640,301.67,0.80535453,1
1507314595,22877638,301.67,0.80422148,1
1507314594,22877636,301.67,0.80535453,1
1507314592,22877634,301.66,2.93999990,0
1507314592,22877633,301.48,0.66976635,0
1507314592,22877632,301.48,0.06000000,0
1507314588,22877631,301.33,0.01665392,0
1507314581,22877624,301.28,0.06000000,0
1507314571,22877618,301.27,1.99163513,1
1507314570,22877617,301.27,14.53917586,0
1507314560,22877601,301.27,8.22000000,1
1507314536,22877580,301.27,0.61185100,1
1507314518,22877568,301.04,4.00106372,0
1507314518,22877567,301.00,0.02512000,0
1507314471,22877540,300.36,0.02512000,0
1507314340,22877501,300.36,0.03488000,0
1507314340,22877500,300.35,0.26500000,0
1507314163,22877431,300.06,1.89038661,1
1507314163,22877430,300.06,4.00106372,1
1507314163,22877429,300.11,0.04475026,1
1507314162,22877428,300.65,0.26500000,1
1507314162,22877427,300.70,0.04466245,1
1507314162,22877426,300.78,0.10000000,1
1507314162,22877424,300.79,0.10000000,1
1507314161,22877423,300.80,0.10000000,0
1507314160,22877422,300.80,0.10000000,1
1507314160,22877420,300.80,0.63413696,1
1507314123,22877380,300.80,13.00000000,1
1507313998,22877354,301.27,0.38752613,0
1507313996,22877353,301.13,0.06000000,0
1507313961,22877342,300.82,0.48061041,1
1507313960,22877341,301.00,0.67114630,1
1507313942,22877326,301.12,3.69604557,1
1507313910,22877317,300.83,4.02009042,0
1507313903,22877311,300.82,0.19526888,1
1507313903,22877310,300.82,0.66976635,1
1507313842,22877269,300.83,0.50000000,0
1507313840,22877267,300.83,10.97900000,1
1507313833,22877265,300.96,3.80000000,0
1507313832,22877264,300.96,2.05490958,0
1507313832,22877263,300.97,8.64600000,1
1507313657,22877123,300.83,5.96413208,0
1507313656,22877121,300.83,6.11921400,1
1507313656,22877120,300.83,0.01665392,1
1507313654,22877118,300.82,0.65523541,1
1507313654,22877117,300.83,14.89600000,1
1507313639,22877108,302.00,14.44876459,1
1507313637,22877104,302.00,70.70700000,1
1507313624,22877102,302.00,7.90000000,1
1507313599,22877087,302.01,3.75000000,0
1507313593,22877084,302.01,4.15000000,1
1507313592,22877083,302.02,0.69356334,0
1507313558,22877072,302.20,10.76444650,1
1507313478,22877019,302.02,1.76463800,1
1507313463,22877013,302.02,0.10000000,1
1507313446,22877006,302.00,0.14662800,1
1507313445,22877005,302.00,7.99105095,1
1507313445,22877004,302.01,4.50000000,1
1507313445,22877003,302.01,0.06000000,1
1507313445,22877002,302.14,1.24395305,1
1507313395,22876982,302.14,1.22854695,1
1507313395,22876981,302.27,1.24395305,1
1507313389,22876973,302.27,3.00075475,1
1507313387,22876972,302.27,1.56019220,1
1507313387,22876970,302.27,2.05860000,1
1507313387,22876969,302.40,2.68688380,1
1507313384,22876967,302.40,2.88837000,1
1507313382,22876965,302.40,2.43824163,1
1507313382,22876964,302.40,7.00200000,1
1507313373,22876922,302.40,4.45130457,1
1507313373,22876916,302.41,0.10000000,1
1507313373,22876913,302.41,0.59976443,1
1507313348,22876900,302.41,0.07920304,1
1507313338,22876888,302.41,0.79417700,1
1507313331,22876885,302.41,0.06000000,0
1507313269,22876874,302.40,0.41980000,1
1507313262,22876873,302.40,2.48000000,1
1507313262,22876872,302.29,0.06000000,0
1507313260,22876871,302.28,7.88740000,0
1507313222,22876863,302.14,0.34320000,1
1507313205,22876844,302.16,0.06000000,1
1507313049,22876815,302.27,1.53335850,0
1507313049,22876814,302.14,0.06000000,0
1507313049,22876813,301.76,0.04506950,0
1507313034,22876799,301.75,1.10822361,0
1507313020,22876792,301.69,0.68933997,0
1507313020,22876791,301.69,0.84322400,0
1507313020,22876790,301.68,0.26500000,0
1507312997,22876781,301.55,5.74689105,1
1507312990,22876778,301.54,15.00000000,1
1507312985,22876776,301.55,0.20160000,1
1507312984,22876774,301.65,0.29346211,1
1507312973,22876768,301.74,1.27700000,0
1507312964,22876764,301.65,0.01663789,1
1507312964,22876763,300.93,1.91538560,1
1507312964,22876762,300.93,1.47000000,1
1507312964,22876761,301.12,0.01663789,1
1507312963,22876759,301.23,2.38522361,1
1507312963,22876757,301.24,0.71810690,1
1507312963,22876755,301.39,1.53250000,1
1507312963,22876754,301.39,0.31010000,1
1507312962,22876753,301.40,6.33044600,1
1507312962,22876752,301.41,0.20160000,1
1507312960,22876750,301.52,0.12000000,1
1507312906,22876733,301.16,1.53256397,1
1507312906,22876731,301.17,6.46623700,1
1507312872,22876703,301.12,0.38429539,1
1507312872,22876702,301.12,0.26500000,1
1507312842,22876683,302.00,0.25000000,0
1507312832,22876678,301.99,0.25000000,0
1507312813,22876649,302.09,3.16234384,1
1507312813,22876648,302.09,1.22870000,1
1507312813,22876647,302.09,0.15000000,1
1507312811,22876645,302.09,10.08100000,1
1507312810,22876644,302.09,3.90414168,0
1507312810,22876643,302.08,1.25000000,0
1507312810,22876642,301.68,0.20500000,0
1507312810,22876641,301.64,0.01663678,0
1507312792,22876626,300.90,6.62811700,1
1507312792,22876625,300.91,0.00000020,1
1507312791,22876624,300.91,1.99266800,1
1507312782,22876620,300.89,10.17073492,0
1507312778,22876619,301.13,0.06000000,1
1507312770,22876616,301.14,0.01663678,0
1507312770,22876615,301.14,12.78373778,1
1507312764,22876614,301.38,0.26500000,1
1507312763,22876613,301.38,0.06000000,1
1507312751,22876608,301.58,0.06000000,1
1507312744,22876590,301.70,0.54742713,0
1507312744,22876589,301.69,1.43639645,0
1507312743,22876588,301.68,2.96468590,0
1507312743,22876587,301.59,5.68129052,0
1507312743,22876586,301.59,0.27620000,0
1507312741,22876583,301.59,0.27620000,0
1507312740,22876579,301.59,0.27620000,0
1507312739,22876576,301.69,0.27620000,0
1507312738,22876575,301.69,0.27620000,0
1507312737,22876573,301.71,0.27620000,0
1507312735,22876571,301.70,0.27620000,0
1507312734,22876570,301.71,0.24280000,0
1507312733,22876565,301.71,0.55150000,1
1507312732,22876563,301.71,6.09000000,1
1507312718,22876538,302.00,2.63172308,1
1507312718,22876537,302.00,3.98115400,1
1507312717,22876535,302.00,37.00121600,1
1507312716,22876532,302.00,5.18134000,1
1507312716,22876531,302.00,11.36000000,1
1507312716,22876530,302.00,0.61756063,1
1507312716,22876529,302.01,0.38243937,1
1507312713,22876522,302.01,1.60300400,1
1507312669,22876491,302.01,10.10000000,1
1507312663,22876488,302.00,7.18601170,1
1507312650,22876480,302.12,12.43155826,0
1507312650,22876479,302.01,0.06000000,0
1507312650,22876478,301.84,0.00040471,0
1507312628,22876463,301.59,1.66465592,1
1507312628,22876462,301.70,0.72761711,1
1507312622,22876459,301.70,0.06694832,1
1507312622,22876458,301.73,0.06000000,1
1507312622,22876457,301.75,0.00000068,1
1507312620,22876454,301.75,2.39662000,1
1507312599,22876413,301.75,1.50752100,1
1507312501,22876309,301.84,0.67411081,0
1507312458,22876296,301.68,0.01663457,0
1507312457,22876295,301.66,0.06000000,0
1507312432,22876280,301.45,3.62182410,0
1507312432,22876279,301.45,2.47282980,0
1507312432,22876278,301.45,0.08683180,0
1507312412,22876275,301.45,0.89213774,0
1507312412,22876274,301.44,1.99044586,0
1507312411,22876273,301.42,1.73086370,0
1507312394,22876260,300.45,1.57000000,1
1507312380,22876247,301.45,5.27479646,0
1507312380,22876246,301.45,1.27010580,0
1507312380,22876245,301.44,8.19000000,0
1507312380,22876244,301.42,3.91196927,0
1507312380,22876243,301.00,1.35095077,0
1507312363,22876232,301.00,0.48513141,0
1507312358,22876230,301.00,10.71938182,0
1507312349,22876229,301.00,7.60347600,0
1507312134,22876167,301.40,1.77990800,0
1507312075,22876107,301.42,0.84609736,0
1507312075,22876106,301.36,0.06000000,0
1507312075,22876105,301.24,0.66970264,0
1507312071,22876100,301.23,11.95612200,1
1507312071,22876098,301.11,0.06000000,0
1507312070,22876097,300.91,0.06000000,0
1507312070,22876096,300.76,0.06000000,0
1507312060,22876086,300.05,0.44955670,0
1507312059,22876082,300.05,0.55044330,1
1507312023,22876043,300.07,20.18345300,0
1507312020,22876038,300.07,6.66000000,1
1507312014,22876035,300.06,3.03654700,1
1507312014,22876034,300.20,0.06000000,1
1507312014,22876033,300.35,0.06000000,1
1507311988,22876000,300.45,3.62182410,1
1507311980,22875998,300.45,2.47282980,1
1507311979,22875997,300.46,0.68371720,1
1507311977,22875996,300.45,6.25376600,1
1507311972,22875989,300.45,1.27010580,1
1507311972,22875988,300.46,4.82457120,1
1507311971,22875986,300.46,1.00000000,1
1507311970,22875982,300.46,0.06585880,1
1507311963,22875979,300.46,1.62240000,1
1507311962,22875978,300.47,0.85042980,0
1507311948,22875929,300.47,1.36047136,1
1507311948,22875928,300.58,0.66970264,1
1507311942,22875924,301.30,4.24363477,0
1507311942,22875923,300.88,0.22922754,0
1507311942,22875922,300.88,0.67451551,0
1507311936,22875917,300.88,0.22922836,1
1507311935,22875914,300.88,0.44528716,1
1507311923,22875903,300.58,0.78942740,1
1507311918,22875902,300.58,0.10507997,0
1507311904,22875875,300.88,0.09995002,1
1507311892,22875867,300.99,0.05997001,1
1507311864,22875850,301.25,0.83297260,1
1507311862,22875816,301.21,0.20196810,0
1507311862,22875815,301.13,10.00000000,0
1507311862,22875814,301.13,0.80381830,0
1507311862,22875813,301.13,3.68674100,0
1507311848,22875799,301.12,0.20120000,1
1507311836,22875789,301.25,0.13000000,1
1507311786,22875711,301.00,0.85411800,1
1507311785,22875707,301.00,1.24566198,1
1507311785,22875706,301.18,0.01663457,1
1507311785,22875704,301.20,0.39737545,1
1507311784,22875698,301.20,1.26229700,1
1507311784,22875697,301.25,0.23000000,1
1507311770,22875649,301.26,0.23000000,1
1507311761,22875636,301.26,7.11581171,1
1507311761,22875634,301.27,14.69433199,1
1507311746,22875604,301.20,8.18985630,0
1507311743,22875593,301.20,1.21237700,0
1507311743,22875592,301.20,4.63991443,0
1507311742,22875587,301.20,11.57968300,0
1507311741,22875584,301.20,0.26500000,0
1507311740,22875583,301.20,0.20120000,0
1507311740,22875582,301.20,3.91196927,1
1507311737,22875569,301.19,1.21237807,1
1507311736,22875566,301.19,0.55820000,1
1507311735,22875564,301.18,0.09484387,1
1507311735,22875563,302.93,0.69780000,1
1507311733,22875561,303.06,0.22340000,1
1507311733,22875560,303.06,2.98395613,1
1507311731,22875554,303.06,1.21225851,1
1507311730,22875551,303.06,0.47525900,1
1507311724,22875547,303.06,0.15989000,1
1507311724,22875546,303.06,1.09000000,1
1507311713,22875532,303.06,7.42000000,1
1507311713,22875531,303.06,0.80000000,1
1507311699,22875520,303.06,4.01183636,1
1507311699,22875519,303.07,1.98487764,1
1507311699,22875518,303.19,5.88637000,1
1507311682,22875509,303.19,0.03923000,1
1507311649,22875485,302.94,0.06000000,0
1507311614,22875480,302.93,2.82648483,1
1507311561,22875467,302.93,0.59319610,1
1507311556,22875463,302.92,0.63951907,0
1507311555,22875461,302.92,1.34120191,0
1507311555,22875460,302.80,0.49621000,0
1507311555,22875459,302.80,0.20160000,0
1507311555,22875457,302.80,2.88417167,0
1507311555,22875456,302.79,5.07411642,0
1507311552,22875451,302.80,1.01498121,1
1507311545,22875441,302.80,0.39738800,1
1507311544,22875436,302.80,0.39000000,1
1507311544,22875435,302.80,0.35723888,1
1507311544,22875432,302.80,0.39546345,1
1507311543,22875430,302.80,0.46671771,1
1507311525,22875416,302.80,9.71505944,1
1507311525,22875415,302.49,0.06000000,0
1507311525,22875414,302.09,0.06000000,0
1507311523,22875410,301.74,0.06000000,0
1507311499,22875384,301.51,0.23160284,1
1507311499,22875383,301.52,0.90883690,1
1507311499,22875382,301.66,0.15206026,0
1507311497,22875380,301.66,8.60000000,1
1507311478,22875365,301.53,4.93851568,0
1507311477,22875364,301.53,1.51428184,1
1507311435,22875302,301.44,0.06000000,0
1507311435,22875301,301.19,0.06000000,0
1507311435,22875300,300.99,0.00002999,0
1507311434,22875299,300.99,0.05997001,0
1507311431,22875293,300.88,0.00547935,0
1507311429,22875289,300.88,0.25952065,0
1507311426,22875285,300.84,0.00002999,0
1507311426,22875284,300.84,0.05997001,0
1507311412,22875267,300.57,2.45856994,1
1507311412,22875266,300.57,0.20160000,1
1507311412,22875265,300.58,0.26500000,1
1507311404,22875239,300.54,3.12489405,1
1507311402,22875232,302.51,0.12111033,1
1507311395,22875211,302.53,1.88915288,1
1507311392,22875201,302.54,0.00000003,1
1507311392,22875195,302.54,6.07999997,1
1507311391,22875194,302.67,0.96957203,1
1507311390,22875182,302.67,1.96056118,1
1507311390,22875180,302.80,0.63533582,1
1507311384,22875160,302.79,3.04628027,1
1507311382,22875154,302.77,6.41215660,1
1507311382,22875153,302.78,1.36666900,1
1507311382,22875152,302.78,6.00000000,1
1507311381,22875150,302.78,10.00000000,1
1507311379,22875140,302.83,0.05000008,0
1507311347,22875088,303.21,0.16447347,0
1507311288,22875078,303.20,0.06000000,0
1507311269,22875059,303.18,0.24421208,0
1507311243,22875050,303.18,0.02955340,0
1507311189,22875042,303.06,0.09816045,1
1507311151,22874995,302.80,1.88770000,1
1507311140,22874977,302.67,1.02053902,1
1507311140,22874976,302.79,0.72320000,1
1507311140,22874975,303.05,1.16450000,1
1507311138,22874974,302.92,1.16450000,1
1507311126,22874960,302.79,0.72320000,0
1507311125,22874959,302.92,1.16450000,1
1507311124,22874957,302.79,0.72320000,1
1507311124,22874955,302.79,0.46000000,1
1507311124,22874953,302.79,1.16450000,1
1507311002,22874902,302.43,1.00000000,1
1507310965,22874895,302.53,2.01000000,1
1507310827,22874796,303.00,1.98026338,1
1507310823,22874794,303.00,1.00961333,1
1507310823,22874793,303.00,1.86000000,1
1507310821,22874792,303.00,1.40000000,0
1507310821,22874791,303.00,1.73034154,0
1507310821,22874790,303.00,1.26965846,0
1507310821,22874789,303.00,1.00000686,0
1507310821,22874788,303.00,12.66758315,0
1507310820,22874787,302.99,1.98026338,0
1507310820,22874786,302.99,0.25998694,0
1507310486,22874679,302.24,0.38082299,1
1507310301,22874549,302.18,0.25998694,1
1507310301,22874548,302.29,0.06000000,1
1507310300,22874547,302.54,0.06000000,1
1507310300,22874546,302.74,0.06000000,1
1507310300,22874545,302.89,0.06000000,1
1507310212,22874524,303.00,2.69006200,0
1507310212,22874523,302.99,0.12843800,0
1507310179,22874519,303.00,0.35770000,0
1507310179,22874518,302.16,0.12843800,1
1507310134,22874505,303.00,2.34686033,0
1507310122,22874501,303.00,1.64381879,0
1507310118,22874498,303.00,7.54875635,0
1507310088,22874492,303.00,2.65093311,0
1507310088,22874491,302.99,3.67713732,0
1507310088,22874490,302.94,10.91877304,0
1507310088,22874489,302.93,0.11156183,0
1507310056,22874481,302.11,0.11156183,1
1507309934,22874440,302.08,0.15000000,1
1507309899,22874412,302.96,3.77416340,0
1507309899,22874411,302.95,0.22000000,0
1507309899,22874410,302.89,2.59068548,0
1507309899,22874409,302.57,0.01658556,0
1507309899,22874408,302.57,0.01658556,0
1507309863,22874374,302.07,0.00000026,0
1507309862,22874372,302.07,0.01658556,1
1507309862,22874371,302.07,0.01658556,1
1507309862,22874370,302.07,0.59525382,1
1507309861,22874369,302.07,1.69221200,1
1507309803,22874348,302.96,1.29852351,0
1507309800,22874344,302.13,1.60893900,1
1507309799,22874340,302.07,1.60174291,1
1507309772,22874330,302.98,10.72790000,0
1507309772,22874329,302.95,0.06000000,0
1507309772,22874328,302.70,0.06000000,0
1507309772,22874327,302.50,0.06000000,0
1507309772,22874326,302.35,0.06000000,0
1507309689,22874232,302.05,0.32876375,0
1507309625,22874202,302.79,1.13423496,0
1507309620,22874200,302.86,1.82763758,0
1507309619,22874199,302.81,1.46000000,0
1507309561,22874178,302.88,3.11252448,0
1507309561,22874177,302.88,1.49329300,1
1507309559,22874176,302.86,1.98111339,0
1507309552,22874173,302.89,8.67904092,0
1507309552,22874172,302.71,3.88458857,0
1507309552,22874171,302.71,0.23000000,0
1507309552,22874170,302.70,5.12433764,0
1507309530,22874166,301.54,0.02000000,0
1507309527,22874165,301.53,2.07842300,1
1507309527,22874164,301.83,0.23000000,1
1507309435,22874137,301.91,0.78064000,1
1507309420,22874132,301.80,5.53183178,1
1507309338,22874105,301.85,0.69385564,1
1507309288,22874096,301.64,1.57141900,1
1507309281,22874089,302.02,1.98362901,1
1507309281,22874088,302.03,2.98296469,1
1507309275,22874083,302.03,0.70880433,1
1507309275,22874082,302.05,3.88458857,1
1507309269,22874076,302.97,1.27474972,0
1507309269,22874075,302.97,0.06000000,0
1507309269,22874074,302.90,0.06000000,0
1507309269,22874073,302.67,0.06000000,0
1507309268,22874072,302.65,0.06000000,0
1507309268,22874071,302.64,0.06000000,0
1507309268,22874070,302.42,0.27725028,0
1507309268,22874069,302.42,0.23000000,0
1507309262,22874064,302.44,3.60455473,0
1507309262,22874063,302.43,6.37597309,0
1507309261,22874059,302.00,5.77719276,1
1507309216,22874040,301.78,2.52521662,1
1507309200,22874025,302.59,19.69792091,0
1507309200,22874023,302.45,0.06000000,0
1507309200,22874022,302.42,0.06000000,0
1507309200,22874021,302.17,0.06000000,0
1507309200,22874020,301.97,0.06000000,0
1507309199,22874019,301.82,0.06000000,0
1507308951,22873877,301.52,1.45365485,1
1507308950,22873876,301.52,3.41883400,1
1507308897,22873841,301.32,0.43192247,1
1507308851,22873827,302.36,0.09264537,0
1507308841,22873821,302.39,4.01652713,0
1507308841,22873820,302.39,0.06000000,0
1507308841,22873819,302.30,0.06000000,0
1507308841,22873818,302.22,0.06000000,0
1507308841,22873817,302.19,0.06000000,0
1507308840,22873816,302.14,0.63606639,0
1507308840,22873815,302.13,0.26000000,0
1507308840,22873814,302.07,0.06000000,0
1507308840,22873813,302.04,0.06000000,0
1507308840,22873812,302.00,6.16460180,0
1507308840,22873811,301.96,1.98701815,0
1507308840,22873810,301.74,0.06000000,0
1507308840,22873809,301.73,5.90119761,0
1507308840,22873807,301.35,0.61250983,0
1507308801,22873796,301.35,1.95353251,0
1507308753,22873775,301.35,1.45686380,0
1507308630,22873724,301.10,1.55987498,1
1507308625,22873720,301.07,2.83376200,1
1507308625,22873719,301.29,0.06000000,1
1507308625,22873718,301.54,0.06000000,1
1507308625,22873717,301.74,0.06000000,1
1507308608,22873708,301.86,0.06000000,0
1507308483,22873640,302.00,7.39768268,0
1507308483,22873638,302.00,0.50000000,0
1507308483,22873637,301.95,0.09976783,0
1507308483,22873635,301.92,0.09976783,0
1507308483,22873633,301.89,0.09976783,0
1507308483,22873631,301.86,0.12156357,0
1507308483,22873630,301.86,0.09976783,0
1507308483,22873628,301.77,11.23330334,0
1507308480,22873626,301.76,0.34630000,0
1507308296,22873536,300.92,4.74762263,1
1507308296,22873535,301.06,0.06000000,1
1507308290,22873515,301.08,8.85324522,1
1507308282,22873506,301.31,0.06000000,1
1507308282,22873505,301.51,0.06000000,1
1507308282,22873504,301.66,0.06000000,1
1507308261,22873484,301.77,7.90765777,0
1507308214,22873445,301.77,1.94074957,0
1507308143,22873385,301.77,0.73692348,0
1507308142,22873384,301.77,7.31399627,0
1507308142,22873383,301.76,0.31000000,0
1507308142,22873382,301.76,9.36000000,0
1507308139,22873380,301.75,2.27710000,0
1507308129,22873373,301.75,0.36890373,0
1507308129,22873372,301.74,0.37000000,0
1507308019,22873315,301.77,10.63818602,0
1507308019,22873314,301.76,0.54000000,0
1507308019,22873313,301.74,0.82513520,0
1507308019,22873312,301.57,7.79259853,0
1507308019,22873311,301.50,0.20210000,0
1507307970,22873278,301.32,1.00912620,0
1507307949,22873264,301.41,10.57070000,0
1507307860,22873220,300.30,0.10555531,1
1507307837,22873199,300.13,0.53687600,1
1507307837,22873198,300.13,0.20210000,1
1507307837,22873197,300.14,16.51861400,1
1507307832,22873186,301.74,15.43403626,1
1507307832,22873185,301.74,0.82614483,1
1507307832,22873184,301.74,0.94700000,1
1507307830,22873181,301.48,0.06000000,0
1507307830,22873179,301.29,0.70512349,0
1507307830,22873178,301.15,1.99236261,0
1507307830,22873177,300.63,0.01669277,0
1507307830,22873176,300.63,0.01669277,0
1507307768,22873113,300.11,0.01669277,0
1507307768,22873112,300.11,0.01669277,0
1507307766,22873111,300.11,6.78696700,1
1507307766,22873110,300.12,1.99794666,1
1507307766,22873109,300.13,0.23000000,1
1507307760,22873096,301.29,6.85412632,1
1507307760,22873094,301.25,0.20210000,0
1507307759,22873093,300.94,0.01667554,0
1507307759,22873092,300.94,0.01667554,0
1507307759,22873091,300.91,1.28000000,0
1507307759,22873090,300.87,1.99421677,0
1507307759,22873089,300.85,0.10359972,0
1507307759,22873088,300.74,0.26600000,0
1507307759,22873087,300.59,0.33500611,0
1507307701,22873038,300.11,0.06718006,1
1507307665,22872946,300.11,0.20327000,1
1507307629,22872873,300.11,2.03041700,1
1507307627,22872863,300.11,0.14620000,1
1507307627,22872859,300.11,2.92864000,1
1507307626,22872858,300.28,1.76025800,1
1507307625,22872846,300.28,1.57126700,1
1507307625,22872837,300.28,4.68582400,1
1507307624,22872831,300.27,4.92569800,0
1507307624,22872827,300.12,6.73190500,0
1507307624,22872823,300.11,0.07081270,1
1507307624,22872822,300.12,2.13000000,1
1507307623,22872821,300.12,6.12000000,1
1507307623,22872819,300.26,0.61190500,1
1507307623,22872818,300.27,3.30080930,1
1507307623,22872816,300.27,1.51969800,1
1507307622,22872809,300.27,0.04519000,1
1507307622,22872807,300.38,0.06000000,1
1507307620,22872799,300.59,11.08289000,1
1507307567,22872664,300.43,0.88996888,1
1507307541,22872625,300.45,0.03335106,1
1507307540,22872624,300.45,0.43261874,0
1507307540,22872623,300.44,0.13714192,0
1507307540,22872622,300.44,1.92988900,0
1507307539,22872621,300.44,0.26600000,0
1507307539,22872619,300.44,0.20210000,0
1507307539,22872617,300.44,0.01667554,1
1507307538,22872616,300.44,0.01667554,1
1507307537,22872600,300.44,1.49757742,1
1507307536,22872596,300.45,2.56831066,1
1507307535,22872590,300.44,0.17074692,1
1507307531,22872581,300.82,0.50000000,0
1507307524,22872571,300.80,1.39237765,0
1507307523,22872568,300.39,1.65999703,0
1507307521,22872559,300.73,0.06000000,1
1507307521,22872558,300.80,0.50975297,1
1507307521,22872557,300.80,1.48000000,1
1507307521,22872556,301.03,0.06000000,1
1507307521,22872554,301.28,0.06000000,1
1507307521,22872553,301.48,0.06000000,1
1507307519,22872548,301.76,0.62038065,0
1507307519,22872546,301.76,3.05130883,0
1507307519,22872544,301.54,1.80379911,0
1507307518,22872537,301.54,0.03887800,0
1507307516,22872536,301.54,0.39991600,0
1507307512,22872531,301.54,0.16701000,0
1507307487,22872502,301.54,1.63779100,0
1507307483,22872492,301.53,0.06000000,0
1507307472,22872472,301.74,1.49582038,0
1507307471,22872468,301.54,1.08372517,1
1507307471,22872467,301.54,10.90501400,1
1507307470,22872464,301.54,6.17054278,1
1507307470,22872462,301.53,0.17144400,0
1507307470,22872461,301.52,0.17157235,0
1507307469,22872457,301.52,1.07842765,0
1507307469,22872456,301.43,0.19167460,0
1507307469,22872455,300.95,0.06000000,0
1507307469,22872454,300.92,0.17157275,0
1507307247,22872275,300.45,1.14836225,0
1507307247,22872274,300.45,0.87163775,0
1507307245,22872273,300.44,3.20092506,0
1507307235,22872258,300.44,2.56747400,1
1507307233,22872251,300.42,2.56736999,1
1507307202,22872215,300.37,1.95054205,1
1507307173,22872157,300.43,1.99225874,1
1507307166,22872146,300.43,0.23569200,0
1507307095,22872053,300.65,0.06000000,1
1507307095,22872052,300.95,0.06000000,1
1507307023,22871991,301.53,0.78281730,1
1507307021,22871989,301.53,2.11360600,1
1507307013,22871987,301.53,1.98985176,1
1507306983,22871978,301.53,2.30073500,1
1507306963,22871968,301.53,24.20540261,1
1507306962,22871966,301.53,0.14620000,1
1507306960,22871963,301.53,0.05349076,1
1507306960,22871962,301.68,0.93770170,0
1507306960,22871961,301.55,0.06000000,0
1507306957,22871949,301.53,0.05349219,1
1507306955,22871946,301.53,0.17116919,1
1507306954,22871940,301.53,2.30146000,1
1507306951,22871938,301.53,1.94177529,1
1507306947,22871933,301.52,2.93999990,0
1507306942,22871926,301.53,0.25000000,0
1507306924,22871901,301.20,0.06000000,1
1507306917,22871893,301.40,0.06000000,1
1507306917,22871892,301.55,0.06000000,1
1507306852,22871849,301.66,0.25000000,0
1507306841,22871831,301.71,7.32411321,0
1507306841,22871830,301.70,10.32000000,0
1507306840,22871829,301.36,0.20290036,0
1507306840,22871828,300.49,0.26600000,0
1507306840,22871827,300.22,0.43717817,0
1507306840,22871826,300.21,0.56462790,0
1507306840,22871825,300.20,0.13518036,0
1507306833,22871822,300.20,0.42714841,0
1507306821,22871808,300.71,0.01668832,0
1507306821,22871807,300.71,0.01668832,0
1507306821,22871806,300.43,0.56288051,0
1507306821,22871805,300.19,0.26600000,0
1507306814,22871797,300.18,0.47214657,0
1507306814,22871792,300.18,1.06601643,0
1507306779,22871748,300.19,0.26600000,1
1507306774,22871741,300.66,1.11272700,1
1507306772,22871734,300.43,0.56260473,1
1507306771,22871731,300.47,0.85630297,1
1507306770,22871727,300.44,1.21539808,1
1507306752,22871684,300.45,10.33116353,0
1507306752,22871683,300.45,9.76000000,0
1507306751,22871682,300.48,2.54985150,1
1507306751,22871681,300.48,18.44477500,1
1507306751,22871680,300.49,0.53465997,1
1507306748,22871675,300.47,0.20290000,1
1507306747,22871672,300.48,0.56185431,1
1507306746,22871667,300.48,1.21479610,1
1507306735,22871649,300.70,0.79359600,0
1507306734,22871647,300.67,0.26600000,0
1507306717,22871635,300.36,0.56159740,1
1507306700,22871613,300.68,0.50000000,0
1507306685,22871599,300.17,0.29477036,0
1507306685,22871598,300.19,18.50270300,1
1507306684,22871597,300.20,8.66000000,1
1507306684,22871595,300.21,0.01668832,1
1507306684,22871589,300.21,0.01668832,1
1507306684,22871584,300.22,0.26600000,1
1507306683,22871555,301.76,0.82252580,0
1507306683,22871553,301.75,0.58945820,0
1507306681,22871546,300.21,0.04662114,1
1507306661,22871519,301.76,0.25000000,0
1507306649,22871506,301.77,13.21090068,0
1507306649,22871505,301.76,3.70000000,0
1507306649,22871504,301.72,1.06000000,0
1507306648,22871503,301.61,1.78752000,0
1507306648,22871502,301.60,0.23969800,0
1507306615,22871466,301.16,0.62272546,0
1507306614,22871463,301.16,0.23441331,0
1507306614,22871462,301.10,12.51390000,0
1507306614,22871461,301.09,7.24980537,0
1507306600,22871450,300.48,0.20229964,0
1507306600,22871449,300.23,0.17000000,0
1507306599,22871447,300.23,0.18869836,0
1507306599,22871446,300.00,0.50000000,0
1507306597,22871443,299.88,2.00048395,0
1507306597,22871442,299.88,1.07093605,0
1507306597,22871440,299.88,0.56236403,0
1507306597,22871439,299.88,1.43106700,0
1507306576,22871414,299.88,0.56208793,1
1507306572,22871407,299.89,0.56181183,1
1507306568,22871400,299.87,0.56153573,1
1507306563,22871395,299.86,0.47758417,0
1507306563,22871394,299.85,0.56152167,0
1507306558,22871391,299.84,0.56126416,1
1507306556,22871387,299.86,0.08286587,0
1507306555,22871385,299.85,0.26600000,0
1507306554,22871380,299.83,0.56098796,1
1507306549,22871374,299.79,0.40497800,1
1507306548,22871371,299.79,2.44496182,1
1507306548,22871370,299.80,0.19373318,1
1507306548,22871369,299.80,0.43268492,1
1507306547,22871366,299.80,0.72940700,1
1507306546,22871363,299.79,0.29675900,1
1507306546,22871362,299.79,2.43885400,1
1507306545,22871358,299.79,0.72944200,1
1507306540,22871350,299.79,1.22973000,1
1507306535,22871341,299.83,3.49614764,1
1507306535,22871339,299.84,0.20230000,1
1507306532,22871330,299.84,3.70476408,1
1507306506,22871294,299.64,0.62648326,1
1507306503,22871285,299.64,0.26626000,1
1507306493,22871260,300.23,0.00085000,1
1507306493,22871256,300.23,0.16915000,1
1507306491,22871252,300.24,0.26000000,1
1507306490,22871242,300.23,0.09600000,1
1507306490,22871240,301.04,0.17000000,1
1507306489,22871238,301.04,0.45000000,0
1507306479,22871206,301.66,0.62648326,0
1507306478,22871204,301.70,9.28157109,1
1507306478,22871203,301.68,3.70000000,0
1507306478,22871202,301.50,0.33216729,0
1507306477,22871201,301.50,1.00000000,0
1507306477,22871200,301.49,0.17000000,1
1507306477,22871199,301.29,0.00000001,0
1507306477,22871198,301.29,0.09998669,0
1507306476,22871195,301.26,0.00000003,0
1507306476,22871194,301.26,0.09998667,0
1507306476,22871193,301.23,0.09998670,0
1507306476,22871191,301.22,10.28000000,1
1507306475,22871190,301.20,0.00000002,0
1507306475,22871189,301.20,0.09998668,0
1507306475,22871188,300.98,1.08681210,1
1507306474,22871187,300.97,0.87000000,0
1507306474,22871184,300.69,0.01539629,0
1507306474,22871181,300.54,0.06000000,0
1507306473,22871180,300.29,0.06000000,0
1507306473,22871178,300.09,0.06000000,0
1507306471,22871174,299.94,0.00002999,0
1507306415,22871137,299.94,0.05997001,0
1507306243,22870980,299.64,0.03282372,1
1507306239,22870951,299.63,1.21618997,1
1507306236,22870933,299.61,0.03439766,1
1507306235,22870918,299.61,2.37629804,1
1507306235,22870916,299.61,21.02019175,1
1507306235,22870912,299.61,1.21629804,1
1507306235,22870910,299.61,1.16000000,1
1507306233,22870888,299.61,4.29179170,1
1507306232,22870879,299.60,0.05371851,0
1507306231,22870871,299.59,11.47805668,1
1507306231,22870870,299.60,16.24082116,1
1507306231,22870868,299.60,0.39662708,1
1507306231,22870864,300.48,3.37331317,1
1507306230,22870861,300.48,2.25598017,1
1507306230,22870857,300.48,2.33000000,0
1507306230,22870856,300.36,1.01035573,0
1507306230,22870853,300.36,1.66050118,0
1507306230,22870852,300.29,4.07835236,0
1507306230,22870851,300.24,0.26600000,0
1507306230,22870849,300.12,0.46000000,0
1507306228,22870843,299.60,1.36550376,1
1507306221,22870816,299.60,1.07726803,1
1507306221,22870814,300.25,2.08069254,0
1507306217,22870804,300.27,3.26571514,0
1507306217,22870803,300.27,1.16240001,0
1507306212,22870797,299.62,0.26600000,0
1507306204,22870780,299.64,1.07712422,0
1507306203,22870778,299.63,0.08665888,0
1507306199,22870774,299.63,0.03334112,0
1507306194,22870770,299.62,1.78638000,0
1507306192,22870766,299.62,0.12000000,0
1507306179,22870732,300.35,0.12387238,0
1507306179,22870730,299.90,0.26600000,0
1507306179,22870728,299.63,0.33182762,0
1507306174,22870714,299.62,0.48000000,1
1507306173,22870712,299.62,1.55711946,1
1507306150,22870686,299.58,0.97835400,1
1507306142,22870679,299.63,0.00002625,1
1507306141,22870675,299.63,0.33182763,1
1507306135,22870660,299.60,0.79997758,1
1507306129,22870654,299.71,0.33177276,1
1507306119,22870647,299.60,0.95995628,1
1507306118,22870645,299.64,0.96000000,1
1507306110,22870641,299.61,0.58055600,1
1507306107,22870635,299.61,0.58056131,1
1507306099,22870631,299.63,0.68943785,1
1507306098,22870626,299.62,1.17674612,1
1507306082,22870610,299.60,0.17211711,0
1507306081,22870609,299.60,2.58700000,0
1507306078,22870603,299.61,0.26600000,1
1507306076,22870598,299.63,4.22357914,1
1507306073,22870593,299.62,4.22322392,1
1507306063,22870584,299.58,4.06991610,1
1507306059,22870575,299.57,3.04389519,1
1507306049,22870570,300.48,1.65984424,1
1507306043,22870561,300.36,0.16584855,0
1507306043,22870560,300.35,0.47947850,0
1507306043,22870559,300.34,14.78917556,0
1507305922,22870488,299.49,2.49079970,1
1507305921,22870486,300.48,1.05101117,1
1507305920,22870483,300.48,2.37122329,1
1507305920,22870482,300.48,1.31013627,1
1507305919,22870479,300.08,2.21592992,0
1507305919,22870477,300.07,1.24000000,0
1507305919,22870475,300.07,0.25117656,0
1507305919,22870474,300.07,0.20259998,0
1507305919,22870472,299.96,0.03610997,0
1507305919,22870471,299.80,0.27517300,0
1507305919,22870470,299.79,3.99034245,0
1507305918,22870469,299.78,2.49080000,0
1507305884,22870443,299.79,0.43416886,0
1507305884,22870442,299.79,4.16873000,0
1507305884,22870441,299.79,4.42893385,0
1507305884,22870440,299.78,0.06000000,0
1507305883,22870439,299.71,0.47567729,0
1507305883,22870438,299.70,0.20260000,0
1507305883,22870436,299.68,0.22989000,0
1507305880,22870428,299.72,5.78166237,1
1507305879,22870424,299.72,2.55385000,0
1507305879,22870423,299.72,0.47517848,0
1507305878,22870422,299.71,0.00001538,1
1507305878,22870419,299.71,3.51816503,1
1507305875,22870409,299.72,7.39994425,1
1507305873,22870404,299.72,0.47463055,1
1507305873,22870403,299.72,6.63914227,1
1507305871,22870391,299.72,0.47416352,1
1507305870,22870378,299.72,0.89102200,1
1507305868,22870367,299.73,0.26000000,0
1507305864,22870360,299.72,0.47342962,1
1507305861,22870354,299.72,0.47296260,1
1507305858,22870350,299.72,0.47247981,1
1507305856,22870349,299.72,0.89050800,1
1507305853,22870344,299.78,0.06000000,1
1507305849,22870340,299.79,0.89758800,1
1507305847,22870334,299.80,0.55589526,1
1507305847,22870331,299.80,4.42451131,1
1507305846,22870330,299.80,1.76698600,1
1507305843,22870322,299.80,3.24919629,1
1507305840,22870312,299.80,3.24757996,1
1507305837,22870308,299.80,1.17448586,1
1507305835,22870299,299.80,3.39069032,1
1507305834,22870294,299.80,0.91107400,1
1507305827,22870263,299.96,0.22989000,1
1507305825,22870256,300.08,0.25113866,1
1507305824,22870255,300.07,0.22917800,0
1507305824,22870253,300.07,1.37740000,0
1507305823,22870251,300.07,0.20260000,1
1507305820,22870245,300.06,2.21223202,1
1507305815,22870240,300.04,0.06000000,1
1507305814,22870239,300.04,2.55300400,1
1507305814,22870238,300.04,2.58940700,1
1507305812,22870234,300.03,0.06000000,1
1507305799,22870203,300.23,0.06000000,1
1507305796,22870199,300.38,0.06000000,1
1507305774,22870190,300.49,1.57826875,1
1507305774,22870189,300.49,2.59318000,1
1507305774,22870188,300.49,0.20280000,1
1507305773,22870187,300.00,0.50000000,0
1507305773,22870186,299.74,0.55846328,0
1507305773,22870185,299.73,2.57475700,0
1507305773,22870184,299.73,2.21853963,0
1507305773,22870183,299.73,0.00000034,0
1507305770,22870179,299.72,2.21971831,1
1507305767,22870173,299.72,1.12197100,1
1507305766,22870169,299.73,3.77161666,1
1507305766,22870168,299.73,0.25113900,1
1507305763,22870160,299.73,5.14240600,1
1507305763,22870158,299.73,2.21743501,1
1507305763,22870156,299.74,0.10733092,0
1507305758,22870145,299.73,1.54634344,1
1507305758,22870144,299.74,0.66579420,1
1507305755,22870139,299.73,2.21107433,1
1507305752,22870126,299.73,2.20997162,1
1507305749,22870121,299.73,2.00606894,1
1507305748,22870119,299.74,0.20280000,1
1507305745,22870113,299.72,2.20094920,1
1507305742,22870107,299.72,0.93786503,1
1507305742,22870106,300.48,4.65288797,1
1507305742,22870105,300.48,0.25113900,1
1507305741,22870098,300.48,2.21041798,1
1507305740,22870096,300.01,0.23011800,0
1507305739,22870095,300.00,2.23723661,0
1507305739,22870094,299.99,0.50000000,0
1507305739,22870093,299.94,2.24675955,0
1507305739,22870092,299.94,0.24029997,0
1507305739,22870091,299.93,2.24823728,0
1507305739,22870090,299.92,0.23020300,0
1507305739,22870089,299.75,0.38720325,0
1507305730,22870087,299.72,1.57446100,0
1507305728,22870085,299.72,4.26493000,1
1507305727,22870082,299.72,1.07158800,1
1507305727,22870081,299.72,0.25113900,1
1507305725,22870075,299.72,0.25113900,1
1507305725,22870074,299.72,5.58529800,1
1507305723,22870070,299.72,0.11071300,1
1507305723,22870069,299.72,0.25113900,1
1507305721,22870060,299.72,1.17245200,1
1507305721,22870059,299.72,0.25113900,1
1507305718,22870051,299.72,2.31869000,1
1507305709,22870038,299.75,0.38676980,1
1507305706,22870034,299.74,0.38636969,1
1507305703,22870031,299.71,0.38596959,1
1507305701,22870029,299.73,0.06056162,1
1507305700,22870028,299.72,0.38560282,0
1507305700,22870027,299.72,5.58201800,0
1507305700,22870026,299.72,0.25113900,0
1507305696,22870021,299.72,2.36430300,1
1507305696,22870020,299.72,1.10095900,1
1507305695,22870019,299.72,2.36430300,1
1507305695,22870016,299.72,0.38518987,1
1507305693,22870013,299.72,1.74203400,1
1507305693,22870012,299.72,0.62081198,1
1507305693,22870011,299.92,0.00000002,1
1507305690,22870003,299.92,0.20513483,1
1507305687,22869999,299.92,0.38458973,1
1507305684,22869998,299.92,0.10470600,1
1507305684,22869997,299.92,0.23019500,1
1507305684,22869993,299.92,0.05380802,1
1507305681,22869983,299.92,0.05347744,1
1507305680,22869982,299.92,1.17693000,1
1507305679,22869981,299.92,0.23014600,1
1507305677,22869978,299.92,0.38412296,1
1507305671,22869971,299.93,2.59296400,1
1507305664,22869959,299.94,2.24542416,1
1507305662,22869954,299.94,14.52220000,1
1507305638,22869927,299.97,2.23576566,1
1507305637,22869924,300.00,0.00000002,1
1507305636,22869915,300.03,1.21100703,1
1507305633,22869910,300.00,1.09999998,1
1507305633,22869909,300.00,0.33334000,1
1507305632,22869906,300.02,1.21561726,1
1507305631,22869903,300.02,16.15863000,1
1507305631,22869902,300.01,1.12504039,0
1507305628,22869893,300.01,1.04927246,1
1507305626,22869887,300.01,1.21572682,1
1507305606,22869870,300.02,0.06056162,1
1507305606,22869869,300.02,0.17089687,1
1507305559,22869833,300.03,0.88697983,1
1507305558,22869830,300.03,0.87753241,1
1507305557,22869822,300.03,10.74600727,1
1507305557,22869819,300.03,1.05537000,1
1507305556,22869818,300.03,1.21933326,1
1507305556,22869814,300.03,1.85000000,1
1507305556,22869813,300.03,4.01751600,1
1507305555,22869807,300.02,1.04843639,1
1507305554,22869800,300.39,4.00000000,1
1507305553,22869798,300.39,1.21529611,1
1507305553,22869794,300.38,3.34885180,0
1507305553,22869792,300.02,0.63066676,1
1507305552,22869783,300.02,1.14999998,1
1507305551,22869781,300.24,0.00000002,1
1507305550,22869774,300.38,1.21285133,1
1507305549,22869763,300.37,2.26693502,0
1507305548,22869761,300.26,0.67140126,0
1507305548,22869759,300.36,1.16000000,1
1507305548,22869754,300.36,3.34739805,1
1507305548,22869752,300.36,0.98479300,1
1507305546,22869744,300.36,1.20669609,1
1507305546,22869742,300.36,5.36402408,1
1507305546,22869741,300.37,3.49295592,1
1507305516,22869707,300.27,0.88260561,0
1507305510,22869689,300.26,1.30916296,1
1507305458,22869653,300.69,1.33878790,0
1507305458,22869652,300.37,0.30000000,0
1507305458,22869651,300.37,3.34827045,0
1507305458,22869650,300.36,0.88325500,0
1507305378,22869572,300.36,0.84443988,1
1507305331,22869553,300.25,2.40148544,1
1507305329,22869545,300.24,0.09998668,1
1507305329,22869544,300.24,2.30149876,1
1507305324,22869530,300.26,0.22999796,1
1507305322,22869529,300.69,2.82431768,0
1507305322,22869528,300.69,1.53556561,0
1507305322,22869527,300.30,0.09998665,0
1507305322,22869526,300.27,0.09998667,0
1507305322,22869525,300.25,3.20193600,0
1507305322,22869524,300.25,0.88325500,0
1507305321,22869522,300.26,0.10287291,0
1507305321,22869519,300.25,1.40698061,0
1507305316,22869509,300.25,1.40558182,1
1507305312,22869506,300.25,1.31000400,1
1507305312,22869500,300.25,1.40414973,1
1507305309,22869493,300.25,1.98090300,1
1507305308,22869491,300.26,0.79255400,1
1507305308,22869487,300.25,1.40263762,1
1507305308,22869485,300.25,0.26500000,1
1507305304,22869476,300.25,1.40128555,1
1507305302,22869471,300.25,2.52449647,1
1507305302,22869470,300.25,0.61020200,1
1507305301,22869467,300.25,1.39985346,1
1507305299,22869461,300.25,0.61014200,1
1507305298,22869457,300.24,1.39850124,1
1507305296,22869454,300.25,3.13464100,1
1507305295,22869453,300.25,0.61016300,0
1507305295,22869452,300.25,1.39700935,0
1507305295,22869451,300.25,0.61019100,0
1507305291,22869439,300.25,3.74345400,1
1507305291,22869438,300.25,0.61012400,1
1507305289,22869432,300.25,4.25212830,1
1507305289,22869431,300.27,0.09998670,1
1507305286,22869425,300.30,0.00000003,1
1507305282,22869418,300.30,0.09998667,1
1507305282,22869417,300.33,0.00000001,1
1507305279,22869410,300.33,0.09998669,1
1507305275,22869396,300.49,1.59330382,1
1507305274,22869393,300.48,0.94538472,0
1507305274,22869392,300.47,8.57932987,0
1507305272,22869386,300.48,3.20009013,1
1507305271,22869385,300.48,1.58990987,1
1507305271,22869383,300.47,0.94470170,1
1507305269,22869381,300.46,1.58831354,0
1507305212,22869348,300.67,0.89455644,1
1507305212,22869347,300.68,0.04857468,1
1507305210,22869341,300.69,0.70597826,1
1507305210,22869339,300.69,5.05500000,1
1507305209,22869333,300.68,0.21642532,1
1507305206,22869321,300.67,4.79000000,1
1507305205,22869320,300.65,4.28376800,0
1507305205,22869319,300.65,2.19999500,0
1507305205,22869318,300.65,1.77759663,0
1507305205,22869317,300.62,5.50154664,0
1507305201,22869304,300.46,0.23573588,0
1507305198,22869271,300.45,11.76521000,1
1507305193,22869261,300.43,1.09836303,1
1507305158,22869219,300.61,2.10552943,0
1507305157,22869213,300.37,5.49732175,1
1507305154,22869200,300.60,4.79000000,1
1507305154,22869199,300.57,0.12182920,0
1507305151,22869194,300.59,0.12156357,1
1507305150,22869187,300.59,0.12167216,1
1507305148,22869178,300.56,0.12156357,1
1507305147,22869174,300.57,0.12155843,1
1507305143,22869169,300.65,0.62240337,1
1507305143,22869165,300.65,4.99285000,1
1507305143,22869164,300.85,4.84391000,1
1507305141,22869162,300.83,1.08164261,0
1507305140,22869158,300.65,0.73000000,1
1507305136,22869151,300.65,5.70365364,1
1507305133,22869142,300.85,2.96351942,0
1507305133,22869141,300.85,0.93459747,0
1507305133,22869140,300.83,0.45359400,0
1507305133,22869139,300.83,1.53523659,0
1507305132,22869134,300.65,1.09465282,1
1507305129,22869121,300.65,0.83788540,1
1507305129,22869119,300.83,0.32211460,1
1507305128,22869118,300.83,1.21312201,1
1507305126,22869102,300.83,1.21368165,1
1507305126,22869100,300.83,5.69945687,1
1507305125,22869096,300.83,0.87526112,1
1507305124,22869091,300.83,1.21310660,1
1507305123,22869086,300.83,1.21316889,1
1507305122,22869084,300.84,1.08899748,1
1507305121,22869078,300.83,0.94000000,1
1507305120,22869076,300.83,0.23773400,1
1507305120,22869071,300.85,1.18143146,1
1507305069,22869016,300.84,0.71041896,1
1507305068,22869015,300.83,4.34861500,1
1507305067,22869010,300.84,0.47364500,1
1507305067,22869007,300.84,3.10000000,0
1507305066,22868997,300.83,4.14073926,1
1507305059,22868979,300.84,0.78301276,1
1507305040,22868960,300.84,0.72551869,1
1507304972,22868926,301.03,0.78475082,1
1507304972,22868921,301.03,1.08801130,1
1507304971,22868919,301.03,1.20827690,1
1507304970,22868914,301.03,0.47000000,1
1507304970,22868911,301.03,0.09011000,1
1507304970,22868906,301.03,0.23760021,0
1507304970,22868905,301.03,1.18685987,0
1507304969,22868901,300.95,0.06711207,1
1507304969,22868898,300.95,0.27584478,1
1507304969,22868895,300.95,0.39505939,1
1507304969,22868892,301.03,8.44312013,0
1507304967,22868884,300.95,0.91026378,1
1507304965,22868870,300.65,2.80355477,1
1507304964,22868868,300.90,0.09976783,1
1507304964,22868867,300.93,0.09976783,1
1507304964,22868866,300.96,0.74953566,1
1507304960,22868842,300.96,0.25046434,1
1507304960,22868841,300.96,0.09976783,1
1507304960,22868839,300.99,0.09976783,1
1507304958,22868832,301.04,1.99180769,0
1507304878,22868773,301.77,4.11193955,0
1507304878,22868771,301.76,1.98833510,0
1507304876,22868770,301.50,2.12500316,0
1507304707,22868663,301.04,1.00000000,1
1507304621,22868625,301.50,3.54768428,1
1507304620,22868623,301.50,1.21142310,1
1507304619,22868612,301.50,1.21139550,1
1507304618,22868609,301.50,5.66987205,1
1507304618,22868607,301.50,1.21136453,1
1507304617,22868603,301.50,1.21136615,1
1507304616,22868601,301.50,1.21202379,1
1507304594,22868576,301.50,1.21130051,1
1507304593,22868573,301.50,5.66701759,1
1507304593,22868571,301.50,1.21129977,1
1507304593,22868570,301.50,12.78167423,1
1507304592,22868569,301.50,0.21585200,1
1507304592,22868565,301.50,1.21012345,1
1507304592,22868564,301.50,1.16000000,1
1507304591,22868560,301.50,2.19717600,1
1507304591,22868555,301.50,1.21011269,1
1507304591,22868552,301.50,9.59838000,1
1507304590,22868550,301.50,0.31300000,1
1507304590,22868549,301.50,1.21018494,1
1507304588,22868538,301.50,1.21032990,1
1507304587,22868531,301.50,1.16000000,1
1507304587,22868527,301.50,1.21002826,1
1507304586,22868525,301.50,5.66404582,1
1507304586,22868523,301.50,1.20963798,1
1507304544,22868489,301.50,1.85615078,1
1507304540,22868487,301.77,4.79588356,0
1507304540,22868486,301.51,0.33973444,0
1507304539,22868483,301.50,1.21088737,1
1507304538,22868481,301.50,1.21078833,1
1507304537,22868478,301.50,5.16231845,1
1507304537,22868476,301.50,1.20979910,1
1507304535,22868471,301.51,0.33975749,1
1507304534,22868468,301.51,0.20000000,1
1507304532,22868466,301.51,1.20931527,1
1507304531,22868464,301.51,0.23734970,1
1507304390,22868295,301.50,1.74716199,1
1507304384,22868292,301.50,0.54134030,1
1507304373,22868284,301.77,16.86276030,0
1507304373,22868283,301.76,3.13535838,0
1507304360,22868272,301.50,20.00000000,1
1507304358,22868270,301.50,6.25270254,1
1507304331,22868250,301.76,8.99811868,0
1507304331,22868249,301.70,11.00000000,0
1507304259,22868218,301.76,1.14040960,0
1507304253,22868216,301.50,91.71038113,1
1507304230,22868205,301.50,2.41426202,1
1507304218,22868187,301.50,0.54827000,1
1507304210,22868182,301.50,0.49408116,1
1507304209,22868181,301.50,0.06839111,1
1507304208,22868179,301.50,0.49408116,1
1507304208,22868176,301.50,0.87081324,1
1507304206,22868171,301.50,0.49327878,1
1507304201,22868168,301.73,1.08100000,0
1507304172,22868154,301.01,1.41513571,0
1507304160,22868139,301.74,9.88815166,0
1507304160,22868138,301.73,3.00000000,0
1507304160,22868137,301.72,3.83000000,0
1507304159,22868136,301.02,3.27996702,0
1507304145,22868123,301.01,3.82577789,0
1507303918,22868016,301.74,11.40146721,0
1507303918,22868015,301.73,1.98853279,0
1507303918,22868014,301.73,2.56000000,0
1507303875,22867998,301.32,6.58821625,1
1507303874,22867997,301.32,0.41178375,1
1507303853,22867984,301.32,0.64336319,1
1507303853,22867983,301.32,1.69417804,1
1507303803,22867957,301.32,11.36970000,1
1507303681,22867856,301.32,1.98277121,1
1507303669,22867852,301.32,1.47070381,1
1507303668,22867851,301.33,0.27875490,1
1507303563,22867796,301.76,1.51580726,0
1507303506,22867770,301.76,1.88749337,0
1507303442,22867752,301.76,2.31000000,0
1507303315,22867687,301.77,2.24769946,0
1507303315,22867686,301.77,2.57160000,1
1507303315,22867685,301.76,0.39000000,0
1507303313,22867683,301.69,0.08004978,0
1507303299,22867680,301.33,1.00000000,1
1507303146,22867629,301.76,0.63066676,0
1507303145,22867626,301.76,0.64471030,0
1507303144,22867625,301.75,1.10528970,0
1507303025,22867568,301.08,0.11554700,1
1507302905,22867469,301.13,0.63263684,1
1507302904,22867464,301.13,16.31647000,1
1507302899,22867455,301.99,0.63263684,0
1507302899,22867454,301.99,23.73699654,0
1507302898,22867453,301.98,0.47000000,0
1507302898,22867452,301.61,0.01663844,0
1507302898,22867451,301.61,0.01663844,0
1507302898,22867450,301.11,0.00000012,0
1507302896,22867449,301.11,3.68352900,0
1507302894,22867447,301.08,0.63523993,1
1507302894,22867445,301.11,1.37373988,0
1507302893,22867444,301.11,1.19786012,0
1507302893,22867441,301.11,0.01663844,0
1507302893,22867440,301.11,0.01663844,0
1507302893,22867439,301.11,2.46886300,1
1507302892,22867438,301.11,11.24273100,1
1507302892,22867437,301.11,8.93869900,0
1507302892,22867436,301.11,7.34700000,0
1507302873,22867418,301.98,3.07062800,1
1507302873,22867417,301.49,3.90856122,0
1507302873,22867416,301.49,6.34444700,0
1507302873,22867415,301.74,0.08713732,1
1507302872,22867414,301.87,6.58922646,1
1507302872,22867413,301.87,14.24027354,1
1507302872,22867412,301.98,5.75972646,1
1507302872,22867411,301.99,4.21415900,0
1507302867,22867405,301.98,0.94000000,1
1507302854,22867402,301.98,1.12000000,1
1507302852,22867401,301.99,0.30755100,0
1507302848,22867399,301.98,1.33000000,0
1507302837,22867393,301.80,10.00000000,0
1507302837,22867392,301.80,12.18027354,0
1507302808,22867378,301.74,3.59000000,0
1507302612,22867245,301.77,0.33351943,0
1507302610,22867244,301.76,0.30172050,0
1507302609,22867235,301.76,1.27827950,0
1507302609,22867233,301.76,0.03316300,0
1507302582,22867186,300.94,0.56899653,1
1507302580,22867185,301.03,2.42100347,1
1507302549,22867155,301.03,1.09673382,1
1507302484,22867112,301.03,0.63747515,1
1507302483,22867110,301.03,18.47578756,1
1507302482,22867109,301.04,1.99114569,1
1507302415,22867049,301.80,0.63747515,0
1507302414,22867048,301.80,6.53290258,0
1507302332,22866945,300.87,0.64010223,1
1507302330,22866944,300.86,3.58730163,1
1507302321,22866940,301.65,2.20740000,0
1507302319,22866939,301.62,1.68770000,1
1507302319,22866938,301.62,0.51970000,1
1507302306,22866936,301.36,1.68775989,1
1507302306,22866935,301.49,0.55050000,1
1507302299,22866929,301.36,0.30834011,1
1507302299,22866928,301.36,0.21130000,1
1507302292,22866924,301.22,1.99610884,1
1507302292,22866923,301.22,0.21129116,1
1507302292,22866922,301.23,0.03080000,1
1507302231,22866854,300.95,0.00236300,1
1507302231,22866853,300.97,1.74707145,1
1507302218,22866849,301.17,0.06000000,1
1507302218,22866848,301.42,0.06000000,1
1507302218,22866847,301.62,0.06000000,1
1507302208,22866835,301.91,3.30396476,0
1507302099,22866792,301.77,0.06000000,1
1507301996,22866753,301.88,3.30429310,0
1507301812,22866619,301.45,1.31274310,1
1507301808,22866616,301.43,1.31207588,0
1507301808,22866614,301.11,4.66603462,0
1507301808,22866613,301.24,0.59510000,1
1507301807,22866610,301.30,0.34704482,1
1507301807,22866609,301.43,4.40490000,1
1507301807,22866608,301.43,20.00000000,1
1507301805,22866607,302.04,1.41807753,0
1507301804,22866606,302.04,7.60000000,0
1507301804,22866605,302.02,0.02085434,0
1507301804,22866604,302.02,0.01661581,0
1507301804,22866603,302.00,0.03569014,0
1507301804,22866602,301.99,0.01671253,0
1507301804,22866601,301.88,0.12123184,0
1507301804,22866600,301.87,0.06000000,0
1507301804,22866598,301.85,0.06000000,0
1507301804,22866596,301.83,0.06000000,0
1507301804,22866594,301.83,0.10000000,0
1507301803,22866592,301.83,0.10000000,0
1507301803,22866591,301.80,9.32400000,0
1507301803,22866590,301.67,0.06000000,0
1507301803,22866589,301.63,0.06000000,0
1507301803,22866588,301.55,0.06000000,0
1507301803,22866587,301.52,0.06000000,0
1507301803,22866586,301.50,0.82662012,0
1507301776,22866577,301.37,3.06458956,1
1507301768,22866571,301.50,0.67160000,1
1507301768,22866570,301.50,0.15502014,1
1507301766,22866566,301.50,1.21231434,1
1507301766,22866564,301.50,1.31324522,1
1507301764,22866563,301.50,2.64243800,1
1507301764,22866562,301.50,0.64897557,1
1507301763,22866560,301.50,10.40413132,1
1507301763,22866559,301.48,0.06000000,0
1507301763,22866558,301.48,0.10000000,0
1507301762,22866557,301.48,0.10000000,0
1507301762,22866554,301.42,3.06357541,0
1507301762,22866552,301.37,0.96901044,1
1507301762,22866551,301.37,0.47470000,1
1507301761,22866550,301.37,0.19690000,1
1507301761,22866549,301.37,0.35109080,1
1507301751,22866545,301.37,0.17409143,1
1507301749,22866544,301.37,0.09600000,1
1507301747,22866543,301.29,0.19691777,0
1507301746,22866542,301.29,0.81810000,0
1507301744,22866541,301.29,0.59908000,0
1507301744,22866540,301.28,0.27382000,0
1507301743,22866539,301.28,0.81810000,0
1507301742,22866538,301.29,0.87290000,0
1507301741,22866537,301.29,0.87290000,0
1507301740,22866534,301.27,0.87290000,0
1507301739,22866533,301.26,0.87290000,0
1507301469,22866418,301.22,0.16555456,0
1507301329,22866378,301.29,0.64010223,0
1507301328,22866377,301.28,0.12123184,0
1507301184,22866337,300.63,0.14838746,1
1507301184,22866336,300.71,0.31020193,0
1507301182,22866335,300.71,0.18360879,1
1507301181,22866334,300.72,0.24790000,0
1507301178,22866324,301.42,0.30995980,0
1507301176,22866322,301.35,0.33223838,0
1507301175,22866321,301.34,0.30427637,0
1507301158,22866315,300.63,5.00000000,0
1507301146,22866312,300.64,0.64404248,1
1507301144,22866311,300.62,0.32000000,1
1507301144,22866310,300.72,0.06000000,1
1507301144,22866309,300.92,0.06000000,1
1507301142,22866308,301.07,0.06000000,1
1507301108,22866294,301.10,25.00000000,1
1507300934,22866047,301.18,0.18955088,0
1507300921,22866037,301.17,0.06711184,0
1507300854,22866019,301.31,0.18775982,0
1507300836,22866005,300.86,0.32020936,1
1507300834,22865994,301.41,3.45560083,0
1507300834,22865990,301.41,3.65926905,0
1507300825,22865961,301.16,0.64404248,0
1507300825,22865957,298.01,0.21185721,1
1507300825,22865956,299.23,0.26400000,1
1507300824,22865952,301.42,0.49324959,0
1507300824,22865951,301.30,0.06000000,0
1507300824,22865950,301.17,0.10000000,0
1507300824,22865949,301.17,0.01183202,0
1507300824,22865947,300.84,3.45000000,0
1507300824,22865946,300.84,0.20270000,0
1507300824,22865943,300.17,0.01671839,0
1507300824,22865940,299.23,0.10000000,0
1507300823,22865938,298.01,13.53000000,0
1507300822,22865935,298.78,0.73000000,0
1507300822,22865934,298.90,2.82815259,1
1507300821,22865933,298.79,0.10000000,0
1507300821,22865932,298.64,0.10000000,0
1507300821,22865931,298.00,0.65184741,0
1507300821,22865930,297.51,0.47827256,1
1507300821,22865929,297.56,12.62718187,1
1507300820,22865928,297.81,8.47997045,1
1507300820,22865927,297.90,0.10000000,1
1507300820,22865926,297.94,0.06000000,1
1507300820,22865925,298.00,20.00000000,1
1507300820,22865924,298.00,0.50000000,1
1507300819,22865923,298.01,161.66700000,1
1507300819,22865922,298.01,0.20270000,0
1507300819,22865921,298.02,49.40854300,1
1507300819,22865920,298.05,0.10000000,1
1507300818,22865919,298.17,0.06536540,1
1507300818,22865918,298.17,1.43146823,0
1507300818,22865916,298.20,0.10000000,1
1507300818,22865915,298.28,0.04482366,1
1507300818,22865914,298.44,0.06000000,1
1507300817,22865913,298.47,0.06529970,1
1507300817,22865912,298.60,124.00000000,1
1507300817,22865911,298.61,41.12194500,1
1507300817,22865910,298.62,0.44040393,1
1507300816,22865909,298.77,0.06523413,1
1507300816,22865908,298.89,0.06000000,1
1507300816,22865907,299.07,0.06516869,1
1507300816,22865906,299.20,0.33200485,0
1507300815,22865905,299.29,0.06000000,1
1507300815,22865904,299.29,0.01671839,0
1507300815,22865903,299.34,15.00000000,1
1507300815,22865902,299.37,0.06510338,1
1507300815,22865901,299.37,24.10226800,0
1507300814,22865900,299.64,0.06000000,1
1507300814,22865899,299.66,0.83000000,1
1507300814,22865898,299.67,0.06533854,1
1507300814,22865897,299.94,0.06000000,1
1507300813,22865896,300.19,0.06000000,1
1507300813,22865895,300.20,4.13000000,1
1507300813,22865894,300.21,0.84478490,1
1507300812,22865893,300.39,0.06000000,1
1507300812,22865892,300.39,24.10230600,0
1507300812,22865891,300.54,0.06000000,1
1507300812,22865890,300.83,1.53963996,1
1507300810,22865889,300.85,7.46845936,1
1507300728,22865819,300.99,5.83079487,1
1507300728,22865817,300.99,0.39310000,1
1507300677,22865806,300.72,20.28517813,1
1507300616,22865751,301.17,0.08816798,0
1507300616,22865750,301.16,0.05611631,0
1507300616,22865749,301.10,0.05571571,0
1507300537,22865722,301.10,0.00428429,0
1507300537,22865721,301.00,0.00000032,0
1507300535,22865720,300.95,0.06000000,0
1507300525,22865719,300.62,3.85536798,1
1507300478,22865689,300.74,0.38825330,1
1507300420,22865621,300.70,2.60769950,1
1507300408,22865598,300.69,1.00000000,1
1507300381,22865573,300.65,3.35000000,1
1507300358,22865552,301.00,5.05113700,0
1507300352,22865544,300.60,3.64749700,0
1507300340,22865537,300.61,0.32000000,0
1507300339,22865533,300.61,1.06550227,1
1507300327,22865520,301.00,4.30000000,0
1507300082,22865335,299.10,0.09578576,1
1507300080,22865334,299.23,0.08000000,0
1507300079,22865333,299.08,0.10000000,1
1507300079,22865332,299.09,0.10000000,1
1507299964,22865277,300.03,0.01534852,1
1507299964,22865276,300.99,4.14064243,1
1507299884,22865192,300.59,0.85332171,1
1507299883,22865189,301.00,32.15681063,0
1507299882,22865188,300.92,0.10000000,0
1507299882,22865187,300.92,0.10000000,0
1507299882,22865186,300.73,0.10000000,0
1507299882,22865185,300.73,0.10000000,0
1507299882,22865184,300.60,0.43032938,0
1507299880,22865183,300.58,0.10000000,0
1507299880,22865182,300.58,0.10000000,0
1507299868,22865160,300.52,14.70313586,1
1507299867,22865158,300.49,0.20290000,0
1507299833,22865143,300.57,1.39455035,0
1507299831,22865142,300.38,0.26600000,0
1507299829,22865141,300.37,0.08604000,1
1507299817,22865134,299.49,19.54885822,1
1507299743,22865078,299.32,10.99396031,0
1507299743,22865077,299.33,4.47000000,1
1507299743,22865076,299.35,0.20290000,1
1507299743,22865075,299.37,1.74863050,1
1507299676,22864954,300.06,0.06721000,0
1507299667,22864944,300.05,1.74985000,1
1507299666,22864942,300.06,2.94637000,1
1507299640,22864919,300.05,6.11443579,1
1507299638,22864918,300.05,1.99980002,1
1507299631,22864916,299.68,0.26600000,1
1507299629,22864915,300.04,9.71352233,0
1507299629,22864914,300.04,1.99851259,1
1507299628,22864913,300.05,5.75556339,0
1507299553,22864863,299.65,0.38065303,1
1507299553,22864862,300.59,2.16823023,1
1507299552,22864858,300.59,0.37679000,1
1507299479,22864826,300.59,10.20000000,0
1507299479,22864825,300.44,0.20260000,0
1507299478,22864824,300.44,0.26600000,0
1507299478,22864823,300.42,1.99720391,0
1507299478,22864822,300.41,14.78917586,0
1507299468,22864816,299.25,0.06303361,1
1507299457,22864812,299.24,0.20260000,0
1507299457,22864811,299.24,10.20000000,0
1507299456,22864810,299.26,13.23012586,1
1507299445,22864805,300.58,12.80929831,1
1507299442,22864797,300.58,10.85070169,1
1507299439,22864795,300.58,6.34000000,1
1507299430,22864782,299.05,4.70000000,1
1507299429,22864781,299.06,1.06859730,1
1507299429,22864780,299.98,0.26600000,1
1507299429,22864779,300.02,0.30000000,1
1507299429,22864778,300.14,1.99250161,1
1507299425,22864776,300.13,15.19799790,1
1507299417,22864770,300.13,1.55905000,1
1507299241,22864655,300.99,0.58972058,0
1507299240,22864654,300.90,0.33275144,0
1507299240,22864653,300.86,0.52348770,0
1507299240,22864652,300.86,1.00000000,0
1507299240,22864651,300.60,18.26864235,0
1507299238,22864650,300.57,12.51449146,0
1507299118,22864497,300.49,0.32510000,0
1507299118,22864496,300.49,0.23000000,0
1507299118,22864495,300.47,0.26600000,0
1507299117,22864494,300.46,2.27468440,0
1507299079,22864477,300.59,3.81634353,0
1507299079,22864476,300.07,1.99953344,0
1507299078,22864475,300.03,0.20300000,0
1507299078,22864474,299.04,0.93298368,1
1507299078,22864473,299.04,5.47143042,1
1507299078,22864472,299.10,0.23000000,1
1507299078,22864470,299.12,0.82372930,1
1507299067,22864449,299.10,0.00016100,1
1507299067,22864448,299.12,0.23000000,1
1507298978,22864402,299.03,20.71164323,1
1507298978,22864401,299.07,0.04470525,1
1507298965,22864395,299.44,5.78917586,1
1507298952,22864375,299.38,0.35676891,1
1507298952,22864374,299.38,0.20300000,1
1507298945,22864367,299.37,0.72226048,1
1507298945,22864366,299.38,5.86000000,1
1507298935,22864355,299.35,9.00000000,1
1507298910,22864310,299.14,0.16945375,0
1507298908,22864308,299.74,0.26600000,1
1507298524,22864108,300.60,14.19363856,0
1507298524,22864107,300.59,1.81025970,0
