date,tid,price,amount,type
1507334247,22887149,1.18570,431.67000,0
1507334118,22887114,1.18569,109.99000,0
1507334114,22887104,1.18570,326.58054,0
1507334114,22887103,1.18569,110.08133,0
1507334070,22887070,1.18570,40.10000,0
1507334070,22887069,1.18569,110.00000,0
1507334051,22887061,1.18569,31.66000,0
1507334004,22887036,1.18569,249.99000,0
1507333991,22887019,1.18001,178.23630,0
1507333988,22887009,1.18000,226.51136,0
1507333124,22886437,1.18570,481.44023,0
1507333123,22886435,1.18570,481.23986,0
1507333123,22886434,1.18544,0.02014,0
1507333121,22886428,1.18544,16.66650,0
1507333121,22886426,1.18500,0.17196,0
1507333118,22886420,1.18500,142.51804,0
1507333117,22886419,1.18476,1.32035,0
1507333108,22886408,1.18476,995.82154,0
1507333106,22886403,1.18476,1491.83199,0
1507333102,22886398,1.18476,266.97864,0
1507333088,22886380,1.18476,33.70729,0
1507333080,22886361,1.18476,35.87267,0
1507333078,22886358,1.18476,35.87267,0
1507333074,22886347,1.18476,69.59197,0
1507333071,22886340,1.18476,33.70839,0
1507333066,22886315,1.18476,134.18750,0
1507333066,22886314,1.18476,34.33966,0
1507333063,22886301,1.18476,150.46083,0
1507333063,22886298,1.18476,83.08191,0
1507333061,22886295,1.18476,34.39000,0
1507333060,22886291,1.18476,34.38000,0
1507332916,22886151,1.18476,43.17000,0
1507332915,22886149,1.18476,43.19431,0
1507332899,22886135,1.18476,15.48790,0
1507332894,22886126,1.18476,43.17000,0
1507332892,22886123,1.18476,43.17000,0
1507332834,22886085,1.18476,54.20000,0
1507332830,22886077,1.18476,821.62424,0
1507332827,22886070,1.18476,500.43814,0
1507332826,22886067,1.18475,988.35879,0
1507332825,22886065,1.18475,843.88000,0
1507332824,22886059,1.18475,843.48000,0
1507332823,22886055,1.18475,1488.05869,0
1507332822,22886053,1.18475,836.22252,0
1507332822,22886052,1.18472,6.73000,0
1507332822,22886050,1.18376,0.14748,0
1507332729,22885965,1.18376,48.16011,0
1507332707,22885940,1.18376,255.47000,0
1507332686,22885923,1.18376,441.69000,0
1507332684,22885920,1.18376,1435.78000,0
1507332683,22885918,1.18376,267.05000,0
1507332682,22885914,1.18376,1290.65164,0
1507332681,22885910,1.18376,1261.05077,0
1507332681,22885909,1.18375,0.08923,0
1507332680,22885903,1.18375,29.13621,0
1507332674,22885898,1.18375,958.98000,0
1507332670,22885889,1.18375,1290.66255,0
1507332670,22885887,1.18375,994.06000,0
1507332669,22885883,1.18375,356.13000,0
1507332664,22885866,1.18375,365.16000,0
1507332657,22885860,1.18375,994.68000,0
1507332655,22885855,1.18375,11.10201,0
1507332655,22885854,1.18374,44.46272,0
1507332655,22885852,1.18374,55.53728,0
1507332655,22885851,1.18276,0.00272,0
1507332532,22885788,1.18276,993.95000,0
1507332529,22885785,1.18276,170.27000,0
1507332529,22885783,1.17793,60.00000,1
1507332528,22885781,1.18276,977.67000,0
1507332526,22885776,1.18276,1010.82000,0
1507332519,22885768,1.18276,168.20000,0
1507332463,22885740,1.18276,32.81505,0
1507332455,22885735,1.18276,635.59000,0
1507332448,22885729,1.18276,1010.68223,0
1507332448,22885727,1.18273,0.11777,0
1507332409,22885721,1.18273,61.41550,0
1507332399,22885719,1.18273,279.53000,0
1507332398,22885715,1.18273,1010.78000,0
1507332392,22885711,1.18273,1010.72000,0
1507332308,22885702,1.18273,786.21809,0
1507332295,22885692,1.18273,1010.71000,0
1507332234,22885658,1.18273,69.70000,0
1507332160,22885619,1.18273,54.17864,0
1507332160,22885617,1.18273,54.15000,0
1507332157,22885614,1.18273,58.58000,0
1507332129,22885601,1.18273,603.90000,0
1507332063,22885579,1.18176,2.18111,0
1507332062,22885577,1.18176,1343.88175,0
1507332058,22885574,1.18176,1486.34766,0
1507332055,22885570,1.18174,119.95418,0
1507332053,22885567,1.18176,1010.54000,0
1507332051,22885563,1.18174,1485.54896,0
1507332051,22885561,1.18174,977.66000,1
1507332049,22885556,1.18174,1010.26000,0
1507332018,22885536,1.18176,49.08974,0
1507332015,22885532,1.18176,49.07000,0
1507332015,22885530,1.18176,49.08974,0
1507331941,22885487,1.18174,81.97476,0
1507331829,22885452,1.18174,334.21000,0
1507331805,22885439,1.18174,106.91860,0
1507331795,22885422,1.18176,1009.80000,0
1507331794,22885419,1.18173,496.49000,1
1507331792,22885416,1.18174,16.80894,0
1507331792,22885415,1.18173,496.49106,0
1507331779,22885398,1.18173,58.18013,0
1507331488,22885178,1.18173,288.60875,0
1507331361,22885145,1.18171,1009.68000,0
1507331031,22885083,1.17677,3000.00000,1
1507331015,22885070,1.18173,32.83190,0
1507330977,22885029,1.18173,38.71505,0
1507330975,22885026,1.18173,38.71505,0
1507330964,22885020,1.18173,46.45806,0
1507330475,22884895,1.18172,69.72770,0
1507330470,22884892,1.18172,219.75857,0
1507330186,22884813,1.18172,429.06126,0
1507329817,22884607,1.17678,50.00000,0
1507329750,22884600,1.18173,50.76751,0
1507329734,22884595,1.18173,50.75205,0
1507328695,22884228,1.17679,734.21000,1
1507328560,22884118,1.17686,60.00000,1
1507328088,22883894,1.18171,45.71713,0
1507327931,22883835,1.17679,17.24326,1
1507327927,22883834,1.17676,97.31077,0
1507327509,22883709,1.17675,80.00000,1
1507327148,22883611,1.17679,558.27184,1
1507326480,22883405,1.17700,493.99000,0
1507326233,22883275,1.18174,60.66000,0
1507326233,22883274,1.18173,150.00000,0
1507326076,22883223,1.17696,100.00000,1
1507325804,22883157,1.18174,194.25824,0
1507325802,22883150,1.18137,1003.56689,1
1507325801,22883149,1.18139,13.57976,0
1507325801,22883147,1.18139,796.26698,0
1507325800,22883145,1.18137,233.83419,0
1507325797,22883140,1.18137,479.06704,0
1507325797,22883139,1.18137,245.40722,0
1507325665,22883077,1.18138,299.34352,0
1507325256,22882992,1.17684,100.00000,1
1507325008,22882915,1.18141,128.56707,1
1507325008,22882913,1.18141,964.76245,1
1507325006,22882904,1.18141,962.35854,1
1507324842,22882802,1.18140,1120.04588,0
1507324842,22882801,1.18139,500.00000,0
1507324838,22882791,1.18139,979.20519,0
1507324828,22882783,1.18139,125.70635,0
1507323963,22882403,1.17680,313.75261,1
1507323825,22882347,1.17680,52.67706,1
1507323823,22882338,1.17677,128.35989,0
1507323822,22882335,1.17677,560.33010,0
1507323820,22882325,1.17676,968.81706,1
1507323818,22882312,1.17677,227.68705,1
1507323817,22882301,1.17675,31.04030,1
1507323816,22882288,1.17676,221.94072,1
1507323682,22882212,1.17681,90.00000,1
1507323303,22881964,1.18139,239.56657,1
1507323303,22881963,1.18139,219.14974,1
1507323301,22881959,1.18140,379.95412,0
1507323263,22881928,1.18139,240.00000,0
1507323261,22881925,1.18139,459.14974,0
1507323212,22881893,1.18139,898.33645,0
1507323114,22881857,1.18138,431.07694,0
1507323112,22881846,1.18139,1338.12478,0
1507322978,22881801,1.18163,496.66987,0
1507322861,22881696,1.18168,49.66191,0
1507322770,22881591,1.17676,870.13095,0
1507322768,22881584,1.17676,77.37904,0
1507322764,22881579,1.17676,52.49001,0
1507322764,22881577,1.17676,19.89322,0
1507322231,22881324,1.17676,15.33443,0
1507321838,22881035,1.17675,170.47224,1
1507321834,22881030,1.17676,0.17573,1
1507321833,22881027,1.17676,34.97125,1
1507321832,22881021,1.17676,396.56069,1
1507321831,22881017,1.17676,385.41101,1
1507321514,22880916,1.17676,65.27598,1
1507321494,22880893,1.17676,349.82673,1
1507319192,22879835,1.17676,99.65031,1
1507318738,22879639,1.17676,316.14876,1
1507318735,22879638,1.17676,315.89601,1
1507318734,22879636,1.17676,312.92504,1
1507318733,22879634,1.17676,249.11022,1
1507318522,22879555,1.17676,7.00000,1
1507318171,22879416,1.17676,2377.19043,1
1507317901,22879331,1.17676,89.85784,1
1507317409,22878896,1.17774,521.77372,1
1507317404,22878887,1.17774,3259.35430,1
1507317402,22878885,1.17774,347.05453,1
1507317282,22878831,1.17774,769.43986,1
1507317280,22878828,1.17775,730.69986,1
1507317280,22878827,1.17776,38.74000,1
1507317274,22878822,1.17775,576.84129,1
1507317270,22878816,1.17775,0.28561,1
1507317270,22878815,1.17776,60.91000,1
1507317259,22878806,1.17775,0.29016,1
1507317259,22878805,1.17776,60.92000,1
1507316827,22878658,1.17775,2342.25579,1
1507316658,22878609,1.18249,7293.80405,0
1507315920,22878345,1.17774,102.37759,1
1507315902,22878328,1.17776,442.62924,1
1507315900,22878319,1.17776,705.86600,1
1507315690,22878209,1.17776,480.92973,1
1507315515,22878097,1.17776,409.70400,1
1507315510,22878093,1.17776,409.70400,1
1507315506,22878089,1.17776,1557.19240,1
1507315348,22877958,1.17776,60.00000,1
1507315199,22877901,1.17776,933.97463,1
1507314596,22877642,1.17872,0.24662,0
1507314595,22877639,1.17872,205.61886,0
1507314562,22877603,1.17872,93.65242,0
1507314560,22877602,1.17872,119.34131,0
1507314347,22877506,1.17872,342.06598,0
1507314336,22877498,1.17872,265.10111,0
1507314329,22877490,1.17874,0.00393,1
1507314328,22877487,1.17874,2038.15091,1
1507314327,22877481,1.17874,753.74553,1
1507314101,22877372,1.17874,100.00000,1
1507313793,22877252,1.17874,507.94756,1
1507313781,22877238,1.17874,388.08139,1
1507313779,22877232,1.17874,395.71529,1
1507313776,22877227,1.17874,395.71529,1
1507313765,22877215,1.17874,420.64010,1
1507313756,22877198,1.17876,608.35894,1
1507313756,22877197,1.17876,2906.25560,1
1507313754,22877195,1.17876,473.98000,1
1507313754,22877190,1.17876,957.34777,1
1507313750,22877185,1.17876,53.24240,1
1507313700,22877142,1.17876,0.81529,1
1507313700,22877141,1.17877,142.66440,1
1507313694,22877137,1.17974,154.87698,1
1507313688,22877130,1.17974,224.31877,1
1507313376,22876956,1.17974,625.39895,1
1507313028,22876794,1.18462,142.30601,0
1507312863,22876692,1.17974,136.12505,1
1507312846,22876686,1.17974,1327.52757,1
1507312829,22876674,1.17974,64.26840,1
1507312829,22876673,1.17974,32.59000,1
1507312805,22876637,1.17974,128.36314,1
1507312800,22876629,1.17974,183.24898,1
1507312752,22876610,1.17974,117.18901,1
1507312750,22876607,1.17974,46.54068,1
1507312749,22876604,1.17974,123.40999,1
1507312746,22876597,1.17974,33.64097,1
1507312746,22876596,1.17976,12.62026,1
1507312746,22876593,1.17976,458.48312,1
1507312734,22876568,1.17976,209.98272,1
1507312734,22876567,1.17977,10.00000,1
1507312729,22876560,1.17976,199.98272,1
1507312728,22876559,1.17977,20.00000,1
1507312721,22876542,1.17976,1064.60710,1
1507312721,22876539,1.17977,40.00000,1
1507312648,22876477,1.17977,89.98365,1
1507312609,22876424,1.17977,144.73161,1
1507312586,22876405,1.17977,163.86245,1
1507312575,22876356,1.17976,3.02631,1
1507312575,22876355,1.17977,470.00000,1
1507312011,22876029,1.17976,4.70389,1
1507312011,22876028,1.17977,930.00000,1
1507312006,22876026,1.17976,0.28334,1
1507312005,22876024,1.17978,58.38177,1
1507312001,22876018,1.17984,171.84437,1
1507311992,22876007,1.17997,99.19459,1
1507311989,22876004,1.17991,865.93660,0
1507311956,22875964,1.17987,194.41342,1
1507311935,22875915,1.17982,422.02882,0
1507311823,22875770,1.17977,368.00551,1
1507311801,22875754,1.17976,3046.31054,1
1507311800,22875750,1.17977,81.69857,0
1507311799,22875747,1.17977,81.73029,1
1507311798,22875740,1.17977,1840.13256,1
1507311792,22875721,1.17977,1841.05682,1
1507311785,22875701,1.17977,547.79275,1
1507311782,22875687,1.17977,60.00000,1
1507311773,22875657,1.17977,0.06711,1
1507311773,22875655,1.17979,101.37000,1
1507311744,22875597,1.17981,1167.92034,0
1507311744,22875594,1.17982,17.86648,1
1507311742,22875589,1.17983,206.49100,1
1507311662,22875489,1.17983,60.00000,1
1507311546,22875444,1.18500,100.17000,0
1507311544,22875433,1.17987,25.55443,0
1507311543,22875429,1.17980,101.37989,0
1507311536,22875422,1.17977,322.99999,1
1507311493,22875377,1.17977,191.70999,1
1507311471,22875358,1.17977,199.45007,1
1507311467,22875352,1.17977,199.45007,1
1507311438,22875309,1.17977,15.32067,1
1507311435,22875306,1.17982,336.63378,1
1507311435,22875305,1.17982,293.53296,1
1507311434,22875298,1.17982,15.32666,1
1507311433,22875296,1.17982,85.48405,1
1507311427,22875286,1.17982,15.34465,1
1507311425,22875281,1.17987,304.11295,1
1507310913,22874859,1.17990,575.75676,1
1507310448,22874661,1.17989,97.86075,1
1507310445,22874655,1.17985,97.86075,0
1507310164,22874516,1.18000,249.24654,1
1507309857,22874364,1.18499,158.49536,0
1507309856,22874363,1.17990,1.50464,0
1507309799,22874341,1.17980,0.00400,0
1507309798,22874338,1.17980,411.32000,0
1507309797,22874337,1.17987,99.67600,1
1507309342,22874106,1.17988,60.00000,1
1507308951,22873879,1.17990,371.08143,0
1507308949,22873873,1.17990,871.98000,0
1507308897,22873842,1.18011,110.16617,0
1507308729,22873762,1.18011,1026.25295,0
1507308630,22873725,1.18011,397.58450,0
1507308625,22873721,1.18011,15.32595,0
1507308623,22873716,1.18011,2661.83000,0
1507308562,22873687,1.18011,90.00000,1
1507308321,22873564,1.18569,82.02363,0
1507308072,22873356,1.17985,100.00000,0
1507307834,22873192,1.18570,174.88370,0
1507307834,22873191,1.18569,34.89255,0
1507307833,22873187,1.18568,209.99000,0
1507307762,22873103,1.18568,178.99801,0
1507307622,22872810,1.18010,8.76021,1
1507307621,22872802,1.18009,497.97450,1
1507307568,22872665,1.18570,225.22000,0
1507307541,22872627,1.18569,8.44225,0
1507307539,22872618,1.18570,109.51464,0
1507307537,22872605,1.18570,269.01000,0
1507307537,22872604,1.18569,110.00000,0
1507307536,22872598,1.18570,649.96000,0
1507307535,22872592,1.18570,43.22060,0
1507307533,22872588,1.18569,126.68000,0
1507307527,22872579,1.18570,225.62363,0
1507307526,22872578,1.18569,340.00000,0
1507307523,22872565,1.18570,15.24068,0
1507307522,22872560,1.18569,379.06197,0
1507307473,22872475,1.18569,1028.28874,0
1507307356,22872357,1.17974,1802.50151,1
1507307355,22872356,1.18028,349.48047,1
1507307355,22872355,1.18049,1990.00000,0
1507307355,22872354,1.18250,48.07797,1
1507307353,22872353,1.18318,209.94005,1
1507307315,22872331,1.18318,0.23256,1
1507307315,22872329,1.18319,50.68000,1
1507307267,22872287,1.18476,43.51357,1
1507307267,22872286,1.18512,13.59628,1
1507307250,22872276,1.18570,220.59000,0
1507307237,22872262,1.18570,810.25972,0
1507307235,22872260,1.18570,649.75000,0
1507307233,22872254,1.18570,649.70000,0
1507307203,22872221,1.18570,493.51000,0
1507307174,22872159,1.18570,504.17000,0
1507307165,22872138,1.18570,325.69000,0
1507307139,22872115,1.18570,334.01000,0
1507307100,22872065,1.18570,30.43726,0
1507307096,22872057,1.18570,1.61699,0
1507307096,22872056,1.18570,6.79810,0
1507307095,22872054,1.18560,6.79867,0
1507306960,22871960,1.18550,6.79925,0
1507306960,22871959,1.18540,6.79983,0
1507306960,22871957,1.18530,6.80041,0
1507306959,22871956,1.18520,6.80099,0
1507306959,22871954,1.18510,6.80156,0
1507306959,22871953,1.18500,6.80214,0
1507306959,22871952,1.18490,0.00709,0
1507306957,22871951,1.18490,6.79563,0
1507306957,22871950,1.18480,6.80330,0
1507306955,22871944,1.18474,0.00743,0
1507306954,22871941,1.18474,43.56000,0
1507306951,22871937,1.18474,493.71038,0
1507306942,22871925,1.18318,726.06896,1
1507306924,22871900,1.18474,15.23873,0
1507306922,22871898,1.18474,30.52971,0
1507306920,22871894,1.18474,15.25644,0
1507306843,22871833,1.18474,110.64000,0
1507306830,22871820,1.18474,142.93225,0
1507306828,22871818,1.18474,142.34550,0
1507306782,22871757,1.18474,67.33186,0
1507306779,22871749,1.18474,67.33186,0
1507306776,22871745,1.18474,142.59433,0
1507306775,22871743,1.18474,281.63966,0
1507306773,22871739,1.18474,217.16361,0
1507306773,22871738,1.18474,142.51972,0
1507306771,22871729,1.18474,306.91532,0
1507306758,22871709,1.18474,2780.28320,0
1507306757,22871708,1.18473,310.48090,0
1507306757,22871707,1.18470,6.80388,0
1507306757,22871706,1.18460,6.80446,0
1507306757,22871705,1.18450,6.80504,0
1507306757,22871704,1.18440,6.80561,0
1507306757,22871703,1.18430,6.80619,0
1507306757,22871702,1.18428,4005.09226,0
1507306757,22871701,1.18420,6.80677,0
1507306757,22871700,1.18410,6.80735,0
1507306757,22871699,1.18406,1345.51283,0
1507306757,22871698,1.18400,6.80793,0
1507306756,22871697,1.18400,6.59648,0
1507306756,22871696,1.18390,6.80851,0
1507306756,22871695,1.18380,6.80909,0
1507306756,22871694,1.18374,2042.11891,0
1507306749,22871678,1.18374,52.35989,0
1507306747,22871673,1.18374,142.47357,0
1507306747,22871670,1.18374,307.73176,0
1507306746,22871664,1.18374,295.80647,0
1507306717,22871636,1.18374,142.34681,0
1507306690,22871609,1.18374,2017.16259,0
1507306689,22871608,1.18370,6.80967,0
1507306689,22871607,1.18360,6.81025,0
1507306689,22871606,1.18350,6.81083,0
1507306689,22871605,1.18340,6.81141,0
1507306689,22871604,1.18330,6.81199,0
1507306689,22871603,1.18328,4988.18495,0
1507306681,22871545,1.18328,11.81505,0
1507306681,22871544,1.18326,0.05945,0
1507306679,22871541,1.18326,11.82968,0
1507306581,22871419,1.18326,142.38055,0
1507306579,22871416,1.18326,1139.37000,0
1507306576,22871412,1.18326,142.31064,0
1507306573,22871408,1.18326,142.23599,0
1507306568,22871401,1.18326,142.16135,0
1507306563,22871393,1.18326,142.15305,0
1507306558,22871390,1.18326,142.07838,0
1507306554,22871381,1.18326,142.00373,0
1507306547,22871365,1.18326,879.71000,0
1507306546,22871361,1.18326,184.58326,0
1507306544,22871356,1.18326,1654.05000,0
1507306539,22871347,1.18326,135.07392,0
1507306538,22871346,1.18320,6.81257,0
1507306533,22871331,1.18316,937.74000,0
1507306496,22871267,1.18316,43.09484,0
1507306493,22871259,1.18316,42.91524,0
1507306491,22871251,1.18316,17.14409,0
1507306491,22871249,1.18248,15.22776,0
1507306491,22871247,1.18248,33.02815,0
1507306490,22871244,1.18248,67.40162,0
1507306490,22871241,1.18152,0.06791,0
1507306413,22871134,1.18250,93.42269,1
1507306413,22871132,1.18262,6.77940,1
1507306243,22870981,1.18316,8.30387,0
1507306239,22870953,1.18316,314.67444,0
1507306237,22870940,1.18316,889.99873,0
1507306237,22870938,1.18315,547.31780,0
1507306236,22870936,1.18315,500.00000,0
1507306236,22870934,1.18310,6.81315,0
1507306236,22870932,1.18306,35.01087,0
1507306236,22870931,1.18300,6.81373,0
1507306236,22870929,1.18290,6.81431,0
1507306236,22870928,1.18280,6.81489,0
1507306236,22870927,1.18274,3628.80547,0
1507306234,22870907,1.18274,292.13000,0
1507306234,22870903,1.18274,1079.06453,0
1507306234,22870899,1.18270,6.81547,0
1507306232,22870874,1.18260,6.81605,0
1507306230,22870860,1.18250,6.81663,0
1507306229,22870848,1.18250,7352.79707,0
1507306228,22870845,1.18250,344.10695,0
1507306224,22870827,1.18250,272.60000,0
1507306214,22870801,1.18250,272.60000,0
1507306211,22870793,1.18250,1034.64241,0
1507306208,22870787,1.18250,2285.25000,0
1507306192,22870767,1.18250,861.71734,0
1507306182,22870745,1.18250,30.37604,0
1507306174,22870715,1.18250,121.49606,0
1507306174,22870713,1.18250,394.05000,0
1507306151,22870687,1.18250,247.56000,0
1507306142,22870677,1.18249,84.00410,0
1507306141,22870676,1.18249,83.98000,0
1507306138,22870671,1.18249,83.99000,0
1507306136,22870663,1.18249,202.44000,0
1507306120,22870649,1.18250,242.92000,0
1507306118,22870644,1.18250,243.00023,0
1507306110,22870640,1.18250,146.90000,0
1507306107,22870636,1.18250,146.94982,0
1507306099,22870632,1.18250,174.50830,0
1507306098,22870627,1.18250,297.79000,0
1507306078,22870604,1.18250,67.32906,0
1507306077,22870599,1.18250,1068.87000,0
1507306074,22870594,1.18250,1068.78000,0
1507306067,22870587,1.18250,421.25000,0
1507306063,22870583,1.18250,1030.02660,0
1507306062,22870581,1.18250,589.59000,0
1507306060,22870576,1.18250,770.19000,0
1507306054,22870573,1.18250,421.69154,0
1507306050,22870571,1.18250,256.37818,0
1507306045,22870567,1.18250,121.38000,0
1507305923,22870491,1.18250,630.08000,0
1507305922,22870487,1.18250,591.47467,0
1507305920,22870480,1.18250,331.34656,0
1507305881,22870433,1.18250,247.67000,0
1507305881,22870432,1.18250,926.35818,0
1507305881,22870431,1.18249,84.47182,0
1507305880,22870429,1.18249,120.44311,0
1507305878,22870421,1.18249,890.62000,0
1507305877,22870414,1.18249,120.32083,0
1507305876,22870413,1.18249,1873.37000,0
1507305874,22870407,1.18249,1680.77000,0
1507305874,22870405,1.18249,120.18208,0
1507305871,22870390,1.18249,120.06383,0
1507305871,22870386,1.18249,191.68000,0
1507305868,22870365,1.18249,65.83728,0
1507305864,22870361,1.18249,119.87799,0
1507305863,22870359,1.18249,225.48000,0
1507305861,22870355,1.18249,119.75974,0
1507305858,22870351,1.18249,119.63749,0
1507305855,22870346,1.18249,15.19575,0
1507305854,22870345,1.18249,225.35000,0
1507305851,22870342,1.18249,1121.72054,0
1507305849,22870339,1.18249,296.77000,0
1507305847,22870336,1.18249,1054.91000,0
1507305847,22870333,1.18249,1037.73029,0
1507305847,22870332,1.18152,82.90753,0
1507305846,22870328,1.18154,202.48061,1
1507305845,22870326,1.18154,95.23674,1
1507305845,22870325,1.18249,1707.44000,0
1507305844,22870323,1.18249,822.95467,0
1507305840,22870313,1.18249,822.54528,0
1507305835,22870304,1.18249,560.61800,0
1507305835,22870303,1.18152,27.17402,0
1507305835,22870300,1.18152,271.00018,0
1507305835,22870298,1.18028,260.81006,1
1507305834,22870297,1.18028,207.18915,1
1507305833,22870288,1.18152,27.17402,1
1507305832,22870278,1.18152,258.21412,1
1507305832,22870274,1.18249,9.15079,0
1507305831,22870272,1.18176,10.97442,1
1507305829,22870271,1.18249,561.77370,0
1507305826,22870260,1.18249,51.36062,0
1507305825,22870258,1.18249,121.74309,0
1507305824,22870252,1.18249,400.54194,0
1507305820,22870248,1.18249,559.15322,0
1507305820,22870246,1.18248,1.60825,0
1507305815,22870241,1.18248,15.20855,0
1507305813,22870235,1.18248,15.20855,0
1507305799,22870202,1.18249,15.21856,0
1507305796,22870200,1.18249,15.22616,0
1507305776,22870191,1.18249,1301.30000,0
1507305770,22870177,1.18249,562.05902,0
1507305768,22870174,1.18249,1302.47000,0
1507305766,22870171,1.18249,561.77931,0
1507305766,22870167,1.18249,283.92000,0
1507305764,22870162,1.18249,1017.97000,0
1507305763,22870157,1.18249,561.49959,0
1507305762,22870154,1.18249,1301.30000,0
1507305761,22870149,1.18249,168.59824,0
1507305758,22870143,1.18249,560.15819,0
1507305755,22870138,1.18249,559.88894,0
1507305752,22870129,1.18249,265.37856,0
1507305752,22870128,1.18248,294.23115,0
1507305749,22870120,1.18249,559.33049,0
1507305745,22870112,1.18249,557.30646,0
1507305744,22870110,1.18249,192.54000,0
1507305741,22870099,1.18249,559.70407,0
1507305740,22870097,1.18249,1478.30000,0
1507305727,22870084,1.18249,398.42000,0
1507305726,22870080,1.18249,1079.24035,0
1507305726,22870078,1.18248,0.00965,0
1507305725,22870077,1.18248,334.72000,0
1507305724,22870072,1.18249,1476.92000,0
1507305722,22870065,1.18248,91.57000,0
1507305719,22870057,1.18248,268.67477,0
1507305719,22870056,1.18240,6.81721,0
1507305719,22870055,1.18230,72.64822,0
1507305719,22870054,1.18230,6.81779,0
1507305719,22870053,1.18230,5.29096,0
1507305719,22870052,1.18226,0.00105,0
1507305717,22870049,1.18226,586.75000,0
1507305714,22870046,1.18226,98.07334,0
1507305714,22870044,1.18176,86.36159,1
1507305714,22870042,1.18212,13.63841,1
1507305709,22870039,1.18226,97.95375,0
1507305706,22870035,1.18226,97.84915,0
1507305702,22870030,1.18226,97.74783,0
1507305699,22870024,1.18226,97.65820,0
1507305696,22870022,1.18226,1476.09000,0
1507305695,22870017,1.18226,97.55362,0
1507305694,22870014,1.18226,598.29000,0
1507305692,22870006,1.18226,1538.30000,0
1507305690,22870004,1.18226,51.98734,0
1507305687,22870000,1.18226,97.46662,0
1507305682,22869991,1.18226,64.27910,0
1507305682,22869990,1.18220,6.81838,0
1507305682,22869989,1.18210,6.81896,0
1507305682,22869988,1.18200,6.81954,0
1507305682,22869987,1.18190,0.01402,0
1507305681,22869986,1.18190,6.80610,0
1507305681,22869984,1.18180,6.75082,0
1507305675,22869977,1.18174,356.07812,0
1507305674,22869974,1.18174,570.04078,0
1507305670,22869968,1.18174,714.40000,0
1507305670,22869965,1.18174,569.68510,0
1507305669,22869964,1.18174,25.37289,0
1507305667,22869962,1.18174,60.93011,0
1507305664,22869957,1.18174,569.34650,0
1507305660,22869952,1.18174,567.38395,0
1507305638,22869928,1.18174,308.24926,0
1507305638,22869925,1.18174,566.95421,0
1507305635,22869914,1.18174,306.63098,0
1507305633,22869908,1.18174,363.50831,0
1507305633,22869907,1.18174,21.41979,0
1507305630,22869900,1.18150,1.43313,0
1507305629,22869897,1.18150,285.19270,0
1507305628,22869894,1.18149,1.17210,0
1507305627,22869892,1.18149,266.17040,0
1507305626,22869884,1.18149,308.63828,0
1507305559,22869835,1.18150,248.74000,0
1507305559,22869834,1.18150,225.00700,0
1507305558,22869831,1.18150,487.42598,0
1507305556,22869810,1.18150,469.30772,0
1507305555,22869808,1.18150,2861.84422,0
1507305555,22869802,1.18150,1405.71822,0
1507305554,22869801,1.18149,267.07178,0
1507305553,22869793,1.18149,308.93290,0
1507305552,22869787,1.18150,292.38000,0
1507305552,22869785,1.18150,850.54839,0
1507305551,22869780,1.18150,2251.17168,0
1507305550,22869776,1.18150,307.24542,0
1507305548,22869760,1.18150,169.86452,0
1507305548,22869757,1.18150,144.12102,0
1507305548,22869755,1.18149,150.45898,0
1507305547,22869751,1.18149,849.54102,0
1507305547,22869750,1.18126,0.56043,0
1507305515,22869704,1.18126,224.12945,0
1507305510,22869688,1.18126,331.21823,0
1507305476,22869660,1.18126,1146.00843,0
1507305407,22869627,1.18126,841.65780,0
1507305402,22869618,1.18126,842.23630,0
1507305397,22869610,1.18126,1614.18936,0
1507305397,22869609,1.18100,6.82536,0
1507305396,22869608,1.18100,2.83505,0
1507305396,22869607,1.18074,3.25353,0
1507305388,22869592,1.18074,3931.28669,0
1507305382,22869579,1.18074,850.91978,0
1507305379,22869574,1.18074,214.54000,0
1507305331,22869551,1.18026,4396.53949,0
1507305330,22869548,1.18026,603.46051,0
1507305330,22869547,1.18020,6.83002,0
1507305325,22869539,1.18000,0.06434,0
1507305324,22869531,1.18000,58.46235,0
1507305321,22869518,1.18000,357.64728,0
1507305320,22869516,1.18000,583.82603,0
1507305319,22869515,1.18000,6.83118,0
1507305319,22869513,1.18000,447.19279,0
1507305316,22869512,1.18000,283.13499,0
1507305316,22869511,1.18000,74.15673,0
1507305312,22869503,1.18000,356.91580,0
1507305308,22869489,1.18000,356.53144,0
1507305308,22869486,1.18000,201.36000,0
1507305305,22869480,1.18000,356.19963,0
1507305305,22869477,1.18000,1060.42000,0
1507305302,22869468,1.18000,355.82375,0
1507305300,22869463,1.18000,796.64000,0
1507305298,22869458,1.18000,355.48003,0
1507305294,22869449,1.18000,355.11264,0
1507305292,22869444,1.18000,536.63318,0
1507305292,22869443,1.18000,390.18169,0
1507305292,22869442,1.18000,50.00000,0
1507305292,22869441,1.18000,129.59513,0
1507305290,22869435,1.18000,1106.05000,0
1507305289,22869433,1.18000,25.41779,0
1507305287,22869429,1.18000,421.96294,0
1507305287,22869428,1.18000,628.02714,0
1507305287,22869426,1.18000,210.67992,0
1507305286,22869424,1.18000,25.42033,0
1507305282,22869419,1.18000,25.42033,0
1507305279,22869411,1.18000,25.42287,0
1507305278,22869408,1.18000,1639.95868,0
1507305277,22869407,1.18000,47.59022,0
1507305277,22869406,1.18000,441.09999,0
1507305277,22869405,1.18000,120.00000,0
1507305277,22869404,1.18000,50.00000,0
1507305277,22869403,1.18000,246.34000,0
1507305277,22869402,1.18000,28.28999,0
1507305277,22869401,1.18000,425.57958,0
1507305275,22869398,1.18000,405.17156,0
1507305275,22869395,1.18000,232.41143,0
1507305274,22869394,1.18000,8.02857,0
1507305272,22869387,1.18000,404.29503,0
1507305271,22869384,1.18000,240.17000,0
1507305269,22869380,1.18000,404.02357,0
1507305214,22869352,1.18000,1454.61531,0
1507305213,22869350,1.18000,240.01000,0
1507305211,22869344,1.18000,179.67000,0
1507305210,22869340,1.18000,1286.79542,0
1507305210,22869338,1.18000,55.07000,0
1507305209,22869332,1.18000,59.94000,0
1507305208,22869329,1.18000,107.49394,0
1507305207,22869323,1.18000,859.53309,0
1507305206,22869322,1.18000,358.99316,0
1507305204,22869314,1.18000,60.35673,0
1507305203,22869312,1.18000,2797.20106,0
1507305203,22869311,1.18000,71.48937,0
1507305203,22869309,1.18000,21.60653,0
1507305203,22869308,1.18000,49.87000,0
1507305203,22869307,1.18000,54.87448,0
1507305195,22869266,1.18000,11.44933,0
1507305194,22869265,1.18000,22.16965,0
1507305194,22869264,1.18000,45.68847,0
1507305194,22869262,1.17999,100.00000,0
1507305163,22869246,1.18000,25.78807,0
1507305163,22869245,1.18000,88.49345,0
1507305162,22869244,1.18000,90.17873,0
1507305162,22869243,1.18000,25.49788,0
1507305162,22869242,1.18000,31.72996,0
1507305162,22869241,1.18000,69.99999,0
1507305162,22869240,1.18000,428.66000,0
1507305162,22869239,1.18000,428.66000,0
1507305161,22869238,1.18000,211.18032,0
1507305161,22869236,1.18000,217.47968,0
1507305161,22869235,1.18000,103.05000,0
1507305161,22869234,1.18000,61.82999,0
1507305161,22869233,1.18000,25.50000,0
1507305161,22869231,1.18000,50.00000,0
1507305160,22869229,1.18000,49.90999,0
1507305160,22869228,1.18000,61.83000,0
1507305160,22869226,1.18000,42.51805,0
1507305160,22869225,1.18000,29.26417,0
1507305160,22869224,1.18000,139.70579,0
1507305159,22869222,1.18000,334.32004,0
1507305159,22869221,1.18000,61.71417,0
1507305157,22869217,1.18000,60.53000,0
1507305157,22869216,1.18000,1326.71472,0
1507305157,22869215,1.17999,71.18835,0
1507305156,22869211,1.17999,279.07000,1
1507305156,22869210,1.18000,30.99000,0
1507305155,22869208,1.18000,11.59739,0
1507305155,22869207,1.18000,559.35241,0
1507305155,22869205,1.18000,51.86324,0
1507305155,22869204,1.18000,199.97676,0
1507305154,22869201,1.18000,396.18253,0
1507305151,22869193,1.18000,30.95000,0
1507305151,22869191,1.18000,30.93274,0
1507305149,22869186,1.18000,359.25473,0
1507305149,22869185,1.18000,449.36228,0
1507305149,22869183,1.18000,336.94772,0
1507305148,22869181,1.18000,868.58515,0
1507305148,22869179,1.18000,490.22126,0
1507305148,22869177,1.18000,30.92000,0
1507305148,22869176,1.18000,30.93274,0
1507305144,22869172,1.18000,558.90000,0
1507305143,22869170,1.18000,213.27600,0
1507305143,22869168,1.18000,397.60449,0
1507305139,22869157,1.18000,185.80948,0
1507305136,22869150,1.18000,1322.14691,0
1507305136,22869147,1.18000,129.62423,0
1507305133,22869137,1.18000,11.30576,0
1507305132,22869135,1.18000,267.32245,0
1507305131,22869131,1.18000,830.28005,0
1507305131,22869129,1.17999,279.07390,0
1507305129,22869125,1.18000,295.73000,0
1507305129,22869123,1.18000,319.83431,0
1507305129,22869120,1.18000,71.16884,0
1507305128,22869117,1.18000,40.52668,0
1507305128,22869115,1.18000,111.75131,0
1507305128,22869113,1.18000,111.69552,0
1507305128,22869111,1.18000,66.24696,0
1507305127,22869109,1.18000,44.23278,0
1507305127,22869108,1.18000,15.57675,0
1507305126,22869106,1.18000,75.41345,0
1507305126,22869105,1.18000,91.03121,0
1507305126,22869104,1.18000,56.41534,0
1507305126,22869101,1.18000,1325.03147,0
1507305125,22869099,1.18000,50.00000,0
1507305125,22869098,1.18000,76.53999,0
1507305124,22869092,1.18000,76.53618,0
1507305124,22869089,1.18000,592.39306,0
1507305123,22869087,1.18000,277.30000,0
1507305122,22869083,1.18000,170.48693,0
1507305122,22869081,1.18000,67.55973,0
1507305121,22869077,1.18000,238.80000,0
1507305120,22869072,1.18000,1263.52964,0
1507305119,22869070,1.18000,1032.49261,0
1507305119,22869068,1.17999,238.79960,0
1507305070,22869019,1.18000,62.09293,0
1507305069,22869017,1.18000,118.84231,0
1507305067,22869011,1.18000,180.94643,0
1507305067,22869006,1.18000,1082.74744,0
1507305067,22869004,1.18000,24.42256,0
1507305066,22869001,1.18000,1054.58577,0
1507305066,22868999,1.17999,0.00225,0
1507305066,22868998,1.17999,181.12000,0
1507305065,22868995,1.17550,60.00000,0
1507305063,22868992,1.18000,590.65125,0
1507305063,22868990,1.18000,1279.24257,0
1507305063,22868989,1.18000,250.00000,0
1507305063,22868987,1.18000,707.01835,0
1507305062,22868985,1.18000,788.90854,0
1507305062,22868984,1.17999,0.64408,0
1507305059,22868980,1.17999,199.42402,0
1507305040,22868961,1.17999,184.78710,0
1507304983,22868935,1.18000,1092.14533,0
1507304973,22868932,1.18000,64.13663,0
1507304973,22868931,1.18000,277.15000,0
1507304973,22868930,1.18000,30.91375,0
1507304973,22868929,1.17999,167.31430,0
1507304972,22868925,1.17999,27.05000,0
1507304970,22868904,1.18000,22.75942,0
1507304969,22868903,1.18000,100.50549,0
1507304969,22868896,1.18000,69.66460,0
1507304969,22868894,1.18000,16.94915,0
1507304967,22868886,1.18000,230.31494,0
1507304966,22868876,1.18000,908.27268,0
1507304965,22868875,1.17999,0.00965,0
1507304962,22868849,1.17999,276.96000,0
1507304879,22868774,1.17999,255.25315,0
1507304878,22868772,1.18000,307.78696,0
1507304870,22868762,1.18000,205.26212,0
1507304870,22868761,1.17999,63.78804,0
1507304868,22868757,1.17999,269.05016,0
1507304856,22868747,1.17999,367.40272,0
1507304846,22868744,1.17999,126.42626,0
1507304841,22868739,1.17999,279.78906,0
1507304834,22868737,1.17999,143.41881,0
1507304828,22868732,1.17999,305.43566,0
1507304817,22868725,1.17999,490.98935,0
1507304806,22868717,1.17999,542.47752,0
1507304789,22868711,1.17999,599.36429,0
1507304774,22868703,1.17999,575.54314,0
1507304756,22868694,1.18000,114.05715,0
1507304756,22868693,1.18000,41.31057,0
1507304756,22868692,1.18000,499.93192,0
1507304756,22868690,1.18000,41.31057,0
1507304756,22868689,1.18000,0.26717,0
1507304755,22868688,1.18000,8.53953,0
1507304755,22868686,1.17999,0.52491,0
1507304751,22868683,1.17999,636.02069,0
1507304737,22868676,1.17999,702.63375,0
1507304727,22868672,1.17999,776.31298,0
1507304719,22868667,1.17999,857.71859,0
1507304698,22868659,1.17999,51.80000,0
1507304676,22868654,1.17999,943.09690,0
1507304663,22868651,1.18000,1.46534,0
1507304663,22868650,1.18000,45.08685,0
1507304663,22868649,1.18000,172.62999,0
1507304663,22868647,1.18000,377.33133,0
1507304663,22868646,1.17999,2.54946,0
1507304661,22868644,1.17999,1041.18514,0
1507304660,22868642,1.17999,980.60654,0
1507304621,22868624,1.17999,1447.98365,0
1507304620,22868621,1.17999,309.06518,0
1507304619,22868614,1.17999,309.05789,0
1507304618,22868610,1.17999,1447.26500,0
1507304618,22868608,1.17999,309.03593,0
1507304617,22868604,1.17999,309.67677,0
1507304616,22868600,1.17999,310.15002,0
1507304596,22868578,1.17999,2451.99856,0
1507304594,22868577,1.17999,619.46237,0
1507304594,22868575,1.17999,3261.93000,0
1507304593,22868572,1.17999,1446.53639,0
1507304592,22868568,1.17999,295.64000,0
1507304592,22868566,1.17999,1231.50302,0
1507304591,22868556,1.17999,3308.67000,0
1507304590,22868551,1.17999,79.89491,0
1507304588,22868535,1.17999,295.97000,0
1507304587,22868530,1.17999,309.58660,0
1507304587,22868526,1.17999,1445.77783,0
1507304586,22868522,1.17999,615.24146,0
1507304544,22868488,1.17999,560.38000,0
1507304538,22868482,1.17999,309.78058,0
1507304538,22868479,1.17999,1317.70925,0
1507304537,22868477,1.17999,258.66791,0
1507304535,22868472,1.17999,136.82290,0
1507304534,22868469,1.17999,51.05275,0
1507304533,22868467,1.17999,383.42354,0
1507304531,22868462,1.17999,60.58729,0
1507304530,22868460,1.17998,60.70020,0
1507304529,22868459,1.17974,3.52386,0
1507304509,22868417,1.17974,4996.47614,0
1507304506,22868416,1.17973,1273.05911,0
1507304506,22868414,1.17875,4.75235,0
1507304502,22868411,1.17875,4995.24765,0
1507304502,22868410,1.17874,3.58539,0
1507304498,22868406,1.17874,3682.99207,0
1507304264,22868223,1.17874,494.31031,0
1507304211,22868184,1.17874,126.25058,0
1507304208,22868178,1.17874,126.25165,0
1507304208,22868175,1.17873,13.98000,0
1507304207,22868173,1.17873,126.02000,0
1507304163,22868146,1.17874,566.61000,0
1507304163,22868144,1.17873,270.00000,0
1507304146,22868125,1.17873,84.20000,0
1507304146,22868124,1.17873,445.80000,0
1507303808,22867963,1.17873,737.58330,0
1507303651,22867834,1.17406,449.26834,1
1507303354,22867705,1.17412,60.00000,1
1507302787,22867368,1.17775,206.87590,1
1507302609,22867240,1.17775,289.61652,1
1507302609,22867239,1.17775,46.86253,1
1507302417,22867054,1.17775,410.60193,1
1507302417,22867051,1.17775,39.02796,0
1507302416,22867050,1.17775,465.04032,0
1507302412,22867045,1.17775,184.31143,0
1507302359,22866991,1.17775,69.62173,0
1507302359,22866987,1.17775,72.37000,0
1507302358,22866986,1.17775,70.34285,0
1507302356,22866980,1.17775,2037.78391,0
1507302353,22866960,1.17775,219.74726,0
1507302254,22866895,1.17399,54.91952,1
1507302252,22866894,1.17750,18.14048,1
1507302155,22866823,1.17750,61.12999,1
1507302099,22866793,1.17775,15.35818,0
1507302094,22866791,1.17750,400.61000,1
1507301949,22866724,1.17775,464.90091,0
1507301946,22866719,1.17775,578.89514,0
1507301942,22866715,1.17775,133.87839,0
1507301939,22866711,1.17775,133.87839,0
1507301936,22866707,1.17750,102.91000,1
1507301936,22866706,1.17775,102.91000,0
1507301934,22866704,1.17775,102.98338,0
1507301931,22866700,1.17775,308.95015,0
1507301927,22866698,1.17750,2764.20462,0
1507301926,22866696,1.17403,204.01633,1
1507301926,22866695,1.17750,204.01634,0
1507301926,22866694,1.17750,179.78868,0
1507301925,22866692,1.17750,204.40293,0
1507301923,22866684,1.17750,677.96597,0
1507301923,22866683,1.17750,192.23724,0
1507301922,22866681,1.17750,3372.13948,0
1507301922,22866677,1.17750,99.49573,0
1507301909,22866666,1.17433,37.22999,1
1507301812,22866618,1.17750,335.71528,0
1507301807,22866611,1.17750,335.54465,0
1507301770,22866574,1.17750,211.44537,0
1507301768,22866572,1.17750,311.71746,0
1507301766,22866569,1.17750,775.40457,0
1507301766,22866567,1.17750,335.92168,0
1507301764,22866561,1.17725,0.05194,0
1507301751,22866547,1.17725,44.52198,0
1507301634,22866505,1.17725,478.24967,0
1507301630,22866501,1.17725,477.17641,0
1507301630,22866500,1.17725,1.07322,0
1507301056,22866183,1.17725,920.41927,0
1507301046,22866149,1.17407,43.12357,1
1507300958,22866067,1.17400,77.28000,1
1507300923,22866039,1.17403,60.96647,1
1507300905,22866036,1.17403,60.00000,1
1507300902,22866034,1.17399,10.94827,1
1507300902,22866033,1.17402,111.75172,1
1507300832,22865981,1.17400,104.87000,1
1507300831,22865976,1.17400,50.99000,1
1507300829,22865974,1.17399,104.87000,1
1507300827,22865966,1.17399,51.20000,1
1507300825,22865962,1.17438,50.96102,1
1507300825,22865960,1.17438,127.27828,1
1507300825,22865959,1.17438,28.37172,1
1507300824,22865953,1.17438,412.11178,1
1507300824,22865948,1.17438,122.72172,1
1507300824,22865939,1.17438,85.49883,1
1507300823,22865936,1.17438,47.52968,1
1507300493,22865700,1.17375,358.77336,1
1507300478,22865690,1.17725,432.45996,0
1507300475,22865685,1.17725,2663.82202,0
1507300470,22865679,1.17725,2663.59567,0
1507300461,22865672,1.17725,2663.35717,0
1507300458,22865665,1.17725,655.27269,0
1507300458,22865663,1.17715,2.20115,0
1507300454,22865656,1.17715,1045.34893,0
1507300448,22865651,1.17715,2662.88895,0
1507300442,22865640,1.17715,2662.43648,0
1507300438,22865636,1.17715,2661.98410,0
1507300415,22865616,1.17715,269.84932,0
1507300399,22865589,1.17715,695.29107,0
1507300399,22865588,1.17710,0.09823,0
1507300363,22865555,1.17710,99.71804,0
1507300339,22865532,1.17710,271.76959,0
1507300321,22865501,1.17710,3696.96375,0
1507300319,22865497,1.17710,5931.45039,0
1507300319,22865496,1.17700,7.30138,0
1507300316,22865493,1.17700,1454.07414,0
1507300316,22865491,1.17700,1021.04034,0
1507300316,22865490,1.17700,2176.44394,0
1507300311,22865486,1.17700,5931.68445,0
1507300308,22865481,1.17699,988.72318,0
1507299804,22865122,1.17263,142.71849,1
1507299738,22865074,1.17261,85.63065,0
1507299737,22865073,1.17261,78.78000,1
1507299733,22865064,1.17261,103.90000,1
1507299732,22865060,1.17261,17.19815,1
1507299732,22865059,1.17261,78.40005,1
1507299732,22865056,1.17261,884.15931,1
1507299671,22864950,1.17262,103.01000,1
1507299669,22864947,1.17261,690.17999,1
1507299665,22864936,1.17261,70.00000,1
1507299417,22864768,1.17261,371.12747,1
1507299243,22864657,1.17699,109.79511,0
1507298685,22864215,1.17261,70.00000,1
1507297983,22863767,1.17699,55.03470,0
1507297983,22863765,1.17699,1.29076,0
1507297938,22863727,1.17699,998.70924,0
1507297936,22863722,1.17698,0.33560,0
1507297936,22863721,1.17698,259.66440,0
1507297635,22863568,1.17698,508.34086,0
1507297502,22863448,1.17699,748.91148,0
1507297448,22863353,1.17699,42.37953,0
1507297312,22863218,1.17261,100.00000,1
1507297301,22863210,1.17261,100.00000,1
1507297239,22863162,1.17261,146.35963,1
1507296024,22862218,1.17700,102.67696,0
1507296013,22862208,1.17700,8.13656,0
1507296008,22862195,1.17699,112.59747,0
1507295980,22862175,1.17700,335.16828,0
1507295977,22862174,1.17693,197.77163,0
1507295977,22862172,1.17692,0.00622,0
1507295972,22862165,1.17692,429.93000,0
1507295969,22862163,1.17692,8.40639,0
1507295965,22862159,1.17692,334.89888,0
1507295962,22862157,1.17692,226.75851,0
1507295961,22862156,1.17680,0.28667,0
1507295957,22862150,1.17680,116.25664,0
1507295954,22862144,1.17680,334.51518,0
1507295951,22862139,1.17679,334.79051,0
1507295947,22862130,1.17678,23.02635,0
1507295947,22862129,1.17677,0.01000,0
1507295946,22862126,1.17677,869.99000,0
1507295906,22862097,1.17258,287.30125,1
1507295832,22862049,1.17680,1126.63824,0
1507295825,22862045,1.17680,144.26392,0
1507295824,22862043,1.17680,107.63121,0
1507295822,22862038,1.17680,409.86364,0
1507295820,22862033,1.17680,362.59147,0
1507295728,22861971,1.17680,334.65411,0
1507295726,22861964,1.17680,334.06192,0
1507295723,22861954,1.17680,333.89231,0
1507295709,22861912,1.17680,107.53407,0
1507295706,22861903,1.17679,333.67282,0
1507295703,22861866,1.17679,333.50321,0
1507295699,22861857,1.17679,333.33360,0
1507295697,22861853,1.17679,60.62144,0
1507295696,22861850,1.17257,408.97540,1
1507295696,22861849,1.17258,553.36460,1
1507295695,22861847,1.17680,962.34000,0
1507295695,22861846,1.17258,26.63540,1
1507295693,22861843,1.17680,320.47062,0
1507295693,22861842,1.17678,12.66344,0
1507295691,22861836,1.17677,332.96445,0
1507295688,22861828,1.17677,15.31087,0
1507295647,22861795,1.17675,15.32119,0
1507295644,22861782,1.17677,15.32870,0
1507295639,22861777,1.17678,166.56211,0
1507295638,22861776,1.17678,144.77897,0
1507295638,22861769,1.17662,536.31452,0
1507295550,22861715,1.17257,110.30999,1
1507295031,22861352,1.17257,100.00000,1
1507294909,22861152,1.17257,1058.45703,1
1507294901,22861130,1.17257,1057.82244,1
1507294900,22861126,1.17257,465.26577,1
1507294895,22861116,1.17257,261.86000,1
1507294893,22861113,1.17260,28.00000,0
1507294892,22861112,1.17260,273.28500,1
1507294892,22861111,1.17260,317.55795,1
1507294884,22861082,1.17261,51.39059,1
1507294804,22860880,1.17261,101.47849,1
1507294762,22860824,1.17260,78.76678,1
1507294762,22860823,1.17263,253.17386,1
1507294762,22860821,1.17260,83.83298,1
1507294761,22860820,1.17260,260.00000,1
1507294761,22860816,1.17261,95.67150,0
1507294760,22860810,1.17260,211.66009,1
1507294760,22860807,1.17261,53.93327,0
1507294759,22860804,1.17260,236.27271,1
1507294759,22860800,1.17260,162.71391,1
1507294756,22860792,1.17261,176.16702,1
1507294756,22860790,1.17261,83.83298,1
1507293926,22860258,1.17261,390.00000,1
1507293907,22860244,1.17692,59.86694,0
1507293904,22860239,1.17692,59.80775,0
1507293755,22860145,1.17261,80.00000,1
1507293741,22860130,1.17692,190.21448,0
1507293681,22860102,1.17258,388.49099,0
1507293681,22860100,1.17257,485.40328,1
1507293681,22860097,1.17258,77.49699,0
1507293680,22860096,1.17258,22.94440,0
1507293679,22860093,1.17258,62.77505,0
1507293678,22860082,1.17259,185.73261,1
1507293678,22860080,1.17259,457.05479,1
1507293678,22860079,1.17259,17.21260,1
1507293676,22860064,1.17258,392.94521,1
1507292622,22859434,1.17272,80.00000,1
1507292506,22859368,1.17692,96.04209,0
1507292147,22859249,1.17693,26.61392,0
1507292145,22859246,1.17692,1460.00000,0
1507292110,22859229,1.17692,55.08019,0
1507291355,22858852,1.17257,299.91000,1
1507291317,22858837,1.17258,90.00000,1
1507290334,22858415,1.17265,109.29919,1
1507290287,22858360,1.17258,80.00000,1
1507289310,22857861,1.17273,224.75170,1
1507289309,22857859,1.17273,226.35899,1
1507288645,22857534,1.17257,200.00000,1
1507288090,22857221,1.17698,45.10811,0
1507288003,22857169,1.17254,289.78499,0
1507288001,22857167,1.17254,1009.35350,0
1507287998,22857165,1.17255,510.00000,1
1507287994,22857160,1.17254,199.15519,1
1507287766,22857070,1.17252,8521.28514,1
1507287766,22857069,1.17253,3488.79268,1
1507287765,22857068,1.17256,2000.00000,0
1507287764,22857067,1.17256,990.00000,1
1507287742,22857059,1.17698,100.33049,0
1507287718,22857025,1.17698,214.64481,0
1507287712,22856986,1.17698,118.23827,0
1507287672,22856950,1.17256,50.00000,1
1507287641,22856934,1.17253,675.11092,1
1507287641,22856933,1.17260,78.99927,1
1507287641,22856932,1.17260,1445.88981,1
1507287639,22856931,1.17261,1580.00000,1
1507286514,22856210,1.17700,1445.88981,0
1507286514,22856209,1.17698,263.98200,0
1507286514,22856208,1.17697,920.00000,0
1507286510,22856205,1.17699,15.30546,0
1507286509,22856202,1.17699,67.61788,0
1507286481,22856180,1.17296,60.00000,1
1507286422,22856160,1.17270,118.91143,1
1507285868,22855812,1.17699,76.51788,0
1507285859,22855804,1.17700,15.49411,0
1507285859,22855803,1.17698,0.12287,0
1507285859,22855801,1.17698,24.45077,0
1507285491,22855578,1.17266,50.00000,1
1507285221,22855446,1.17254,296.88160,1
1507285178,22855421,1.17699,187.76710,0
1507285123,22855378,1.17476,43.53525,1
1507284637,22855009,1.17474,1791.40451,0
1507284636,22855008,1.17474,208.59549,0
1507284587,22854974,1.17749,30.52000,0
1507284540,22854935,1.17749,181.22227,0
1507284536,22854933,1.17748,30.48000,0
1507284536,22854932,1.17748,211.56936,0
1507284482,22854863,1.17253,5916.34769,1
1507284482,22854861,1.17253,9982.68701,1
1507284482,22854860,1.17253,1350.48411,1
1507284482,22854859,1.17253,155.17000,0
1507284482,22854858,1.17266,15.30901,1
1507284482,22854857,1.17266,15.31665,1
1507284481,22854856,1.17266,8.29249,1
1507284481,22854855,1.17266,508.98655,1
1507284481,22854854,1.17266,92.02550,1
1507284481,22854853,1.17266,92.17714,1
1507284481,22854852,1.17266,211.58175,1
1507284481,22854851,1.17266,6.91573,1
1507284480,22854850,1.17266,1150.31368,1
1507284480,22854849,1.17266,3386.57751,1
1507284480,22854848,1.17266,249.61133,1
1507284480,22854847,1.17266,2570.36604,1
1507284480,22854846,1.17266,532.66000,1
1507284480,22854845,1.17266,1438.53364,1
1507284480,22854844,1.17266,20.37814,1
1507284480,22854843,1.17266,1129.04186,1
1507284480,22854842,1.17266,532.54000,1
1507284480,22854841,1.17266,1437.71939,1
1507284479,22854840,1.17266,1149.15000,1
1507284479,22854839,1.17266,461.96348,1
1507284479,22854838,1.17266,294.58527,1
1507284479,22854837,1.17267,1654.34853,1
1507284479,22854836,1.17282,1910.00000,0
1507284477,22854831,1.17702,952.91750,1
1507284428,22854803,1.17702,80.56357,1
1507284381,22854773,1.17702,97.55066,1
1507284233,22854629,1.17750,15.30901,0
1507284229,22854625,1.17750,15.31665,0
1507284228,22854623,1.17750,8.29249,0
1507284223,22854617,1.17703,441.98907,1
1507284186,22854581,1.17750,508.98655,0
1507284183,22854568,1.17749,6077.62409,0
1507284087,22854417,1.17702,90.00000,1
1507284071,22854388,1.17749,326.75362,0
1507284068,22854379,1.17749,61.26510,0
1507283892,22854169,1.17749,505.35000,0
1507283720,22854044,1.17747,102.78532,1
1507283719,22854042,1.17749,328.28782,0
1507283543,22853903,1.17749,92.17786,0
1507283540,22853900,1.17750,92.02550,0
1507283539,22853899,1.17750,92.17714,0
1507283539,22853897,1.17725,0.00072,0
1507283288,22853731,1.17725,403.86000,0
1507283265,22853696,1.17723,100.32955,0
1507283263,22853695,1.17725,596.13928,0
1507283262,22853694,1.17725,211.58175,0
1507283254,22853689,1.17725,6.91573,0
1507283253,22853687,1.17725,1150.31368,0
1507283253,22853685,1.17725,3386.57751,0
1507283249,22853665,1.17725,249.61133,0
1507283136,22853565,1.17700,2570.36604,0
1507283135,22853561,1.17700,532.66000,0
1507283134,22853557,1.17700,1438.53364,0
1507283133,22853553,1.17700,20.37814,0
1507283132,22853552,1.17700,1129.04186,0
1507283131,22853547,1.17700,532.54000,0
1507283131,22853544,1.17700,1437.71939,0
1507283130,22853540,1.17700,1149.15000,0
1507283017,22853400,1.17700,461.96348,0
1507283015,22853398,1.17700,294.58527,0
1507283014,22853393,1.17699,280.00000,0
1507283012,22853389,1.17699,449.53159,0
1507282892,22853265,1.17258,100.00000,1
1507282215,22852849,1.17698,819.76692,0
1507282211,22852844,1.17699,819.43200,0
1507282208,22852842,1.17699,819.09897,0
1507282016,22852634,1.17699,137.33335,0
1507282016,22852633,1.17699,137.37794,0
1507281687,22852389,1.17256,100.00000,1
1507281681,22852386,1.17254,100.00000,1
1507280393,22851720,1.17699,151.83448,0
1507280060,22851530,1.17699,476.30355,0
1507280007,22851500,1.17253,298.42000,1
1507279720,22851358,1.17253,128.04805,1
1507279717,22851356,1.17253,168.84879,1
1507279546,22851283,1.17253,30.26789,1
1507279546,22851282,1.17254,6092.29245,1
1507279483,22851201,1.17254,106.20220,1
1507279473,22851197,1.17254,49.15556,1
1507279142,22851054,1.17742,573.60778,1
1507279140,22851052,1.17498,70.40754,0
1507278761,22850927,1.17251,3271.44604,1
1507278761,22850926,1.17255,10951.35309,1
1507278761,22850924,1.17275,5000.00000,1
1507278760,22850923,1.17276,1299.79007,1
1507278760,22850922,1.17299,25.23511,1
1507278760,22850921,1.17300,192.51000,1
1507278760,22850920,1.17324,179.97568,1
1507278759,22850919,1.17375,3080.40001,1
1507278759,22850918,1.17400,2000.00000,1
1507278759,22850917,1.17425,2000.00000,1
1507278757,22850915,1.17450,2000.00000,1
1507278552,22850848,1.17500,697.14553,1
1507278552,22850846,1.17500,132.07999,1
1507278550,22850842,1.17500,402.68086,1
1507278549,22850838,1.17500,768.09362,1
1507278316,22850680,1.17376,13.23504,1
1507277934,22850417,1.17376,5.52841,1
1507277697,22850345,1.17376,986.69975,1
1507277676,22850313,1.17376,142.71999,1
1507277506,22850271,1.17377,90.00000,1
1507277365,22850209,1.17377,146.14837,0
1507277362,22850204,1.17377,146.14837,1
1507277335,22850189,1.17377,142.97199,1
1507277298,22850165,1.17377,109.54960,1
1507277296,22850162,1.17377,109.59917,1
1507277295,22850159,1.17377,388.89393,1
1507277253,22850117,1.17381,603.46658,0
1507276891,22849833,1.17377,80.00000,1
1507276749,22849730,1.17386,50.00000,1
1507276579,22849592,1.17463,131.83081,0
1507276579,22849591,1.17462,17.26977,0
1507276561,22849560,1.17462,664.62638,0
1507276556,22849530,1.17462,550.83059,0
1507276545,22849518,1.17462,1309.31080,0
1507276531,22849506,1.17462,390.04245,0
1507276531,22849505,1.17462,489.64999,0
1507276412,22849445,1.17375,107.62301,1
1507276275,22849335,1.17375,236.17814,1
1507276273,22849332,1.17375,949.26428,1
1507276271,22849323,1.17375,234.97327,1
1507276270,22849317,1.17375,391.56129,1
1507276243,22849289,1.17376,112.20286,1
1507276024,22849180,1.17464,218.13348,1
1507276024,22849176,1.17464,112.66997,1
1507276022,22849172,1.17465,149.26441,1
1507276022,22849169,1.17465,310.73559,1
1507275956,22849135,1.17465,297.19999,1
1507275720,22849036,1.17465,9.99200,1
1507275716,22849024,1.17465,12.95605,1
1507275695,22849012,1.17465,934.31236,1
1507275571,22848883,1.17996,15.13217,0
1507275023,22848485,1.17465,452.35473,1
1507275023,22848483,1.17465,243.62635,1
1507275022,22848481,1.17465,223.68463,1
1507274507,22848124,1.17998,16.90000,0
1507274465,22848086,1.17465,60.00000,1
1507274343,22848001,1.17465,60.00000,1
1507273832,22847679,1.17462,0.00362,0
1507273831,22847676,1.17462,218.53000,0
1507273315,22847145,1.17379,80.00000,0
1507272804,22846780,1.17998,14.63962,1
1507272803,22846779,1.17998,190.71971,0
1507272803,22846778,1.17998,324.65791,0
1507272803,22846774,1.17998,675.34209,0
1507270869,22845118,1.17401,60.00000,1
1507269674,22844632,1.17998,383.03517,1
1507269674,22844630,1.17998,79.82260,1
1507269661,22844597,1.17998,790.74295,1
1507269660,22844585,1.17999,275.61698,0
1507269656,22844552,1.17999,93.37680,0
1507269656,22844548,1.17999,5135.59205,0
1507269656,22844545,1.17998,873.74920,0
1507269633,22844489,1.17998,962.08035,0
1507269529,22844296,1.17999,114.43858,0
1507269529,22844295,1.17938,5.28924,0
1507269529,22844294,1.17873,4.03320,0
1507269419,22844150,1.17873,4642.72680,0
1507269335,22844083,1.17873,353.24000,0
1507269129,22843826,1.17872,868.83676,0
1507269129,22843824,1.17859,0.95731,0
1507269093,22843782,1.17859,999.04269,0
1507268402,22843423,1.17859,80.27389,0
1507268204,22843349,1.17859,520.45781,0
1507268204,22843348,1.17858,80.00000,0
1507268200,22843341,1.17858,159.86212,0
1507268197,22843333,1.17858,309.73290,0
1507268186,22843331,1.17859,399.19128,0
1507268185,22843328,1.17858,600.00000,0
1507268180,22843316,1.17858,136.35093,0
1507268176,22843310,1.17858,369.69564,0
1507268172,22843305,1.17858,1668.43068,0
1507268165,22843294,1.17852,3666.79173,0
1507268159,22843289,1.17831,634.75486,0
1507268150,22843274,1.17838,3051.07496,0
1507267832,22843001,1.17324,81.99516,1
1507267832,22842999,1.17324,97.22261,1
1507267712,22842966,1.17324,125.83912,1
1507267711,22842963,1.17324,125.92479,1
1507267535,22842917,1.17324,1091.65509,1
1507267288,22842878,1.17324,67.17828,1
1507266757,22842678,1.17324,581.84174,1
1507266670,22842646,1.17324,438.82052,1
1507266668,22842644,1.17324,355.48178,1
1507266666,22842643,1.17324,99.84317,1
1507266521,22842605,1.17324,100.80632,1
1507266520,22842599,1.17324,564.38587,1
1507266520,22842595,1.17324,1070.18172,1
1507266071,22842460,1.17324,18.84815,1
1507266071,22842459,1.17331,31.15185,1
1507264735,22842128,1.17331,88.13933,1
1507264735,22842126,1.17331,149.53733,1
1507263812,22841933,1.17331,31.17149,1
1507263812,22841932,1.17373,18.82851,1
1507263204,22841836,1.17373,50.00000,1
1507263140,22841826,1.17373,127.11053,1
1507263136,22841819,1.17373,126.95830,1
1507262234,22841607,1.17373,50.00000,1
1507260684,22841212,1.17373,191.46087,1
1507260684,22841209,1.17373,191.55238,1
1507260431,22841177,1.17373,2041.01099,1
1507255956,22840405,1.17374,60.00000,1
1507253099,22839800,1.17374,50.00000,1
1507251825,22839478,1.17373,50.00000,1
1507250951,22839264,1.17373,203.48645,1
1507250947,22839262,1.17373,147.31973,1
1507250778,22839147,1.17373,754.42070,1
1507250778,22839143,1.17373,17.16738,1
1507250494,22839001,1.17373,60.00000,1
1507249987,22838814,1.17373,469.78519,1
1507249980,22838789,1.17373,500.89897,1
1507249945,22838777,1.17374,51.85359,1
1507249905,22838761,1.17380,130.00000,0
1507249905,22838760,1.17380,93.16122,1
1507249904,22838759,1.17380,176.77468,1
1507249904,22838758,1.17381,0.00212,1
1507249903,22838757,1.17381,249.99788,1
1507249894,22838754,1.17380,15.03205,1
1507249892,22838749,1.17380,15.03205,1
1507249888,22838746,1.17381,67.74173,1
1507249819,22838711,1.17411,105.14908,1
1507249815,22838700,1.17411,192.21650,1
1507249808,22838678,1.17411,2.63442,1
1507249808,22838677,1.17412,460.00000,1
1507249807,22838676,1.17424,6.27087,1
1507248244,22838304,1.17851,101.09445,0
