date,tid,price,amount,type
1507334422,22887201,0.00005367,6109.28190795,1
1507334421,22887200,0.00005367,1565.50220000,0
1507334414,22887198,0.00005350,381.61800000,1
1507334361,22887182,0.00005350,11203.81271600,1
1507334311,22887158,0.00005350,67903.47106822,1
1507334311,22887157,0.00005351,4118.03093178,1
1507334294,22887156,0.00005350,20041.44941215,1
1507334294,22887155,0.00005351,4550.65478785,1
1507334129,22887115,0.00005351,171.88700000,1
1507334101,22887090,0.00005367,88.76845400,0
1507334099,22887088,0.00005350,2596.82684302,1
1507334099,22887087,0.00005351,1549.35961698,1
1507334055,22887066,0.00005368,202.98948145,0
1507334051,22887062,0.00005370,298.22867784,0
1507334051,22887060,0.00005370,842.08566108,0
1507333987,22887005,0.00005350,86.50519031,1
1507333987,22887003,0.00005350,7167.48539122,1
1507333986,22887001,0.00005350,895.53431163,1
1507333945,22886971,0.00005373,840.78801414,0
1507333943,22886969,0.00005374,203.25203252,0
1507333915,22886965,0.00005350,916.32926852,1
1507333915,22886964,0.00005351,1091.67073148,1
1507333784,22886880,0.00005418,257.41758443,0
1507333782,22886866,0.00005350,4295.49229000,1
1507333781,22886858,0.00005350,1893.72754525,1
1507333781,22886857,0.00005351,650.38195616,1
1507333781,22886856,0.00005352,971.79908103,1
1507333781,22886855,0.00005352,4873.28862456,1
1507333621,22886754,0.00005361,3182.13859354,0
1507333562,22886732,0.00005352,1275.97433700,1
1507333545,22886720,0.00005352,4429.97791900,1
1507333521,22886710,0.00005351,9241.03981100,1
1507333499,22886680,0.00005370,402.03873370,0
1507333443,22886652,0.00005351,15072.57823284,1
1507333443,22886651,0.00005352,983.49984816,1
1507333308,22886605,0.00005367,10501.47307620,0
1507333295,22886598,0.00005351,36.00000000,1
1507333293,22886597,0.00005355,80.00000000,1
1507333249,22886572,0.00005365,105.45220695,0
1507333249,22886571,0.00005365,73.81654486,0
1507333249,22886570,0.00005365,51.67158141,0
1507333248,22886569,0.00005365,202.46640898,0
1507333238,22886563,0.00005367,140.87426249,0
1507333238,22886562,0.00005367,552.18111541,0
1507333238,22886561,0.00005367,439.20119513,0
1507333237,22886559,0.00005369,307.44083659,0
1507333237,22886557,0.00005368,215.20858561,0
1507333237,22886555,0.00005368,150.64600993,0
1507333227,22886552,0.00005378,202.46640898,0
1507333227,22886551,0.00005378,552.23193741,0
1507333226,22886549,0.00005383,202.46640898,0
1507333226,22886548,0.00005383,201.77805442,0
1507333226,22886547,0.00005383,619.47994844,0
1507333218,22886545,0.00005360,1808.18429398,0
1507333215,22886542,0.00005364,201.90895742,0
1507333214,22886541,0.00005364,201.90895742,0
1507333196,22886523,0.00005396,201.92748967,0
1507333196,22886522,0.00005396,201.90895742,0
1507333196,22886521,0.00005396,201.92748967,0
1507333191,22886513,0.00005356,990.69071200,1
1507333185,22886492,0.00005413,201.92748967,0
1507333175,22886480,0.00005436,366.45397641,0
1507333175,22886479,0.00005436,384.39669442,0
1507333134,22886446,0.00005380,972.09776951,0
1507333115,22886416,0.00005367,6798.78324107,1
1507333005,22886225,0.00005395,280.00000000,0
1507332795,22886034,0.00005385,202.26165303,0
1507332795,22886033,0.00005385,202.26165303,0
1507332777,22886027,0.00005413,202.42914980,0
1507332760,22886009,0.00005465,2577.69368709,0
1507332756,22886003,0.00005397,202.31745448,0
1507332746,22885991,0.00005405,263.27552325,0
1507332745,22885990,0.00005405,202.65291083,0
1507332745,22885989,0.00005405,202.65291083,0
1507332734,22885975,0.00005414,203.10192024,0
1507332549,22885795,0.00005399,17254.96999444,0
1507332547,22885794,0.00005397,1830.91082079,0
1507332547,22885793,0.00005397,1053.76510000,0
1507332234,22885657,0.00005410,1936.22144177,0
1507332139,22885605,0.00005395,209.85659700,1
1507331605,22885233,0.00005417,88.04448600,0
1507331462,22885176,0.00005417,730.95846409,0
1507331433,22885171,0.00005422,1926.74308373,0
1507331431,22885170,0.00005416,1036.04110000,0
1507331262,22885125,0.00005396,3698.96748647,1
1507331260,22885124,0.00005397,8036.33251353,1
1507331074,22885095,0.00005408,400.71671597,0
1507331064,22885089,0.00005408,201.28087832,0
1507331064,22885088,0.00005408,201.26246455,0
1507330777,22884967,0.00005422,1086.46421984,0
1507330656,22884933,0.00005427,3811.91984521,1
1507330655,22884932,0.00005418,416.15181701,0
1507330192,22884814,0.00005421,83.84818299,0
1507330055,22884741,0.00005459,2294.75215240,0
1507330055,22884740,0.00005459,3746.49869343,1
1507330054,22884739,0.00005433,749.29973869,0
1507330054,22884738,0.00005427,8449.09600000,0
1507330054,22884737,0.00005419,3746.49869343,0
1507330052,22884735,0.00005414,1056.23770000,0
1507330014,22884712,0.00005418,635.38205980,0
1507329979,22884688,0.00005418,512.80000000,0
1507329960,22884679,0.00005418,1005.23883352,0
1507329659,22884586,0.00005410,2270.00000000,1
1507329546,22884539,0.00005396,500.00000000,1
1507329437,22884512,0.00005420,388.21771217,0
1507328980,22884307,0.00005425,4103.57732718,0
1507328978,22884304,0.00005424,1052.30530000,0
1507328978,22884303,0.00005424,4038.66152525,0
1507328964,22884301,0.00005425,200.87655223,0
1507328957,22884300,0.00005408,111.00000000,1
1507328682,22884181,0.00005446,993.20253396,0
1507328565,22884121,0.00005413,2149.67770310,1
1507328565,22884120,0.00005413,1850.32229690,1
1507327718,22883765,0.00005469,429.89650758,1
1507327716,22883763,0.00005446,1504.49014562,0
1507327640,22883735,0.00005447,421.12498210,1
1507327508,22883705,0.00005455,3466.48835930,0
1507327506,22883704,0.00005451,443.97002674,0
1507326815,22883508,0.00005415,3379.30990274,1
1507326815,22883507,0.00005416,1018.13880026,1
1507326814,22883506,0.00005419,4103.69399707,0
1507326814,22883505,0.00005419,2753.07248893,1
1507326806,22883500,0.00005453,53.04896387,0
1507326754,22883483,0.00005418,3287.33318798,0
1507326741,22883476,0.00005418,6044.93100000,1
1507326741,22883475,0.00005420,2650.00009202,1
1507326741,22883473,0.00005419,2323.95067158,1
1507326333,22883335,0.00005464,4103.69399707,0
1507326143,22883241,0.00005428,7999.99570200,1
1507326142,22883240,0.00005398,3596.99940446,0
1507326141,22883239,0.00005485,14560.36736554,1
1507326141,22883238,0.00005440,146.16605794,0
1507326141,22883237,0.00005436,730.83028969,0
1507326140,22883236,0.00005426,5813.64258905,1
1507326139,22883235,0.00005426,179.26954588,1
1507326139,22883232,0.00005426,70310.40800000,0
1507326024,22883203,0.00005398,9102.37222200,0
1507326024,22883202,0.00005400,3916.35764500,0
1507326023,22883201,0.00005399,1049.71750000,0
1507325976,22883187,0.00005408,4417.07322485,1
1507325810,22883161,0.00005404,183.00000000,0
1507325527,22883045,0.00005399,184.00000000,0
1507325517,22883043,0.00005399,178.57594400,0
1507325437,22883019,0.00005422,98.71938509,0
1507325436,22883018,0.00005422,166.63284655,0
1507325436,22883017,0.00005422,124.02848323,0
1507325436,22883015,0.00005422,72.16962719,0
1507325435,22883014,0.00005422,217.23016702,0
1507325435,22883013,0.00005422,65.16905011,0
1507324971,22882856,0.00005394,2299.99999971,1
1507324971,22882855,0.00005400,190.00000000,1
1507324971,22882854,0.00005400,957.21463429,1
1507324964,22882850,0.00005400,42.78536571,1
1507324964,22882849,0.00005400,457.56463429,1
1507324914,22882831,0.00005408,106.13295118,0
1507324842,22882800,0.00005409,36.43686448,0
1507324842,22882798,0.00005405,1058.01420000,0
1507324840,22882794,0.00005402,300.00000000,0
1507324685,22882728,0.00005400,457.43536571,1
1507324685,22882727,0.00005405,0.00000029,1
1507324646,22882700,0.00005405,6113.66008100,1
1507324443,22882646,0.00005420,168.22619926,0
1507324441,22882645,0.00005419,1779.00000000,0
1507324288,22882600,0.00005421,135.62755949,0
1507324233,22882591,0.00005416,389.06997784,0
1507324231,22882589,0.00005414,0.23790174,0
1507324038,22882434,0.00005414,857.00000000,0
1507323928,22882394,0.00005431,334.67575032,0
1507323928,22882393,0.00005431,400.00000000,0
1507323821,22882331,0.00005415,4175.93776000,0
1507323819,22882323,0.00005416,4180.11787326,1
1507323819,22882322,0.00005416,86.20689655,1
1507323818,22882313,0.00005416,135.68365650,1
1507323816,22882292,0.00005405,1369.33991871,1
1507323816,22882290,0.00005413,2810.77795455,1
1507323812,22882266,0.00005415,140.71037888,1
1507323515,22882118,0.00005439,348.45762089,0
1507323446,22882086,0.00005435,145.96041174,0
1507323446,22882085,0.00005435,588.17463886,0
1507323210,22881891,0.00005405,3556.19983000,0
1507323210,22881890,0.00005405,14656.02120500,0
1507323210,22881889,0.00005407,1448.50000000,1
1507323210,22881886,0.00005410,1487.39200000,0
1507323208,22881885,0.00005410,230.00000000,1
1507322984,22881806,0.00005426,3201.22255664,0
1507322984,22881805,0.00005426,4131.17764036,0
1507322953,22881793,0.00005430,1446.38955700,0
1507322859,22881692,0.00005420,2468.65452884,1
1507322857,22881681,0.00005420,21157.47988075,1
1507322857,22881680,0.00005421,452.10190421,1
1507322853,22881665,0.00005421,2336.57757642,1
1507322406,22881395,0.00005423,187.00000000,1
1507322375,22881387,0.00005421,2000.00000000,1
1507322200,22881301,0.00005425,20935.58045630,1
1507322200,22881300,0.00005426,10529.27654370,1
1507322199,22881299,0.00005427,9935.14300000,1
1507322195,22881298,0.00005425,11906.84132496,1
1507322195,22881297,0.00005428,114.11301863,1
1507322194,22881296,0.00005434,2407.00000000,1
1507322194,22881295,0.00005435,670.21419246,1
1507322194,22881294,0.00005435,3353.69683566,1
1507322194,22881292,0.00005440,200.00000000,1
1507322192,22881290,0.00005441,180.27473129,1
1507322174,22881284,0.00005457,548.28660436,0
1507322113,22881194,0.00005453,3815.53236750,0
1507321812,22881006,0.00005477,385.52327916,0
1507321812,22881005,0.00005477,246.73603505,0
1507321697,22880971,0.00005454,1273.63912349,1
1507321693,22880966,0.00005454,1306.01175211,1
1507321688,22880965,0.00005454,1190.03856374,1
1507321680,22880962,0.00005485,62.12606344,0
1507321603,22880947,0.00005482,384.80755198,0
1507321480,22880883,0.00005480,384.62791970,0
1507321404,22880844,0.00005456,167.15516206,1
1507321400,22880842,0.00005456,424.46015911,1
1507321395,22880841,0.00005457,397.43785453,1
1507321391,22880837,0.00005457,470.63347460,1
1507321356,22880826,0.00005479,87.23599633,0
1507321261,22880801,0.00005484,452.24270605,0
1507321107,22880765,0.00005483,1920.70983038,0
1507320998,22880736,0.00005475,2274.27872146,0
1507320769,22880643,0.00005481,825.95457033,0
1507320769,22880642,0.00005480,4094.47101727,0
1507320767,22880641,0.00005477,126.34399399,0
1507320457,22880534,0.00005474,443.42071611,0
1507320296,22880465,0.00005447,1957.87580825,1
1507320260,22880439,0.00005449,2538.44599817,1
1507320260,22880438,0.00005450,1000.00000000,1
1507320260,22880437,0.00005465,2113.33817541,1
1507320255,22880422,0.00005465,934.86182459,1
1507320246,22880376,0.00005476,4363.55488199,1
1507320246,22880374,0.00005474,6179.40769049,0
1507320246,22880373,0.00005475,658.72572399,1
1507320245,22880372,0.00005466,341.27427601,0
1507320244,22880371,0.00005470,126.34399399,1
1507320240,22880365,0.00005474,496.89440993,0
1507320199,22880341,0.00005480,91.01332117,0
1507320053,22880288,0.00005484,394.30178701,0
1507319944,22880194,0.00005484,727.57111597,0
1507319881,22880131,0.00005492,1453.03150036,0
1507319817,22880085,0.00005489,271.06995810,0
1507319516,22879963,0.00005494,212.73880597,0
1507319441,22879937,0.00005495,3491.82729754,0
1507319439,22879936,0.00005486,1048.13420000,0
1507319023,22879744,0.00005501,385.30703508,0
1507318906,22879709,0.00005512,161.26632801,0
1507318751,22879657,0.00005524,41438.36622013,0
1507318712,22879618,0.00005531,60.27734586,0
1507318677,22879606,0.00005536,451.00397399,0
1507318518,22879554,0.00005527,4337.47674996,0
1507318518,22879553,0.00005526,3452.42627157,0
1507318427,22879505,0.00005540,900.27635379,0
1507318408,22879503,0.00005522,205.90365809,0
1507318188,22879421,0.00005543,37.88435865,0
1507318138,22879398,0.00005522,884.21674600,1
1507318045,22879374,0.00005546,308.00000000,1
1507317824,22879303,0.00005546,300.00000000,0
1507317780,22879265,0.00005514,6443.24459200,1
1507317767,22879264,0.00005546,1115.60349801,0
1507317575,22879081,0.00005521,2414.76209838,0
1507317340,22878848,0.00005551,334.87641866,0
1507317162,22878767,0.00005524,207.63939174,0
1507317081,22878751,0.00005533,11455.18633653,0
1507316817,22878652,0.00005536,60.21026011,0
1507316497,22878561,0.00005500,60.60439798,1
1507316454,22878534,0.00005502,1377.00000000,1
1507316084,22878413,0.00005518,1911.12359550,0
1507315740,22878224,0.00005536,1441.48283960,0
1507314876,22877794,0.00005511,186.72092179,0
1507314844,22877744,0.00005515,904.26110607,0
1507314685,22877677,0.00005522,5183.40872872,0
1507314683,22877674,0.00005521,12883.75605457,0
1507314661,22877661,0.00005524,1805.76792180,0
1507314478,22877544,0.00005571,379.44336743,0
1507314434,22877536,0.00005541,8538.06136076,1
1507314433,22877535,0.00005519,3849.69343081,0
1507314162,22877425,0.00005520,1487.96721014,0
1507314160,22877421,0.00005517,1042.50640000,0
1507313737,22877166,0.00005507,948.58486017,1
1507313737,22877165,0.00005508,6768.51081730,1
1507313737,22877164,0.00005510,4741.29367853,1
1507313716,22877152,0.00005509,254.01759600,1
1507313714,22877150,0.00005509,1283.24440400,1
1507313604,22877092,0.00005516,442.48042059,0
1507313424,22876995,0.00005541,522.42338927,0
1507313424,22876994,0.00005541,8128.39667000,0
1507313282,22876881,0.00005516,3848.43092820,0
1507313276,22876878,0.00005516,571.03934010,0
1507313003,22876786,0.00005500,2379.00000000,1
1507312886,22876718,0.00005559,1042.50872459,0
1507312823,22876660,0.00005502,5749.39667000,1
1507312712,22876516,0.00005522,1120.52843172,0
1507312630,22876464,0.00005487,3041.10810000,1
1507312435,22876283,0.00005512,123.05950653,0
1507312001,22876019,0.00005557,599.03922980,0
1507311957,22875966,0.00005515,324.47144152,0
1507311956,22875962,0.00005514,117.01741022,0
1507311955,22875950,0.00005505,123.73433947,0
1507311955,22875949,0.00005505,332.22069201,0
1507311910,22875879,0.00005505,1892.44450499,0
1507311897,22875871,0.00005510,1893.96914700,0
1507311840,22875792,0.00005498,5213.46907040,1
1507311840,22875791,0.00005499,14732.05080977,1
1507311778,22875683,0.00005556,17986.62347012,1
1507311778,22875682,0.00005555,9605.25980124,1
1507311777,22875679,0.00005513,1907.50000000,0
1507311475,22875363,0.00005521,937.70277124,0
1507311372,22875125,0.00005495,1907.50000000,0
1507311368,22875119,0.00005495,0.00000023,0
1507311368,22875118,0.00005495,8234.02757077,0
1507311124,22874958,0.00005476,375.52593717,1
1507310939,22874890,0.00005504,470.12863372,0
1507310635,22874725,0.00005502,543.89640131,0
1507310624,22874717,0.00005506,1849.22230294,0
1507310623,22874716,0.00005504,131.42678052,0
1507310191,22874520,0.00005470,0.00000001,0
1507310066,22874484,0.00005470,1588.30116100,0
1507310066,22874483,0.00005470,1071.53221100,0
1507310052,22874477,0.00005470,223.61144200,0
1507310036,22874472,0.00005470,6957.05518599,0
1507310036,22874471,0.00005470,1726.50000000,1
1507309871,22874379,0.00005501,1474.28231230,0
1507309605,22874195,0.00005499,1033.51763870,1
1507309406,22874127,0.00005523,1083.65688937,0
1507309379,22874117,0.00005501,3000.00000000,1
1507309250,22874055,0.00005512,2175.50000000,1
1507309164,22874009,0.00005541,123.08247608,0
1507309147,22874001,0.00005552,323.10338616,0
1507309003,22873938,0.00005512,145.77648766,0
1507308951,22873882,0.00005505,4113.34940498,1
1507308951,22873880,0.00005505,177.57249838,1
1507308899,22873844,0.00005524,5416.32343891,0
1507308883,22873836,0.00005528,270.71237337,0
1507308881,22873835,0.00005527,177.61313204,0
1507308866,22873832,0.00005501,3328.26522311,1
1507308866,22873831,0.00005502,3961.12164485,1
1507308865,22873830,0.00005503,177.61313204,1
1507308614,22873715,0.00005529,3941.94248507,0
1507308596,22873703,0.00005537,1164.69171031,0
1507308582,22873696,0.00005501,3112.79998046,1
1507308582,22873695,0.00005502,987.30001954,1
1507308565,22873688,0.00005500,939.63127183,0
1507308555,22873686,0.00005500,9060.36872817,1
1507308478,22873625,0.00005514,1903.80649256,0
1507308476,22873621,0.00005462,122.18348849,1
1507308434,22873603,0.00005514,20299.13578878,0
1507308434,22873602,0.00005514,1996.03704400,1
1507308432,22873600,0.00005505,825.74251651,0
1507308118,22873368,0.00005533,9014.09723477,0
1507307924,22873248,0.00005479,16945.08850829,1
1507307924,22873247,0.00005480,7347.80624571,1
1507307922,22873244,0.00005482,463.72389800,1
1507307905,22873240,0.00005538,1893.16161068,0
1507307477,22872480,0.00005486,420.00000000,0
1507307432,22872402,0.00005472,7038.11745500,1
1507307420,22872387,0.00005475,1481.22763900,1
1507307403,22872382,0.00005476,163.35369000,1
1507307362,22872362,0.00005501,380.31848754,0
1507307327,22872342,0.00005478,493.32999500,1
1507307273,22872294,0.00005545,7626.64046434,1
1507307272,22872293,0.00005545,2369.92381491,1
1507307272,22872290,0.00005545,9455.38915776,0
1507307233,22872252,0.00005501,503.97654971,0
1507307205,22872224,0.00005501,9229.96513528,0
1507307173,22872156,0.00005507,198.25177976,0
1507307149,22872124,0.00005532,12154.08966015,1
1507307149,22872123,0.00005532,11952.50319205,1
1507307147,22872122,0.00005488,4590.68832208,0
1507307135,22872113,0.00005487,3852.35848368,0
1507307133,22872112,0.00005487,539.08355795,0
1507307123,22872099,0.00005490,198.25177976,0
1507307093,22872044,0.00005490,166.37759562,0
1507306956,22871948,0.00005496,572.00673094,0
1507306859,22871855,0.00005445,820.54953974,0
1507306858,22871854,0.00005445,270.79526026,1
1507306851,22871848,0.00005489,808.21133175,0
1507306847,22871839,0.00005445,731.90000000,1
1507306833,22871823,0.00005473,980.63219440,0
1507306814,22871794,0.00005471,148.64168992,0
1507306795,22871772,0.00005473,310.04440848,0
1507306754,22871692,0.00005473,198.10895993,0
1507306716,22871634,0.00005474,198.10895993,0
1507306716,22871633,0.00005474,198.10895993,0
1507306706,22871624,0.00005479,274.13171365,0
1507306706,22871623,0.00005479,201.77799942,0
1507306706,22871622,0.00005484,188.12398272,0
1507306705,22871621,0.00005481,436.21102449,0
1507306705,22871620,0.00005481,198.05545553,0
1507306705,22871619,0.00005479,131.68676629,0
1507306705,22871618,0.00005480,92.18075261,0
1507306705,22871617,0.00005480,321.59482465,0
1507306704,22871616,0.00005468,138.45552765,0
1507306704,22871615,0.00005468,64.52652143,0
1507306676,22871525,0.00005471,198.05545553,0
1507306573,22871410,0.00005486,198.05545553,0
1507306566,22871398,0.00005473,182.25945551,0
1507306521,22871312,0.00005484,11612.71238743,0
1507306518,22871309,0.00005486,160.36420536,1
1507306515,22871308,0.00005517,197.96634572,0
1507306515,22871307,0.00005518,197.96634572,0
1507306468,22871173,0.00005474,320.67329925,1
1507306464,22871172,0.00005485,187.67620708,0
1507306464,22871171,0.00005485,197.96634572,0
1507306436,22871150,0.00005491,962.59000000,0
1507306415,22871138,0.00005477,496.51800000,0
1507306407,22871125,0.00005482,10316.85903292,1
1507306399,22871119,0.00005499,1573.76395708,0
1507306270,22871044,0.00005483,2458.33494619,1
1507306186,22870751,0.00005498,417.24263368,0
1507306175,22870719,0.00005474,2380.55618000,0
1507306104,22870634,0.00005488,194.80251572,0
1507306087,22870617,0.00005489,2358.85521046,1
1507305878,22870420,0.00005508,999.00000000,1
1507305842,22870317,0.00005557,172.49921667,0
1507305804,22870215,0.00005553,156.07859226,1
1507305804,22870214,0.00005574,287.15177610,1
1507305803,22870212,0.00005552,9958.50622407,1
1507305803,22870211,0.00005552,1011.00122000,1
1507305802,22870208,0.00005552,1916.96755054,1
1507305802,22870206,0.00005552,284.00817361,0
1507305751,22870124,0.00005554,146.97893410,0
1507305749,22870123,0.00005506,0.54010766,0
1507305741,22870104,0.00005506,454.90504716,0
1507305741,22870103,0.00005509,542.45588338,1
1507305741,22870101,0.00005518,2709.12824180,1
1507305669,22869963,0.00005553,5756.59211237,0
1507305593,22869860,0.00005579,2319.62538089,0
1507305506,22869680,0.00005525,117.35366516,0
1507305294,22869448,0.00005526,331.87911690,0
1507304822,22868728,0.00005568,374.46461925,0
1507304771,22868699,0.00005537,530.57403656,1
1507304623,22868630,0.00005581,374.17111628,0
1507304603,22868591,0.00005555,2384.48816100,1
1507304602,22868585,0.00005554,2116.81258600,1
1507304577,22868503,0.00005588,1249.46313528,0
1507304408,22868314,0.00005552,10000.00000000,1
1507304385,22868293,0.00005553,191.00000000,1
1507304363,22868277,0.00005589,11252.48595455,0
1507304190,22868163,0.00005572,777.79558506,0
1507304190,22868162,0.00005572,158.87986261,0
1507304190,22868161,0.00005539,240.64766269,1
1507303948,22868037,0.00005530,158.87986261,0
1507303948,22868035,0.00005530,2727.23548110,1
1507303893,22868007,0.00005544,940.68957431,0
1507303641,22867826,0.00005539,8183.32587109,0
1507303623,22867817,0.00005540,1908.58592058,0
1507303550,22867788,0.00005563,938.19737551,0
1507303529,22867778,0.00005537,1217.29792865,0
1507303515,22867773,0.00005537,233.06899042,0
1507303426,22867743,0.00005537,13238.88271993,0
1507303426,22867742,0.00005536,2880.91275107,0
1507303401,22867737,0.00005537,360.75036100,0
1507303325,22867690,0.00005530,3009.93962600,0
1507303193,22867639,0.00005500,914.39100000,0
1507303193,22867638,0.00005514,18923.10900000,1
1507303191,22867637,0.00005517,2162.50000000,1
1507303060,22867586,0.00005535,201.84390244,0
1507303012,22867561,0.00005535,933.97158300,0
1507303011,22867560,0.00005535,3359.85645800,0
1507303010,22867559,0.00005535,5014.12026500,0
1507303010,22867558,0.00005533,2160.93860800,0
1507303001,22867553,0.00005532,216.90000000,0
1507302936,22867494,0.00005546,8.04724125,0
1507302819,22867388,0.00005508,55149.28036509,0
1507302819,22867387,0.00005508,467.57873557,1
1507302819,22867386,0.00005509,2049.66522755,0
1507302818,22867385,0.00005531,2333.47567179,1
1507302764,22867350,0.00005560,375.26816546,0
1507302759,22867346,0.00005559,2049.66522755,0
1507302748,22867342,0.00005454,1379.65369105,0
1507302747,22867341,0.00005455,10542.96257248,0
1507302747,22867340,0.00005519,2551.38860000,1
1507302747,22867338,0.00005523,526.82681247,1
1507302747,22867337,0.00005530,2368.60000000,1
1507302745,22867336,0.00005538,2630.56832400,1
1507302741,22867335,0.00005572,700.50000000,0
1507302729,22867325,0.00005565,48.87762803,0
1507302712,22867312,0.00005574,2137.38900766,0
1507302712,22867311,0.00005574,5561.85336765,1
1507302712,22867310,0.00005567,1600.90000000,0
1507302712,22867309,0.00005565,14430.40000851,1
1507302710,22867303,0.00005530,8584.43146845,0
1507302708,22867301,0.00005530,980.36140400,0
1507302708,22867300,0.00005530,4075.55840700,0
1507302708,22867299,0.00005530,3035.12623000,0
1507302706,22867296,0.00005530,567.08640000,0
1507302705,22867294,0.00005530,865.43609055,0
1507302676,22867282,0.00005539,5561.85336765,1
1507302676,22867281,0.00005540,14438.14663235,1
1507302638,22867262,0.00005581,3981.12309621,0
1507302634,22867258,0.00005576,2111.25000000,0
1507302628,22867257,0.00005577,2176.49796800,1
1507302588,22867191,0.00005577,1118.60000000,1
1507302587,22867190,0.00005577,25893.40406400,1
1507302585,22867188,0.00005577,2176.49796800,1
1507302382,22867020,0.00005550,1133.96018020,0
1507302270,22866897,0.00005550,1965.10594594,0
1507302022,22866770,0.00005550,185.95441441,0
1507302019,22866769,0.00005550,4037.97945945,0
1507302018,22866768,0.00005546,291.60000000,0
1507301875,22866658,0.00005536,4959.52637283,0
1507301875,22866657,0.00005534,6266.37600000,0
1507301874,22866656,0.00005533,8240.84755619,0
1507301827,22866640,0.00005535,377.45438121,0
1507301565,22866477,0.00005522,18064.22002898,0
1507301424,22866411,0.00005533,140.62551960,1
1507301422,22866410,0.00005514,66.90581018,0
1507301284,22866364,0.00005514,1145.97461008,0
1507301217,22866343,0.00005542,37.90581018,0
1507301168,22866320,0.00005512,386.37082728,0
1507301098,22866288,0.00005502,729.14758269,1
1507301096,22866284,0.00005490,237.88694444,0
1507301084,22866241,0.00005490,8710.27897216,0
1507301022,22866124,0.00005495,380.08025477,0
1507300953,22866060,0.00005484,625.87928519,0
1507300830,22865975,0.00005488,40.46209912,1
1507300829,22865973,0.00005486,477.76308008,1
1507300829,22865971,0.00005486,1384.18890000,0
1507300670,22865783,0.00005480,2644.66843065,0
1507300668,22865780,0.00005479,1020.86330011,0
1507300668,22865779,0.00005479,1094.40720000,0
1507300487,22865699,0.00005473,919.47050638,0
1507300395,22865584,0.00005481,881.35103083,1
1507300393,22865575,0.00005479,1019.79550000,0
1507300231,22865409,0.00005477,1919.76227861,0
1507300129,22865353,0.00005490,217.95338674,0
1507300053,22865320,0.00005468,1000.00000000,1
1507300042,22865319,0.00005500,802.34781818,0
1507300034,22865317,0.00005483,1354.40000000,1
1507299872,22865170,0.00005484,681.23591945,1
1507299872,22865168,0.00005487,1314.09669720,1
1507299871,22865166,0.00005487,2090.66215807,1
1507299842,22865151,0.00005504,1353.21784156,0
1507299842,22865150,0.00005503,2161.63635325,0
1507299840,22865147,0.00005499,1017.28660000,0
1507299802,22865116,0.00005483,1930.23228769,1
1507299757,22865083,0.00005494,957.69038951,0
1507299697,22865043,0.00005501,480.55000000,0
1507299605,22864897,0.00005512,2385.50000000,1
1507299568,22864874,0.00005521,5780.04668447,0
1507299568,22864873,0.00005522,6129.36076353,1
1507299533,22864833,0.00005557,402.47691023,1
1507299533,22864832,0.00005557,3583.60370880,1
1507299533,22864831,0.00005546,2374.70000000,0
1507299532,22864830,0.00005545,1189.26506507,0
1507299397,22864747,0.00005536,1937.75951900,0
1507299245,22864659,0.00005498,85.11054359,1
1507299192,22864632,0.00005490,10570.40267555,1
1507299192,22864631,0.00005500,750.00000000,1
1507299192,22864630,0.00005509,1256.00000000,1
1507299192,22864629,0.00005509,3090.62470316,1
1507299192,22864628,0.00005510,6532.30209412,1
1507299166,22864548,0.00005519,1262.47888600,0
1507299166,22864545,0.00005519,4810.06706368,0
1507299166,22864544,0.00005519,83.83283732,0
1507299162,22864541,0.00005513,659.31973000,1
1507299159,22864530,0.00005518,2026.16537020,1
1507299072,22864465,0.00005546,1110.65398485,0
1507298997,22864412,0.00005551,2066.53233652,0
1507298945,22864368,0.00005521,1936.80703800,1
1507298912,22864315,0.00005526,503.05443680,1
1507298886,22864283,0.00005538,823.14969303,0
1507298558,22864137,0.00005506,174.73461404,0
1507298483,22864096,0.00005523,379.66322650,0
1507298439,22864040,0.00005516,1050.52810007,0
1507298402,22863946,0.00005521,1903.67342872,0
1507298249,22863878,0.00005487,1209.45606500,0
1507298230,22863869,0.00005486,2169.94823925,0
1507298098,22863823,0.00005499,7730.06746681,0
1507298010,22863781,0.00005501,719.19505544,0
1507297988,22863774,0.00005501,1946.73859298,0
1507297986,22863773,0.00005500,1679.99836147,0
1507297953,22863738,0.00005496,40.75691411,0
1507297924,22863701,0.00005495,1909.55868971,0
1507297775,22863642,0.00005494,229.36257735,0
1507297625,22863558,0.00005478,500.00000000,0
1507297184,22863123,0.00005482,1898.04086099,0
1507297125,22863088,0.00005482,85.11054359,0
1507297080,22863059,0.00005484,2169.39022611,0
1507297051,22863042,0.00005481,395.15143222,0
1507297007,22862974,0.00005481,383.57598978,0
1507296961,22862945,0.00005481,445.88396278,0
1507296851,22862858,0.00005477,956.28847909,0
1507296804,22862822,0.00005474,1822.26196566,0
1507296673,22862647,0.00005511,1810.20812920,0
1507296626,22862610,0.00005474,63.77913774,0
1507296618,22862608,0.00005478,3866.61628331,1
1507296607,22862603,0.00005460,2860.45290463,0
1507296572,22862561,0.00005446,2934.00657200,1
1507296572,22862560,0.00005450,1215.80000000,1
1507296454,22862495,0.00005437,280.00000000,1
1507296438,22862479,0.00005453,2023.96526965,0
1507296039,22862221,0.00005445,10000.00000000,1
1507295788,22862008,0.00005466,237.24076107,0
1507295764,22862003,0.00005462,1826.26547052,0
1507295573,22861720,0.00005467,1215.71410279,0
1507295504,22861681,0.00005470,9751.61882998,0
1507295266,22861528,0.00005451,51.18326912,0
1507295132,22861470,0.00005447,448.89480447,0
1507294911,22861157,0.00005426,137.15856697,1
1507294593,22860700,0.00005436,4404.64551140,1
1507294591,22860699,0.00005430,2938.59956885,0
1507294503,22860628,0.00005382,8037.75166654,1
1507294503,22860626,0.00005383,6479.56701224,1
1507294503,22860625,0.00005400,4470.00000000,1
1507294503,22860624,0.00005401,10101.75764070,1
1507294503,22860623,0.00005406,14509.34700000,1
1507294503,22860622,0.00005407,2686.02915650,1
1507294503,22860621,0.00005412,2384.00000000,1
1507294442,22860585,0.00005405,8184.44681595,0
1507294442,22860583,0.00005405,161.99724739,0
1507294441,22860582,0.00005411,1862.76919808,0
1507294441,22860581,0.00005411,1861.39344535,1
1507294441,22860580,0.00005413,2929.39329323,1
1507294151,22860436,0.00005463,270.94709866,0
1507294134,22860422,0.00005452,1551.51449009,0
1507294052,22860337,0.00005487,2929.39329323,1
1507294052,22860336,0.00005449,12901.69400000,1
1507294050,22860334,0.00005448,3866.74362132,0
1507293944,22860280,0.00005459,751.45502839,0
1507293939,22860278,0.00005461,1905.10950375,0
1507293848,22860207,0.00005458,2162.76841333,0
1507293677,22860077,0.00005416,8270.18173178,1
1507293677,22860075,0.00005422,74277.03500000,1
1507293677,22860074,0.00005435,12500.00000000,1
1507293677,22860072,0.00005436,12426.06479281,1
1507293671,22860027,0.00005436,214.61691937,1
1507293361,22859872,0.00005472,380.27211257,0
1507293234,22859748,0.00005477,874.46832207,0
1507293229,22859744,0.00005467,1116.72727272,0
1507292409,22859333,0.00005476,637.11157779,0
1507292144,22859245,0.00005468,965.76576576,0
1507292108,22859227,0.00005474,3992.72743880,0
1507292108,22859226,0.00005474,200.00000000,1
1507292108,22859224,0.00005473,4197.61225229,0
1507292106,22859221,0.00005470,2363.50000000,0
1507292042,22859185,0.00005460,2122.98725900,1
1507291820,22859009,0.00005464,0.00000022,0
1507291820,22859007,0.00005464,2321.30000000,1
1507291820,22859006,0.00005467,5338.38840178,1
1507291780,22858978,0.00005495,7478.76524112,1
1507291780,22858976,0.00005495,2074.22829176,0
1507291766,22858970,0.00005498,444.27355401,0
1507291064,22858757,0.00005494,138.08755005,0
1507291064,22858756,0.00005488,154.95201992,0
1507291062,22858754,0.00005484,1033.36440000,0
1507290763,22858638,0.00005489,1399.16196028,0
1507290723,22858622,0.00005479,445.81073188,1
1507290614,22858588,0.00005475,98.33579004,0
1507290474,22858534,0.00005464,3883.92683206,1
1507290474,22858533,0.00005475,134.65234794,1
1507290353,22858427,0.00005476,1113.27404475,1
1507290311,22858370,0.00005484,1134.17860800,1
1507290297,22858363,0.00005477,154.95201992,1
1507290285,22858359,0.00005477,1134.17860800,1
1507290146,22858290,0.00005494,486.88662806,0
1507290145,22858289,0.00005494,730.32994208,0
1507290145,22858288,0.00005494,192.88667014,0
1507290145,22858287,0.00005484,1024.32990000,0
1507290145,22858286,0.00005494,578.65808700,0
1507290145,22858285,0.00005490,867.98713050,0
1507290144,22858284,0.00005490,1291.72353225,0
1507290144,22858283,0.00005484,154.92168525,0
1507290037,22858242,0.00005477,411.64302370,1
1507289932,22858186,0.00005497,471.80571221,0
1507289874,22858162,0.00005483,1251.23192104,0
1507289865,22858160,0.00005485,154.92168525,1
1507289825,22858143,0.00005487,1030.70210000,0
1507289786,22858118,0.00005478,207.38779800,1
1507289785,22858116,0.00005477,135.77143800,1
1507289577,22857993,0.00005485,455.05925250,0
1507289382,22857915,0.00005513,17799.32940322,1
1507289380,22857913,0.00005488,1032.81070000,0
1507289204,22857803,0.00005537,279.15808881,0
1507289185,22857772,0.00005479,1556.67950300,1
1507289185,22857771,0.00005479,1535.90000000,1
1507289088,22857720,0.00005496,302.19195779,0
1507288994,22857684,0.00005550,2163.11915967,0
1507288994,22857683,0.00005484,207.00000000,0
1507288994,22857682,0.00005483,1544.05908481,0
1507288994,22857681,0.00005483,1141.50271471,0
1507288994,22857680,0.00005482,1014.85240000,0
1507288993,22857679,0.00005481,2324.40397860,0
1507288962,22857640,0.00005475,789.89863013,1
1507288938,22857633,0.00005475,885.27304100,1
1507288923,22857621,0.00005475,18027.80120200,1
1507288816,22857568,0.00005456,500.00000000,1
1507288780,22857560,0.00005484,1160.10000000,1
1507288767,22857557,0.00005559,7019.98147148,1
1507288767,22857556,0.00005483,711.17273797,1
1507288766,22857555,0.00005476,1040.51240000,1
1507288765,22857554,0.00005474,7217.71635240,0
1507288765,22857553,0.00005473,3555.86368984,0
1507288627,22857531,0.00005464,615.39587800,0
1507288537,22857494,0.00005445,820.96026119,1
1507288404,22857442,0.00005460,680.58608058,0
1507288385,22857435,0.00005463,583.97272560,0
1507288217,22857306,0.00005461,3856.58476748,0
1507288208,22857297,0.00005466,412.00000000,1
1507288111,22857234,0.00005485,3041.66089334,1
1507288094,22857225,0.00005485,2281.70000000,1
1507288093,22857224,0.00005485,1153.08435000,1
1507288084,22857214,0.00005485,30274.97415300,1
1507288078,22857210,0.00005501,72.53263043,0
1507288024,22857185,0.00005499,25518.73152660,1
1507288024,22857184,0.00005500,9765.65347340,1
1507288019,22857181,0.00005500,913.96624452,1
1507288019,22857180,0.00005501,6612.04983248,1
1507287996,22857161,0.00005499,2564.00000000,1
1507287991,22857156,0.00005500,571.00016100,1
1507287982,22857153,0.00005501,2754.00000000,1
1507287949,22857145,0.00005503,1176.91274000,1
1507287934,22857141,0.00005506,165.97425982,1
1507287842,22857088,0.00005536,324.33363439,0
1507287758,22857065,0.00005520,107.72686504,0
1507287716,22857015,0.00005520,70.20000000,0
1507287714,22857001,0.00005530,1054.25097244,1
1507287714,22856999,0.00005530,314.25822000,1
1507287711,22856978,0.00005530,182.00000000,1
1507287646,22856937,0.00005540,270.08285199,0
1507287571,22856806,0.00005540,306.09386282,0
1507287371,22856731,0.00005562,187.00000000,1
1507287306,22856702,0.00005559,158.27307069,0
1507287250,22856679,0.00005561,130.97104837,0
1507287247,22856678,0.00005563,934.76793097,0
1507287232,22856674,0.00005561,208.70922495,0
1507287231,22856671,0.00005560,165.03346093,0
1507287155,22856648,0.00005538,16.43413007,1
1507287155,22856647,0.00005539,165.03346093,1
1507287155,22856646,0.00005541,1711.30000000,1
1507287153,22856645,0.00005550,1200.00000000,1
1507286870,22856497,0.00005567,1484.26657086,1
1507286870,22856496,0.00005560,2500.00000000,0
1507286868,22856495,0.00005546,453.12071060,0
1507286867,22856494,0.00005546,1395.85928940,0
1507286867,22856493,0.00005542,576.14071060,0
1507286677,22856254,0.00005526,499.50000000,1
1507286330,22856112,0.00005521,551.31764028,1
1507286330,22856111,0.00005521,1887.36381250,1
1507286323,22856103,0.00005521,2438.43627118,1
1507286317,22856093,0.00005521,441.31657292,1
1507286298,22856061,0.00005513,1835.50432038,1
1507286011,22855883,0.00005533,1491.05367793,0
1507285934,22855835,0.00005505,92.00000000,1
1507285645,22855671,0.00005532,179.85394070,0
1507285623,22855662,0.00005536,1000.00000000,0
1507285608,22855656,0.00005539,1980.96551724,0
1507285312,22855517,0.00005522,6025.89550887,0
1507285312,22855516,0.00005520,2500.00000000,0
1507285311,22855515,0.00005519,1106.47709895,0
1507285281,22855505,0.00005519,376.82478709,0
1507284786,22855108,0.00005512,537.67507256,0
1507284784,22855104,0.00005505,213.50325525,0
1507284428,22854807,0.00005487,1056.45158400,1
1507284406,22854798,0.00005485,23103.95521032,1
1507284406,22854796,0.00005487,577.60783450,1
1507284406,22854795,0.00005490,2208.35428493,1
1507284404,22854794,0.00005491,213.50325525,1
1507284335,22854728,0.00005518,4898.76676332,1
1507284333,22854727,0.00005506,213.61445265,0
1507284118,22854500,0.00005489,4402.37728288,0
1507284112,22854481,0.00005489,213.61445265,1
1507284093,22854442,0.00005511,5205.35764834,0
1507284068,22854380,0.00005506,11083.00000000,0
1507284031,22854331,0.00005511,1109.75970464,0
1507284000,22854237,0.00005518,5673.09387459,0
1507284000,22854236,0.00005518,837.44057474,1
1507283997,22854235,0.00005518,144.45946277,0
1507283997,22854234,0.00005505,5000.00000000,0
1507283997,22854233,0.00005504,300.00000000,0
1507283997,22854232,0.00005500,1000.00000000,0
1507283997,22854231,0.00005499,3555.54053723,0
1507283995,22854229,0.00005498,444.40687522,0
1507283987,22854226,0.00005491,147.95088031,1
1507283974,22854221,0.00005492,51.40280620,1
1507283611,22853984,0.00005497,530.00236492,0
1507283611,22853983,0.00005496,2377.10000000,0
1507283544,22853904,0.00005466,1178.00362122,0
1507283315,22853776,0.00005467,825.11564187,0
1507283273,22853707,0.00005486,2236.38625592,0
1507283253,22853684,0.00005484,969.66753078,0
1507283253,22853683,0.00005483,581.29528473,0
1507283252,22853681,0.00005474,2379.70642449,0
1507282904,22853290,0.00005459,119.59311939,0
1507282904,22853286,0.00005459,0.00002954,1
1507282904,22853283,0.00005461,2377.09997046,1
1507282898,22853278,0.00005459,2377.09997046,1
1507282825,22853243,0.00005460,306.00000000,1
1507282805,22853228,0.00005462,677.00000000,0
1507282693,22853156,0.00005477,40.00000000,1
1507282643,22853132,0.00005477,3935.56476498,0
1507282643,22853131,0.00005477,113.76216998,0
1507282643,22853130,0.00005477,148.23029761,0
1507282643,22853129,0.00005477,247.05049601,0
1507282408,22853032,0.00005481,181.99343186,0
1507282399,22853027,0.00005481,181.99343186,0
1507282373,22853005,0.00005476,9108.89097882,0
1507281674,22852385,0.00005465,9837.94675205,0
1507281493,22852320,0.00005469,311.59681843,1
1507281491,22852319,0.00005450,1617.59202925,0
1507281169,22852080,0.00005447,14363.48975637,0
1507281169,22852079,0.00005447,7079.55100000,1
1507281169,22852078,0.00005446,746.53061787,0
1507281167,22852077,0.00005445,8983.18401282,0
1507281126,22852071,0.00005449,448.09120939,0
1507281086,22852053,0.00005433,1960.38512150,1
1507281086,22852052,0.00005442,513.47881900,1
1507281085,22852051,0.00005444,464.50385529,1
1507281068,22852047,0.00005446,123.00000000,0
1507281050,22852042,0.00005444,18493.25292671,1
1507281049,22852041,0.00005445,2156.04407329,1
1507281033,22852040,0.00005449,131.68544687,0
1507281030,22852037,0.00005444,1042.24321800,1
1507280931,22851997,0.00005442,1782.82118100,1
1507280926,22851995,0.00005450,99.85321101,0
1507280926,22851994,0.00005440,1703.70000000,0
1507280892,22851983,0.00005441,456.52600624,0
1507280733,22851880,0.00005452,448.00000000,0
1507279997,22851493,0.00005465,100.32750772,0
1507279970,22851481,0.00005460,100.32750772,0
1507279923,22851453,0.00005462,200.07829489,0
1507279839,22851404,0.00005437,2136.96000000,1
1507279653,22851326,0.00005437,1387.00180444,1
1507279598,22851318,0.00005437,855.01014073,0
1507278990,22850994,0.00005437,308.68107412,0
1507278988,22850993,0.00005436,4462.26319606,0
1507278771,22850938,0.00005399,0.00000037,0
1507278770,22850936,0.00005399,2062.46158000,0
1507278758,22850916,0.00005399,1085.20929801,0
1507278704,22850899,0.00005399,51.08542342,0
1507278704,22850898,0.00005399,150.58292382,0
1507278704,22850897,0.00005399,201.66834724,0
1507278641,22850878,0.00005399,38.52565289,0
1507278514,22850828,0.00005399,54.45929203,0
1507278505,22850826,0.00005399,513.25153670,0
1507278504,22850825,0.00005399,359.27607569,0
1507278504,22850824,0.00005399,82.24681397,0
1507278504,22850823,0.00005399,226.81920879,0
1507278504,22850822,0.00005399,158.77344615,0
1507278504,22850821,0.00005399,111.14141231,0
1507278504,22850820,0.00005399,77.79898861,0
1507278360,22850718,0.00005404,90.00505398,0
1507278357,22850711,0.00005404,2288.89435906,0
1507278323,22850688,0.00005393,1428.30000000,0
1507278323,22850687,0.00005393,1871.46469416,0
1507278314,22850673,0.00005393,1987.88582340,1
1507278277,22850636,0.00005425,1195.16866359,0
1507278179,22850571,0.00005426,83.70000000,1
1507278126,22850512,0.00005412,4500.00000000,1
1507278118,22850507,0.00005414,0.00000021,1
1507278117,22850506,0.00005414,458.49557302,1
1507278117,22850505,0.00005414,2292.56997598,1
1507278116,22850504,0.00005426,570.00000000,1
1507278116,22850503,0.00005429,582.77553459,1
1507278048,22850484,0.00005470,1002.92504570,1
1507277952,22850424,0.00005449,1141.49403560,0
1507277886,22850406,0.00005456,146.26173021,0
1507277690,22850328,0.00005457,135.00000000,0
1507277655,22850302,0.00005468,269.01975128,0
1507277443,22850250,0.00005466,19000.00000000,1
1507277224,22850100,0.00005454,3382.47323065,1
1507277223,22850098,0.00005454,9886.68400000,0
1507277140,22850036,0.00005443,1832.48760595,0
1507277094,22849989,0.00005445,405.36244541,0
1507277091,22849987,0.00005420,1283.43557021,0
1507277005,22849917,0.00005399,413.56888044,0
1507276974,22849875,0.00005399,2279.06044798,0
1507276974,22849874,0.00005399,1443.05947589,0
1507276777,22849753,0.00005389,629.24670748,0
1507276438,22849454,0.00005358,1031.60339679,0
1507276275,22849337,0.00005354,1893.83858476,0
1507276258,22849301,0.00005355,3917.15070028,0
1507276218,22849282,0.00005360,820.96026119,0
1507276109,22849230,0.00005369,1623.43676662,1
1507276109,22849229,0.00005363,1778.02406467,0
1507276107,22849227,0.00005356,597.91011874,0
1507275439,22848773,0.00005324,2990.86356100,1
1507275298,22848692,0.00005335,430.31190253,1
1507275296,22848691,0.00005333,3504.01011839,0
1507275289,22848687,0.00005333,3937.74610913,0
1507275287,22848686,0.00005330,1145.14915572,0
1507275128,22848575,0.00005286,400.75791144,1
1507274626,22848194,0.00005286,450.16901832,0
1507274626,22848193,0.00005288,1401.30000000,1
1507274626,22848192,0.00005288,599.43267774,1
1507274626,22848191,0.00005289,10712.78700000,1
1507274624,22848190,0.00005290,586.31130394,1
1507274418,22848058,0.00005304,460.19079939,0
1507273929,22847756,0.00005325,3488.76150234,1
1507273928,22847753,0.00005300,1200.00000000,0
1507273755,22847621,0.00005300,1200.00000000,1
1507273623,22847515,0.00005321,77.46213117,0
1507273584,22847448,0.00005321,496.14145710,0
1507273166,22847053,0.00005317,1198.57535957,0
1507273143,22847039,0.00005317,375.75772300,0
1507273116,22847029,0.00005317,2525.15365807,0
1507273075,22846999,0.00005317,900.51325936,0
1507273064,22846991,0.00005316,768.88766010,0
1507272955,22846930,0.00005307,3919.00000000,0
1507272247,22846341,0.00005312,2893.38944137,1
1507272178,22846081,0.00005307,498.99999962,1
1507272176,22846071,0.00005317,0.00000038,1
1507272101,22845882,0.00005317,2000.93278408,1
1507272101,22845880,0.00005318,132.17547492,1
1507271816,22845563,0.00005336,73.65386057,0
1507271737,22845490,0.00005337,934.51958029,0
1507271521,22845345,0.00005318,820.00000020,1
1507271490,22845319,0.00005318,3438.70976100,0
1507271368,22845275,0.00005326,4643.16134085,0
1507271367,22845274,0.00005326,2409.80000000,0
1507271355,22845271,0.00005326,9697.62733700,0
1507271354,22845269,0.00005325,4220.00000000,1
1507271351,22845267,0.00005326,14600.39039546,1
1507271351,22845266,0.00005326,2174.81896492,1
1507270901,22845137,0.00005340,827.49220057,1
1507270860,22845116,0.00005340,237.00000000,1
1507270704,22845050,0.00005366,500.00000000,0
1507270444,22844949,0.00005388,925.67390497,0
1507270311,22844917,0.00005352,4402.33037000,0
1507270297,22844913,0.00005354,2409.80000000,0
1507270124,22844883,0.00005340,551.83420392,1
1507269982,22844789,0.00005356,30617.81179985,0
1507269769,22844711,0.00005357,2539.82546201,0
1507269660,22844584,0.00005367,290.42172285,0
1507269659,22844580,0.00005367,9832.87695684,0
1507269659,22844578,0.00005341,90.00000000,0
1507269659,22844577,0.00005341,8188.34153581,0
1507269657,22844555,0.00005340,6573.55263251,1
1507269656,22844550,0.00005340,3675.65952336,0
1507269656,22844549,0.00005340,85.41010130,0
1507269655,22844543,0.00005340,425.34571000,0
1507269637,22844494,0.00005338,2688.47098457,0
1507269625,22844463,0.00005339,167.70015000,1
1507269610,22844448,0.00005341,3441.11242800,1
1507269593,22844429,0.00005341,558.88757200,1
1507269560,22844348,0.00005353,50.64239029,0
1507269557,22844346,0.00005342,3531.79959652,1
1507269557,22844344,0.00005344,153.10000000,1
1507269547,22844313,0.00005352,50.68759342,1
1507269426,22844178,0.00005362,2150.79376577,0
1507269274,22844009,0.00005366,7451.44539694,0
1507269272,22844008,0.00005361,1930.30000000,0
1507269272,22844006,0.00005361,717.11576142,0
1507269266,22844002,0.00005361,90.28127357,1
1507269255,22843997,0.00005361,852.01872643,1
1507268932,22843636,0.00005381,390.33674038,0
1507268931,22843635,0.00005376,0.00000023,0
1507268654,22843526,0.00005368,2109.28881331,0
1507268653,22843525,0.00005368,202.28025009,0
1507268631,22843523,0.00005368,3710.44445407,1
1507268630,22843522,0.00005369,10542.96257248,1
1507268570,22843517,0.00005376,1018.77529600,0
1507268568,22843516,0.00005376,10250.32470377,1
1507268568,22843515,0.00005380,30.90000000,1
1507268540,22843514,0.00005380,18509.10000000,1
1507268540,22843513,0.00005380,380.00000000,1
1507268540,22843512,0.00005381,2410.90000000,1
1507268494,22843487,0.00005397,547.94520547,0
1507268473,22843474,0.00005397,204.15543378,0
1507268374,22843401,0.00005398,981.00000000,0
1507268297,22843390,0.00005384,3936.27782000,1
1507268145,22843267,0.00005399,100.00000000,0
1507268060,22843177,0.00005414,11338.36091614,0
1507268060,22843175,0.00005413,655.54222322,0
1507268058,22843169,0.00005399,4231.56365894,0
1507267901,22843016,0.00005419,194.09042258,0
1507267901,22843015,0.00005419,9786.75700000,0
1507267751,22842971,0.00005420,814.00000000,0
1507267339,22842889,0.00005436,114.68653421,0
1507267337,22842888,0.00005420,862.21620842,0
1507267335,22842885,0.00005420,1235.21936179,1
1507267329,22842881,0.00005420,2097.43557021,1
1507267218,22842818,0.00005420,1566.34506800,1
1507266914,22842739,0.00005440,195.58455882,0
1507266633,22842631,0.00005438,3605.04689223,1
1507266632,22842630,0.00005438,337.00000000,0
1507266400,22842510,0.00005443,9630.12033804,0
1507266398,22842508,0.00005438,1039.82210000,0
1507266021,22842455,0.00005443,2476.31489000,0
1507265896,22842442,0.00005443,2199.16847327,0
1507265875,22842439,0.00005421,245.00000000,1
1507265823,22842426,0.00005443,20.51258497,0
1507265821,22842425,0.00005438,296.49682418,0
1507265328,22842269,0.00005438,220.09121000,1
1507265323,22842265,0.00005438,516.58803418,1
1507265317,22842262,0.00005438,516.58803418,1
1507264648,22842108,0.00005442,148.00000000,0
1507264632,22842107,0.00005442,4793.17677324,0
1507264506,22842070,0.00005443,723.60000000,0
1507264352,22842020,0.00005439,540.00000000,0
1507264054,22841954,0.00005441,11145.23956221,0
1507264054,22841953,0.00005439,5666.23810734,0
1507263613,22841887,0.00005428,1094.66249078,0
1507263372,22841852,0.00005402,13628.69770098,1
1507263372,22841851,0.00005402,572.80000000,1
1507263372,22841850,0.00005404,4940.33994633,1
1507263371,22841849,0.00005405,858.16235269,0
1507262997,22841795,0.00005431,1244.00000000,0
1507262985,22841794,0.00005411,2585.21506964,1
1507262984,22841793,0.00005412,11422.86700836,1
1507262888,22841774,0.00005432,2754.52743004,0
1507262425,22841676,0.00005411,5905.62591600,1
1507261315,22841403,0.00005432,78.42341678,0
1507261268,22841392,0.00005433,404.67918277,0
1507261267,22841391,0.00005425,400.50000000,0
1507261223,22841385,0.00005424,399.52894542,0
1507261041,22841316,0.00005432,1055.27816642,0
1507261041,22841315,0.00005427,1505.81180000,1
1507261041,22841314,0.00005425,3734.01486129,0
1507261039,22841312,0.00005416,12109.98100000,0
1507261024,22841302,0.00005400,123.94000000,1
1507260925,22841288,0.00005420,780.58321033,0
1507260923,22841287,0.00005419,1198.64380000,0
1507260741,22841252,0.00005400,15124.70063800,1
1507259995,22841093,0.00005425,3945.61105990,0
1507259433,22841040,0.00005415,76.26222950,0
1507259364,22841026,0.00005419,201.33613984,0
1507259334,22841023,0.00005422,143.68589151,0
1507259293,22841017,0.00005410,76.46358595,0
1507259030,22840982,0.00005400,2381.37972600,1
1507258830,22840970,0.00005400,268.77002227,1
1507258830,22840969,0.00005401,133.59446873,1
1507258820,22840965,0.00005401,2140.52462873,1
1507258820,22840964,0.00005402,266.57537127,1
1507258807,22840963,0.00005401,1159.69801400,1
1507258502,22840936,0.00005421,13759.54538100,0
1507258476,22840934,0.00005423,201.33613984,0
1507258466,22840932,0.00005425,549.04831625,0
1507258466,22840931,0.00005425,318.47716665,0
1507258466,22840930,0.00005425,338.00664298,0
1507258465,22840929,0.00005425,236.60465008,0
1507258465,22840928,0.00005425,165.62325506,0
1507258465,22840927,0.00005425,111.15501052,0
1507258465,22840926,0.00005425,82.58977539,0
1507258464,22840925,0.00005423,57.81284277,0
1507258453,22840923,0.00005423,549.04831596,0
1507258453,22840922,0.00005406,0.00000029,0
1507258451,22840921,0.00005406,3619.67615900,0
1507258353,22840896,0.00005404,5745.54872500,1
1507258353,22840895,0.00005405,1970.19744564,1
1507258313,22840891,0.00005408,2407.10000000,1
1507257893,22840818,0.00005425,1840.36866359,0
1507257417,22840751,0.00005423,1949.18642817,0
1507257348,22840702,0.00005445,1086.54453627,1
1507257346,22840701,0.00005413,0.00000007,0
1507257342,22840697,0.00005413,3757.68589500,0
1507257324,22840686,0.00005413,364.03349108,0
1507257308,22840684,0.00005404,483.85127500,1
1507257235,22840675,0.00005404,1293.60000000,1
1507257200,22840660,0.00005422,976.09701217,0
1507257062,22840617,0.00005408,14450.32804142,1
1507256808,22840568,0.00005438,50.00000000,1
1507256753,22840558,0.00005442,957.92576258,0
1507256472,22840512,0.00005446,1425.17903048,0
1507256405,22840510,0.00005447,91.42647328,0
1507256399,22840509,0.00005448,1715.54038179,1
1507256085,22840428,0.00005453,350.30051338,0
1507256070,22840425,0.00005453,661.05501558,0
1507256009,22840409,0.00005453,1115.86062718,0
1507255779,22840364,0.00005453,1000.23579025,0
1507255754,22840361,0.00005454,73.15768243,0
1507255740,22840360,0.00005454,387.50348368,0
1507255434,22840302,0.00005470,386.78427788,0
1507255385,22840295,0.00005470,219.70566727,0
1507255326,22840282,0.00005453,2200.00000000,1
1507255314,22840281,0.00005474,147.22892651,0
1507255218,22840268,0.00005453,142.89578364,1
1507255218,22840267,0.00005455,1544.13365346,1
1507254954,22840203,0.00005475,54.00381575,0
1507254913,22840199,0.00005475,163.83561643,0
1507254850,22840197,0.00005474,546.67848009,0
1507254807,22840193,0.00005455,200.00000000,1
1507254168,22840028,0.00005482,8766.45210900,0
1507253982,22839980,0.00005481,109.20707900,0
1507253870,22839930,0.00005471,2208.68562000,0
1507253691,22839895,0.00005449,54.91851716,0
1507253582,22839880,0.00005448,1776.51046255,1
1507253581,22839879,0.00005438,421.41313459,0
1507253414,22839859,0.00005438,89.73045211,0
1507253414,22839858,0.00005438,110.56088074,0
1507253414,22839857,0.00005438,200.29133285,0
1507253395,22839851,0.00005438,200.29133285,0
1507253374,22839849,0.00005433,200.29133285,0
1507253298,22839842,0.00005428,734.40004706,0
1507253297,22839841,0.00005427,3676.31473428,0
1507253293,22839837,0.00005500,3846.29327272,1
1507253292,22839836,0.00005438,488.39004647,0
1507253292,22839835,0.00005431,2441.95023233,0
1507253290,22839834,0.00005418,1664.60000000,0
1507253235,22839831,0.00005402,403.65825595,1
1507253180,22839809,0.00005423,379.84307578,0
1507252937,22839739,0.00005414,762.45585519,0
1507252713,22839707,0.00005427,248.56366316,0
1507252711,22839706,0.00005406,823.98173105,0
1507252711,22839705,0.00005406,1166.98400492,0
1507252704,22839703,0.00005406,400.00000000,0
1507252655,22839701,0.00005406,570.11598224,0
1507252576,22839688,0.00005406,90.00000000,0
1507252569,22839683,0.00005406,2227.09998716,1
1507252434,22839661,0.00005405,200.00000000,1
1507252418,22839658,0.00005447,391.18230218,0
1507252406,22839655,0.00005461,387.44900201,0
1507252275,22839640,0.00005423,2387.27014567,0
1507252238,22839593,0.00005424,46.67735988,0
1507252236,22839592,0.00005419,1057.73380000,0
1507252164,22839568,0.00005437,1150.41217583,0
1507252162,22839567,0.00005433,1053.56790000,0
1507251870,22839492,0.00005440,1611.72187500,0
1507251643,22839454,0.00005419,645.76342498,0
1507251363,22839379,0.00005415,1000.00000000,0
1507251344,22839378,0.00005420,182.10007273,0
1507251308,22839371,0.00005414,2475.26983800,0
1507251305,22839370,0.00005414,279.09538000,0
1507251303,22839368,0.00005415,124.27056600,0
1507251083,22839339,0.00005421,183.91440693,0
1507250935,22839254,0.00005403,9394.96095661,0
1507250935,22839253,0.00005406,71943.72500000,1
1507250935,22839252,0.00005426,58.69130114,1
1507250893,22839222,0.00005455,148.10743098,0
1507250855,22839205,0.00005432,9962.24696000,0
1507250833,22839183,0.00005433,567.67840750,0
1507250798,22839173,0.00005440,4815.35079282,1
1507250781,22839161,0.00005440,184.64920718,1
1507250781,22839160,0.00005450,10.43467889,1
1507250779,22839153,0.00005450,188.30924208,1
1507250775,22839133,0.00005450,2033.70000000,1
1507250753,22839117,0.00005450,1585.22310300,1
1507250744,22839116,0.00005450,2040.91358306,1
1507250744,22839115,0.00005451,191.97606294,1
1507250731,22839114,0.00005450,9071.89425397,1
1507250731,22839113,0.00005451,383.15927703,1
1507250720,22839109,0.00005450,3413.56180000,1
1507250720,22839108,0.00005451,7598.57721426,1
1507250720,22839107,0.00005454,764.13626130,1
1507250697,22839098,0.00005451,3091.98496083,1
1507250697,22839097,0.00005452,1525.32237117,1
1507250673,22839093,0.00005467,181.72355379,0
1507250660,22839090,0.00005451,6806.29040972,1
1507250660,22839089,0.00005452,3043.46544628,1
1507250616,22839064,0.00005486,2153.27597520,0
1507250614,22839063,0.00005460,8747.38113600,0
1507250608,22839060,0.00005460,1252.61886400,0
1507250586,22839047,0.00005462,600.00000000,0
1507250558,22839032,0.00005490,5030.53734061,1
1507250557,22839031,0.00005490,1523.04140296,1
1507250556,22839030,0.00005490,3350.42145970,0
1507250519,22839015,0.00005484,200.08315098,0
1507250466,22838992,0.00005486,7269.59788552,1
1507250466,22838991,0.00005486,3450.35811555,0
1507250466,22838990,0.00005486,4131.17764010,0
1507250425,22838949,0.00005459,1037.78852671,0
1507250424,22838945,0.00005460,407.91315049,1
1507250084,22838838,0.00005485,10542.96257200,0
1507250014,22838828,0.00005503,1707.87679447,0
1507250012,22838827,0.00005486,2505.23112869,0
1507249983,22838796,0.00005486,2270.00136000,0
1507249572,22838550,0.00005485,1138.66330999,1
1507249572,22838549,0.00005499,93.84433533,1
1507249523,22838529,0.00005505,7144.71890463,1
1507249311,22838490,0.00005505,523.55579638,0
1507249311,22838489,0.00005505,2618.30929142,1
1507249284,22838482,0.00005505,3436.84421884,1
1507249270,22838476,0.00005502,100.00000000,1
1507249269,22838475,0.00005505,325.93660308,0
1507249262,22838474,0.00005505,1255.72951861,0
1507249260,22838473,0.00005505,516.16389378,1
1507249259,22838472,0.00005505,2586.94375727,1
1507249259,22838471,0.00005506,1949.68573186,1
1507249231,22838466,0.00005505,2858.70848292,0
1507249145,22838446,0.00005524,9858.80666183,0
1507249058,22838427,0.00005517,1084.83541780,0
1507248896,22838409,0.00005505,10000.00000000,1
1507248882,22838406,0.00005505,10000.00000000,1
1507248777,22838397,0.00005522,679.82741760,0
1507248712,22838392,0.00005521,963.10432892,0
1507248691,22838390,0.00005523,3285.29893173,0
1507248690,22838389,0.00005519,3117.95564999,1
1507248689,22838388,0.00005519,14247.96158791,0
1507248413,22838365,0.00005520,2127.18253121,1
1507248392,22838336,0.00005520,500.00000000,1
1507248375,22838332,0.00005520,2475.00000000,1
1507248318,22838313,0.00005520,13213.15265600,1
1507248281,22838309,0.00005520,4104.66481279,1
1507248178,22838291,0.00005521,970.00000000,1
